<TICKER>,<PER>,<DTYYYYMMDD>,<TIME>,<CLOSE>,<VOLUME>
BUX1112,0,20110118,090004,23101,1
BUX1112,0,20110118,090004,23101,6
BUX1112,0,20110118,090004,23101,1
BUX1112,0,20110118,090004,23101,2
BUX1112,0,20110118,090004,23101,5
BUX1112,0,20110118,090004,23101,2
BUX1112,0,20110118,090004,23101,7
ECONET,0,20110118,090046,89,10000
FOTEX,0,20110118,090046,389,1
KEG,0,20110118,090046,134,100
MOL,0,20110118,090046,22190,15
MOL,0,20110118,090046,22190,28
MOL,0,20110118,090046,22190,7
MOL,0,20110118,090046,22190,50
MOL,0,20110118,090046,22190,25
MOL,0,20110118,090046,22190,17
MOL,0,20110118,090046,22190,8
MOL,0,20110118,090046,22190,42
MOL,0,20110118,090046,22190,58
MOL,0,20110118,090046,22190,10
MOL,0,20110118,090046,22190,14
MOL,0,20110118,090046,22190,118
MOL,0,20110118,090046,22190,50
MOL,0,20110118,090046,22190,47
MOL,0,20110118,090046,22190,60
MOL,0,20110118,090046,22190,5
MOL,0,20110118,090046,22190,50
MOL,0,20110118,090046,22190,10
MOL,0,20110118,090046,22190,5
MOL,0,20110118,090046,22190,50
MOL,0,20110118,090046,22190,6
MOL,0,20110118,090046,22190,100
MOL,0,20110118,090046,22190,200
MOL,0,20110118,090046,22190,75
MOL,0,20110118,090046,22190,40
MOL,0,20110118,090046,22190,184
MTELEKOM,0,20110118,090046,545,400
MTELEKOM,0,20110118,090046,545,100
MTELEKOM,0,20110118,090046,545,500
ORC,0,20110118,090046,1995,10
OTP,0,20110118,090046,5395,20
OTP,0,20110118,090046,5395,1
OTP,0,20110118,090046,5395,30
OTP,0,20110118,090046,5395,11
OTP,0,20110118,090046,5395,300
OTP,0,20110118,090046,5395,334
OTP,0,20110118,090046,5395,1000
OTP,0,20110118,090046,5395,1337
OTP,0,20110118,090046,5395,50
OTP,0,20110118,090046,5395,800
OTP,0,20110118,090046,5395,400
OTP,0,20110118,090046,5395,1000
OTP,0,20110118,090046,5395,79
OTP,0,20110118,090046,5395,421
OTP,0,20110118,090046,5395,579
OTP,0,20110118,090046,5395,421
OTP,0,20110118,090046,5395,50
OTP,0,20110118,090046,5395,100
OTP,0,20110118,090046,5395,20
OTP,0,20110118,090046,5395,909
OTP,0,20110118,090046,5395,600
OTP,0,20110118,090046,5395,600
OTP,0,20110118,090046,5395,500
RABA,0,20110118,090046,842,20
RICHTER,0,20110118,090046,42860,14
SYNERGON,0,20110118,090046,520,208
SYNERGON,0,20110118,090046,520,190
ZWACK,0,20110118,090046,13000,5
ZWACK,0,20110118,090046,13000,2
OTP,0,20110118,090200,5395,2391
OTP,0,20110118,090200,5399,50
OTP,0,20110118,090200,5399,200
OTP,0,20110118,090200,5400,220
OTP,0,20110118,090200,5400,113
OTP,0,20110118,090200,5400,250
OTP,0,20110118,090200,5400,130
OTP,0,20110118,090200,5400,200
OTP,0,20110118,090200,5400,49
OTP,0,20110118,090200,5400,180
OTP,0,20110118,090200,5400,358
OTP,0,20110118,090200,5400,222
OTP,0,20110118,090200,5400,50
OTP,0,20110118,090200,5400,650
OTP,0,20110118,090200,5400,600
OTP,0,20110118,090200,5400,10
OTP,0,20110118,090200,5400,18
OTP,0,20110118,090200,5400,15
OTP,0,20110118,090200,5400,14
OTP,0,20110118,090200,5400,20
OTP,0,20110118,090200,5400,10
OTP,0,20110118,090200,5400,560
OTP,0,20110118,090200,5400,20
OTP,0,20110118,090200,5400,97
OTP,0,20110118,090200,5400,20
OTP,0,20110118,090200,5407,118
OTP,0,20110118,090200,5409,45
OTP,0,20110118,090200,5410,85
OTP,0,20110118,090200,5410,195
OTP,0,20110118,090200,5410,25
OTP,0,20110118,090200,5410,10
OTP,0,20110118,090200,5420,250
OTP,0,20110118,090200,5420,2640
OTP,0,20110118,090200,5420,185
OTP,0,20110118,090204,5395,100
OTP,0,20110118,090204,5390,20
OTP,0,20110118,090204,5390,80
RICHTER,0,20110118,090205,43000,7
RICHTER,0,20110118,090205,43000,18
RICHTER,0,20110118,090205,43000,3
RICHTER,0,20110118,090205,43000,5
RICHTER,0,20110118,090205,43000,7
RICHTER,0,20110118,090205,43000,55
ORC,0,20110118,090207,1995,10
BUX1112,0,20110118,090209,23120,2
OTP,0,20110118,090213,5400,700
BUX1112,0,20110118,090223,23128,1
SYNERGON,0,20110118,090226,520,2
SYNERGON,0,20110118,090226,525,100
SYNERGON,0,20110118,090226,528,48
OTP,0,20110118,090227,5405,1000
BUX1112,0,20110118,090228,23130,1
BUX1112,0,20110118,090228,23134,2
OTP,0,20110118,090230,5410,5000
OTP,0,20110118,090234,5410,200
OTP,0,20110118,090244,5410,20
OTP,0,20110118,090245,5419,380
BUX1112,0,20110118,090249,23138.5,1
CSEPEL,0,20110118,090251,350,200
MOL,0,20110118,090253,22180,500
MOL,0,20110118,090253,22180,500
BUX1112,0,20110118,090255,23138.5,1
BUX1112,0,20110118,090255,23140,2
MOL,0,20110118,090258,22180,500
MOL,0,20110118,090258,22180,500
MOL,0,20110118,090259,22185,200
OTP,0,20110118,090300,5419,400
OTP,0,20110118,090301,5419,190
OTP,0,20110118,090301,5419,1000
OTP,0,20110118,090301,5419,85
OTP,0,20110118,090305,5419,315
OTP,0,20110118,090305,5411,100
OTP,0,20110118,090305,5410,585
OTP,0,20110118,090307,5419,315
OTP,0,20110118,090307,5420,665
OTP,0,20110118,090307,5420,10
OTP,0,20110118,090307,5420,10
OTP,0,20110118,090307,5420,2500
OTP,0,20110118,090316,5420,200
OTP,0,20110118,090317,5420,10
OTP,0,20110118,090318,5410,1
BUX1112,0,20110118,090324,23146,1
BUX1112,0,20110118,090324,23146,1
BUX1112,0,20110118,090324,23150,1
BUX1112,0,20110118,090324,23150,3
BUX1112,0,20110118,090324,23150,5
BUX1112,0,20110118,090324,23150,1
BUX1112,0,20110118,090324,23160,2
BUX1112,0,20110118,090324,23160,2
BUX1112,0,20110118,090324,23167,5
BUX1112,0,20110118,090324,23167,2
OTP,0,20110118,090330,5419,60
OTP,0,20110118,090330,5419,1000
OTP,0,20110118,090330,5420,60
BUX1112,0,20110118,090334,23165,3
OTP,0,20110118,090335,5420,1000
OTP,0,20110118,090335,5419,30
MTELEKOM,0,20110118,090337,546,60
OTP,0,20110118,090341,5420,1000
OTP,0,20110118,090342,5419,185
MOL,0,20110118,090345,22130,10
OTP,0,20110118,090353,5419,1000
OTP,0,20110118,090354,5419,25
OTP,0,20110118,090358,5419,20
OTP,0,20110118,090405,5419,180
MOL,0,20110118,090410,22185,4
OTP,0,20110118,090418,5411,22
MTELEKOM,0,20110118,090427,545,656
ZWACK,0,20110118,090428,13000,1
BUX1112,0,20110118,090431,23165,22
OTP,0,20110118,090444,5410,3414
OTP,0,20110118,090444,5410,1450
BUX1112,0,20110118,090450,23160,1
MOL,0,20110118,090459,22150,10
RICHTER,0,20110118,090506,43005,6
MOL,0,20110118,090509,22150,190
OTP,0,20110118,090512,5410,136
OTP,0,20110118,090521,5410,364
OTP,0,20110118,090521,5404,36
BUX1112,0,20110118,090527,23163,2
BUX1112,0,20110118,090527,23164,1
BUX1112,0,20110118,090527,23165,2
BUX1112,0,20110118,090527,23167,5
BUX1112,0,20110118,090527,23167,5
OTP,0,20110118,090531,5410,50
MTELEKOM,0,20110118,090541,545,344
OTP,0,20110118,090548,5410,400
MTELEKOM,0,20110118,090551,545,10
BUX1112,0,20110118,090618,23166,1
BUX1112,0,20110118,090628,23150,1
OTP,0,20110118,090639,5410,220
OTP,0,20110118,090639,5410,10
OTP,0,20110118,090643,5410,50
OTP,0,20110118,090644,5410,50
OTP,0,20110118,090645,5410,150
MOL,0,20110118,090653,22150,95
OTP,0,20110118,090708,5410,120
OTP,0,20110118,090711,5410,1730
OTP,0,20110118,090711,5410,1000
OTP,0,20110118,090711,5410,1000
MOL,0,20110118,090713,22150,50
MOL,0,20110118,090713,22150,42
OTP,0,20110118,090717,5410,50
OTP,0,20110118,090719,5410,1220
OTP,0,20110118,090719,5410,50
OTP,0,20110118,090723,5410,10
BUX1112,0,20110118,090734,23150,1
OTP,0,20110118,090735,5414,15
OTP,0,20110118,090735,5414,35
OTP,0,20110118,090740,5414,65
OTP,0,20110118,090740,5415,48
OTP,0,20110118,090740,5415,50
OTP,0,20110118,090740,5417,500
OTP,0,20110118,090740,5418,13
OTP,0,20110118,090740,5418,1000
OTP,0,20110118,090740,5419,320
OTP,0,20110118,090740,5419,200
OTP,0,20110118,090740,5419,10
OTP,0,20110118,090740,5419,100
OTP,0,20110118,090740,5419,200
OTP,0,20110118,090740,5419,148
OTP,0,20110118,090740,5419,5
OTP,0,20110118,090740,5420,300
OTP,0,20110118,090740,5420,20
OTP,0,20110118,090740,5420,350
OTP,0,20110118,090740,5420,100
OTP,0,20110118,090740,5420,240
OTP,0,20110118,090740,5420,200
OTP,0,20110118,090740,5420,200
BUX1112,0,20110118,090748,23165,3
BUX1112,0,20110118,090748,23166,1
BUX1112,0,20110118,090748,23175,1
OTP,0,20110118,090753,5420,50
OTP,0,20110118,090753,5420,850
OTP,0,20110118,090755,5421,200
OTP,0,20110118,090758,5423,11
OTP,0,20110118,090758,5424,276
OTP,0,20110118,090758,5425,34
OTP,0,20110118,090758,5425,300
OTP,0,20110118,090758,5425,68
OTP,0,20110118,090758,5428,20
OTP,0,20110118,090758,5428,100
OTP,0,20110118,090758,5428,100
OTP,0,20110118,090758,5428,20
OTP,0,20110118,090758,5429,50
OTP,0,20110118,090758,5429,500
OTP,0,20110118,090758,5430,2000
OTP,0,20110118,090758,5430,200
OTP,0,20110118,090758,5430,40
OTP,0,20110118,090758,5430,1000
OTP,0,20110118,090758,5430,142
OTP,0,20110118,090758,5430,339
KEG,0,20110118,090807,133,1282
OTP,0,20110118,090811,5421,10
RICHTER,0,20110118,090825,43145,30
RICHTER,0,20110118,090825,43150,3
RICHTER,0,20110118,090825,43150,86
OTP,0,20110118,090826,5425,10
OTP,0,20110118,090828,5430,61
OTP,0,20110118,090828,5430,20
OTP,0,20110118,090828,5430,15
OTP,0,20110118,090828,5430,1904
OTP,0,20110118,090829,5425,25
OTP,0,20110118,090836,5429,1000
OTP,0,20110118,090836,5430,3096
OTP,0,20110118,090836,5430,38
OTP,0,20110118,090838,5430,10
OTP,0,20110118,090841,5430,500
OTP,0,20110118,090844,5430,200
FHB,0,20110118,090845,970,42
FHB,0,20110118,090845,970,158
PANNERGY,0,20110118,090845,906,86
RICHTER,0,20110118,090850,43200,18
RICHTER,0,20110118,090850,43200,5
OTP,0,20110118,090852,5430,100
OTP,0,20110118,090854,5431,100
OTP,0,20110118,090857,5430,10
OTP,0,20110118,090858,5430,46
OTP,0,20110118,090858,5430,202
OTP,0,20110118,090904,5430,10
MOL,0,20110118,090908,22180,5
MOL,0,20110118,090908,22180,45
OTP,0,20110118,090908,5435,12
OTP,0,20110118,090908,5435,20
BUX1112,0,20110118,090911,23175,2
BUX1112,0,20110118,090917,23177,2
BUX1112,0,20110118,090917,23177,1
BUX1112,0,20110118,090917,23179.5,2
BUX1112,0,20110118,090918,23177,4
BUX1112,0,20110118,090923,23177,14
BUX1112,0,20110118,090925,23180,2
BUX1112,0,20110118,090925,23180,1
BUX1112,0,20110118,090926,23182,1
BUX1112,0,20110118,090926,23185,1
BUX1112,0,20110118,090926,23186,3
BUX1112,0,20110118,090926,23189.5,2
BUX1112,0,20110118,090926,23190,1
BUX1112,0,20110118,090926,23194,2
MOL,0,20110118,090934,22180,4
MOL,0,20110118,090934,22185,196
MOL,0,20110118,090934,22190,66
MOL,0,20110118,090934,22190,96
MOL,0,20110118,090934,22195,20
MOL,0,20110118,090934,22195,50
MOL,0,20110118,090934,22195,50
MOL,0,20110118,090934,22195,18
ZWACK,0,20110118,090948,13000,19
OTP,0,20110118,090950,5434,100
OTP,0,20110118,090950,5435,97
CSEPEL,0,20110118,090953,358,10
OTP,0,20110118,090955,5435,271
OTP,0,20110118,090955,5435,25
OTP,0,20110118,090955,5435,50
OTP,0,20110118,090955,5435,25
OTP,0,20110118,090955,5435,30
OTP,0,20110118,090955,5437,23
OTP,0,20110118,090955,5437,15
OTP,0,20110118,090955,5437,50
OTP,0,20110118,090955,5438,100
OTP,0,20110118,090955,5438,470
OTP,0,20110118,091000,5435,49
OTP,0,20110118,091007,5438,30
OTP,0,20110118,091007,5439,30
OTP,0,20110118,091007,5439,326
OTP,0,20110118,091007,5439,50
OTP,0,20110118,091007,5439,500
OTP,0,20110118,091007,5440,400
OTP,0,20110118,091007,5440,100
OTP,0,20110118,091007,5440,137
OTP,0,20110118,091007,5440,93
OTP,0,20110118,091007,5440,100
OTP,0,20110118,091007,5440,234
OTP,0,20110118,091013,5440,2000
OTP,0,20110118,091015,5440,400
OTP,0,20110118,091018,5439,50
PFLAX,0,20110118,091019,602,560
PFLAX,0,20110118,091019,618,1000
PFLAX,0,20110118,091019,619,345
PFLAX,0,20110118,091019,619,1000
PFLAX,0,20110118,091019,620,6107
PFLAX,0,20110118,091019,620,100
PFLAX,0,20110118,091019,620,92
MTELEKOM,0,20110118,091021,545,449
BUX1112,0,20110118,091027,23180,4
OTP,0,20110118,091028,5435,56
OTP,0,20110118,091028,5435,44
OTP,0,20110118,091034,5435,12
MOL,0,20110118,091038,22170,60
OTP,0,20110118,091043,5435,10
CSEPEL,0,20110118,091046,358,100
CSEPEL,0,20110118,091046,359,100
CSEPEL,0,20110118,091046,360,22
BUX1112,0,20110118,091051,23175,1
OTP,0,20110118,091055,5435,434
OTP,0,20110118,091055,5435,400
OTP,0,20110118,091055,5435,331
OTP,0,20110118,091102,5433,20
OTP,0,20110118,091108,5435,100
MTELEKOM,0,20110118,091109,545,1196
OTP,0,20110118,091109,5438,640
OTP,0,20110118,091113,5431,22
OTP,0,20110118,091113,5431,80
OTP,0,20110118,091113,5430,1788
OTP,0,20110118,091113,5430,1000
OTP,0,20110118,091117,5430,300
BUX1112,0,20110118,091118,23180,1
BUX1112,0,20110118,091118,23185,2
OTP,0,20110118,091122,5432,350
OTP,0,20110118,091126,5432,220
OTP,0,20110118,091127,5431,350
OTP,0,20110118,091127,5430,700
OTP,0,20110118,091142,5425,165
OTP,0,20110118,091142,5425,85
BUX1112,0,20110118,091147,23180,2
OTP,0,20110118,091200,5425,115
OTP,0,20110118,091200,5425,75
BUX1112,0,20110118,091208,23180,1
OTP,0,20110118,091216,5429,1000
OTP,0,20110118,091231,5426,85
OTP,0,20110118,091231,5425,1000
CSEPEL,0,20110118,091251,378,5
OTP,0,20110118,091255,5422,50
OTP,0,20110118,091255,5422,500
OTP,0,20110118,091255,5421,205
OTP,0,20110118,091255,5421,160
OTP,0,20110118,091255,5421,925
OTP,0,20110118,091255,5420,1000
OTP,0,20110118,091255,5420,170
OTP,0,20110118,091259,5420,489
OTP,0,20110118,091303,5420,25
BUX1112,0,20110118,091309,23180,1
BUX1112,0,20110118,091309,23180,1
MOL,0,20110118,091309,22170,100
MOL,0,20110118,091316,22170,177
BUX1112,0,20110118,091323,23185,1
OTP,0,20110118,091331,5421,85
OTP,0,20110118,091331,5420,915
OTP,0,20110118,091337,5420,401
OTP,0,20110118,091337,5420,149
OTP,0,20110118,091349,5424,70
OTP,0,20110118,091349,5424,110
OTP,0,20110118,091350,5420,351
OTP,0,20110118,091350,5420,10
MOL,0,20110118,091406,22180,253
OTP,0,20110118,091414,5420,139
OTP,0,20110118,091414,5420,61
SYNERGON,0,20110118,091431,524,111
OTP,0,20110118,091433,5413,200
MOL,0,20110118,091444,22180,5
OTP,0,20110118,091447,5413,17
CSEPEL,0,20110118,091448,378,55
CSEPEL,0,20110118,091448,378,109
CSEPEL,0,20110118,091448,379,136
OTP,0,20110118,091502,5419,400
OTP,0,20110118,091507,5413,464
OTP,0,20110118,091507,5412,1136
MTELEKOM,0,20110118,091509,546,440
MTELEKOM,0,20110118,091509,546,320
OTP,0,20110118,091513,5412,164
BUX1112,0,20110118,091521,23165,10
MOL,0,20110118,091522,22180,100
OTP,0,20110118,091523,5420,100
BUX1112,0,20110118,091524,23180,4
OTP,0,20110118,091527,5420,2839
OTP,0,20110118,091527,5420,100
OTP,0,20110118,091527,5420,130
OTP,0,20110118,091527,5420,50
OTP,0,20110118,091528,5414,200
MOL,0,20110118,091530,22180,5
OTP,0,20110118,091548,5411,90
OTP,0,20110118,091548,5411,46
OTP,0,20110118,091554,5416,12
OTP,0,20110118,091554,5420,10
OTP,0,20110118,091554,5420,20
OTP,0,20110118,091558,5411,754
OTP,0,20110118,091558,5411,50
OTP,0,20110118,091558,5411,1000
OTP,0,20110118,091558,5410,562
SYNERGON,0,20110118,091602,520,300
MOL,0,20110118,091622,22160,44
SYNERGON,0,20110118,091625,520,100
MOL,0,20110118,091630,22190,10
MOL,0,20110118,091630,22195,10
CSEPEL,0,20110118,091633,370,64
BUX1112,0,20110118,091640,23166,1
OTP,0,20110118,091649,5415,150
BUX1112,0,20110118,091713,23166,1
MOL,0,20110118,091733,22160,6
OTP,0,20110118,091756,5418,200
OTP,0,20110118,091756,5419,573
OTP,0,20110118,091756,5420,100
OTP,0,20110118,091759,5421,200
CSEPEL,0,20110118,091814,380,300
OTP,0,20110118,091820,5420,200
OTP,0,20110118,091824,5424,40
OTP,0,20110118,091824,5425,60
OTP,0,20110118,091824,5425,50
BUX1112,0,20110118,091833,23180,3
BUX1112,0,20110118,091833,23185,1
PANNERGY,0,20110118,091839,906,200
OTP,0,20110118,091846,5428,100
OTP,0,20110118,091846,5428,100
OTP,0,20110118,091846,5429,800
OTP,0,20110118,091848,5429,4200
OTP,0,20110118,091848,5430,25
OTP,0,20110118,091857,5430,500
CSEPEL,0,20110118,091901,381,300
OTP,0,20110118,091903,5435,25
OTP,0,20110118,091903,5436,21
OTP,0,20110118,091903,5438,50
OTP,0,20110118,091903,5438,50
OTP,0,20110118,091903,5438,80
OTP,0,20110118,091903,5439,20
OTP,0,20110118,091903,5439,30
OTP,0,20110118,091903,5439,114
OTP,0,20110118,091903,5439,610
BUX1112,0,20110118,091906,23190,1
BUX1112,0,20110118,091906,23190,2
BUX1112,0,20110118,091908,23190,1
BUX1112,0,20110118,091910,23192,2
BUX1112,0,20110118,091910,23192,2
BUX1112,0,20110118,091910,23193,2
BUX1112,0,20110118,091910,23194.5,1
BUX1112,0,20110118,091910,23195,1
BUX1112,0,20110118,091910,23195,1
BUX1112,0,20110118,091910,23195,8
BUX1112,0,20110118,091914,23195,2
BUX1112,0,20110118,091914,23195,10
BUX1112,0,20110118,091914,23195,1
BUX1112,0,20110118,091914,23197,1
BUX1112,0,20110118,091914,23198,1
BUX1112,0,20110118,091914,23198,9
BUX1112,0,20110118,091914,23199,2
BUX1112,0,20110118,091914,23199,1
BUX1112,0,20110118,091914,23199,1
BUX1112,0,20110118,091914,23199,1
BUX1112,0,20110118,091914,23199,1
BUX1112,0,20110118,091914,23200,1
BUX1112,0,20110118,091914,23200,2
BUX1112,0,20110118,091914,23200,2
BUX1112,0,20110118,091914,23200,1
BUX1112,0,20110118,091914,23200,1
BUX1112,0,20110118,091914,23200,4
BUX1112,0,20110118,091917,23200,6
BUX1112,0,20110118,091917,23200,2
BUX1112,0,20110118,091917,23170,1
BUX1112,0,20110118,091917,23170,4
OTP,0,20110118,091926,5439,250
OTP,0,20110118,091926,5440,19
OTP,0,20110118,091926,5440,50
OTP,0,20110118,091926,5440,50
OTP,0,20110118,091926,5440,25
OTP,0,20110118,091926,5440,200
OTP,0,20110118,091926,5440,406
OTP,0,20110118,091927,5440,594
OTP,0,20110118,091927,5440,406
OTP,0,20110118,091927,5440,894
BUX1112,0,20110118,091931,23203,1
BUX1112,0,20110118,091931,23209,2
BUX1112,0,20110118,091931,23219.5,1
BUX1112,0,20110118,091931,23220,4
BUX1112,0,20110118,091931,23222,4
BUX1112,0,20110118,091931,23222,1
OTP,0,20110118,091933,5440,100
MOL,0,20110118,091933,22160,500
OTP,0,20110118,091942,5440,6
OTP,0,20110118,091942,5440,34
OTP,0,20110118,091943,5443,50
OTP,0,20110118,091947,5444,50
OTP,0,20110118,091947,5445,25
OTP,0,20110118,091947,5445,423
OTP,0,20110118,091947,5445,25
OTP,0,20110118,091947,5446,20
OTP,0,20110118,091947,5446,387
OTP,0,20110118,091947,5447,20
OTP,0,20110118,091947,5447,50
OTP,0,20110118,091948,5447,50
OTP,0,20110118,091948,5447,38
OTP,0,20110118,091948,5448,912
OTP,0,20110118,091950,5448,1000
BUX1112,0,20110118,091950,23199,1
OTP,0,20110118,091958,5447,50
BUX1112,0,20110118,091959,23225,1
BUX1112,0,20110118,091959,23230,5
BUX1112,0,20110118,091959,23230,1
BUX1112,0,20110118,091959,23230,3
BUX1112,0,20110118,091959,23234,10
BUX1112,0,20110118,091959,23235,21
BUX1112,0,20110118,092008,23229,5
OTP,0,20110118,092012,5445,100
MOL,0,20110118,092013,22190,50
RICHTER,0,20110118,092023,43250,14
RICHTER,0,20110118,092023,43280,86
OTP,0,20110118,092028,5445,900
OTP,0,20110118,092028,5447,100
BUX1112,0,20110118,092032,23230,2
OTP,0,20110118,092035,5447,72
OTP,0,20110118,092036,5442,70
OTP,0,20110118,092041,5441,100
OTP,0,20110118,092043,5441,20
MTELEKOM,0,20110118,092045,546,30
OTP,0,20110118,092047,5441,30
OTP,0,20110118,092048,5444,1000
OTP,0,20110118,092050,5444,574
OTP,0,20110118,092053,5441,850
OTP,0,20110118,092101,5440,100
CSEPEL,0,20110118,092101,397,1
MOL,0,20110118,092104,22180,40
OTP,0,20110118,092107,5440,298
OTP,0,20110118,092108,5440,50
BUX1112,0,20110118,092114,23229,2
BUX1112,0,20110118,092114,23230,6
OTP,0,20110118,092120,5440,25
MOL,0,20110118,092126,22180,160
MOL,0,20110118,092130,22190,50
MOL,0,20110118,092130,22195,272
MOL,0,20110118,092130,22195,300
MOL,0,20110118,092130,22195,400
MOL,0,20110118,092130,22200,323
MOL,0,20110118,092130,22200,32
MOL,0,20110118,092130,22200,12
MOL,0,20110118,092130,22200,3
MOL,0,20110118,092130,22200,49
MOL,0,20110118,092130,22200,100
MOL,0,20110118,092130,22200,200
MOL,0,20110118,092130,22200,100
MOL,0,20110118,092130,22200,20
MOL,0,20110118,092130,22200,3
MOL,0,20110118,092130,22200,10
MOL,0,20110118,092130,22200,620
MOL,0,20110118,092130,22200,390
MOL,0,20110118,092130,22200,25
MOL,0,20110118,092130,22180,340
OTP,0,20110118,092133,5440,110
OTP,0,20110118,092138,5440,50
MOL,0,20110118,092142,22180,31
OTP,0,20110118,092147,5440,300
ECONET,0,20110118,092207,89,10000
OTP,0,20110118,092220,5440,88
OTP,0,20110118,092220,5440,41
OTP,0,20110118,092221,5440,10
BUX1112,0,20110118,092226,23230,4
BUX1112,0,20110118,092226,23230,2
OTP,0,20110118,092226,5440,100
ZWACK,0,20110118,092230,12950,15
ZWACK,0,20110118,092230,12950,7
OTP,0,20110118,092233,5440,149
OTP,0,20110118,092239,5444,40
OTP,0,20110118,092239,5445,160
OTP,0,20110118,092239,5445,800
ZWACK,0,20110118,092246,12950,16
BUX1112,0,20110118,092246,23229,1
BUX1112,0,20110118,092246,23230,4
OTP,0,20110118,092248,5440,35
MOL,0,20110118,092306,22205,40
MOL,0,20110118,092306,22200,100
MOL,0,20110118,092306,22200,300
OTP,0,20110118,092312,5440,610
OTP,0,20110118,092312,5440,130
BUX1112,0,20110118,092318,23230,6
OTP,0,20110118,092318,5440,100
OTP,0,20110118,092319,5440,770
MOL,0,20110118,092332,22195,500
BUX1112,0,20110118,092333,23230,1
MOL,0,20110118,092336,22180,20
MOL,0,20110118,092336,22180,13
OTP,0,20110118,092341,5440,99
SYNERGON,0,20110118,092413,524,56
OTP,0,20110118,092459,5440,1
OTP,0,20110118,092459,5440,50
OTP,0,20110118,092459,5440,10
OTP,0,20110118,092459,5440,170
OTP,0,20110118,092459,5440,3000
OTP,0,20110118,092459,5440,81
OTP,0,20110118,092459,5444,1688
OTP,0,20110118,092507,5440,20
MTELEKOM,0,20110118,092516,544,2
MTELEKOM,0,20110118,092516,544,98
OTP,0,20110118,092518,5445,10
OTP,0,20110118,092518,5445,20
OTP,0,20110118,092518,5445,20
OTP,0,20110118,092518,5445,30
OTP,0,20110118,092528,5440,500
OTP,0,20110118,092537,5445,70
OTP,0,20110118,092537,5445,111
OTP,0,20110118,092543,5447,426
OTP,0,20110118,092543,5447,312
OTP,0,20110118,092543,5448,51
OTP,0,20110118,092543,5448,250
OTP,0,20110118,092543,5448,100
OTP,0,20110118,092543,5448,70
OTP,0,20110118,092543,5448,70
OTP,0,20110118,092543,5449,121
OTP,0,20110118,092543,5449,250
OTP,0,20110118,092548,5445,30
OTP,0,20110118,092549,5448,20
OTP,0,20110118,092549,5449,29
OTP,0,20110118,092549,5449,100
OTP,0,20110118,092549,5449,200
OTP,0,20110118,092549,5449,5
OTP,0,20110118,092549,5449,500
OTP,0,20110118,092549,5449,20
OTP,0,20110118,092549,5449,17
OTP,0,20110118,092549,5449,109
OTP,0,20110118,092550,5449,391
OTP,0,20110118,092550,5450,100
OTP,0,20110118,092550,5450,93
OTP,0,20110118,092550,5450,15
OTP,0,20110118,092550,5450,82
OTP,0,20110118,092550,5450,319
OTP,0,20110118,092550,5450,181
OTP,0,20110118,092550,5450,10
OTP,0,20110118,092550,5450,730
OTP,0,20110118,092550,5450,50
OTP,0,20110118,092550,5450,10
OTP,0,20110118,092550,5450,12
OTP,0,20110118,092550,5450,7
OTP,0,20110118,092551,5450,93
OTP,0,20110118,092551,5450,20
OTP,0,20110118,092551,5450,680
OTP,0,20110118,092551,5450,187
OTP,0,20110118,092551,5450,20
OTP,0,20110118,092551,5450,480
OTP,0,20110118,092551,5450,200
OTP,0,20110118,092551,5450,8
OTP,0,20110118,092551,5450,50
OTP,0,20110118,092551,5450,200
OTP,0,20110118,092551,5450,20
OTP,0,20110118,092551,5450,35
OTP,0,20110118,092551,5450,7
OTP,0,20110118,092551,5450,53
OTP,0,20110118,092551,5450,200
OTP,0,20110118,092551,5450,300
OTP,0,20110118,092551,5450,192
OTP,0,20110118,092551,5450,63
OTP,0,20110118,092551,5450,53
OTP,0,20110118,092551,5450,50
OTP,0,20110118,092551,5450,89
OTP,0,20110118,092554,5445,85
BUX1112,0,20110118,092554,23220,6
OTP,0,20110118,092555,5450,131
OTP,0,20110118,092555,5450,20
OTP,0,20110118,092555,5450,99
OTP,0,20110118,092555,5450,891
OTP,0,20110118,092555,5450,50
OTP,0,20110118,092555,5450,59
OTP,0,20110118,092555,5450,81
OTP,0,20110118,092555,5450,100
OTP,0,20110118,092555,5450,819
BUX1112,0,20110118,092602,23220,4
BUX1112,0,20110118,092602,23220,5
BUX1112,0,20110118,092602,23216,1
OTP,0,20110118,092605,5445,20
OTP,0,20110118,092608,5450,20
OTP,0,20110118,092610,5450,2161
OTP,0,20110118,092610,5450,40
OTP,0,20110118,092610,5450,2799
OTP,0,20110118,092616,5449,10
OTP,0,20110118,092616,5450,990
OTP,0,20110118,092616,5450,1000
OTP,0,20110118,092619,5449,20
OTP,0,20110118,092619,5450,1480
OTP,0,20110118,092619,5445,123
OTP,0,20110118,092619,5445,36
OTP,0,20110118,092619,5445,14
OTP,0,20110118,092620,5441,22
OTP,0,20110118,092620,5440,178
OTP,0,20110118,092621,5445,10
OTP,0,20110118,092621,5450,2990
OTP,0,20110118,092623,5449,25
OTP,0,20110118,092623,5450,975
MOL,0,20110118,092625,22190,45
BUX1112,0,20110118,092630,23220,2
OTP,0,20110118,092637,5450,1000
BUX1112,0,20110118,092646,23220,2
OTP,0,20110118,092651,5449,50
CSEPEL,0,20110118,092654,382,100
OTP,0,20110118,092657,5449,50
OTP,0,20110118,092657,5450,420
OTP,0,20110118,092658,5450,3302
BUX1112,0,20110118,092709,23220,1
BUX1112,0,20110118,092709,23218,2
BUX1112,0,20110118,092709,23217,10
BUX1112,0,20110118,092709,23216,1
BUX1112,0,20110118,092709,23210,15
BUX1112,0,20110118,092709,23205,11
CSEPEL,0,20110118,092719,382,200
OTP,0,20110118,092722,5440,1250
OTP,0,20110118,092722,5440,750
BUX1112,0,20110118,092726,23229.5,1
BUX1112,0,20110118,092726,23230,1
BUX1112,0,20110118,092726,23233,3
MTELEKOM,0,20110118,092733,546,948
MTELEKOM,0,20110118,092733,546,10
MTELEKOM,0,20110118,092733,546,42
BUX1112,0,20110118,092735,23233,1
BUX1112,0,20110118,092735,23233,4
OTP,0,20110118,092737,5440,90
MTELEKOM,0,20110118,092740,545,180
MTELEKOM,0,20110118,092749,545,444
MTELEKOM,0,20110118,092749,546,56
MOL,0,20110118,092805,22190,205
MOL,0,20110118,092805,22190,50
OTP,0,20110118,092836,5433,50
OTP,0,20110118,092836,5432,100
OTP,0,20110118,092836,5431,350
OTP,0,20110118,092836,5431,160
OTP,0,20110118,092838,5431,44
PFLAX,0,20110118,092838,626,100
OTP,0,20110118,092850,5433,10
MOL,0,20110118,092857,22190,112
OTP,0,20110118,092902,5433,40
OTP,0,20110118,092902,5435,50
OTP,0,20110118,092902,5435,110
OTP,0,20110118,092909,5435,63
OTP,0,20110118,092938,5435,9
OTP,0,20110118,092938,5435,141
RICHTER,0,20110118,092948,43200,50
MTELEKOM,0,20110118,092952,546,600
PHYLAXIA,0,20110118,092958,44,4431
PHYLAXIA,0,20110118,092958,44,19
PHYLAXIA,0,20110118,092958,44,5000
PHYLAXIA,0,20110118,092958,44,2750
MOL,0,20110118,093000,22190,19
BUX1112,0,20110118,093007,23219,2
OTP,0,20110118,093011,5440,180
OTP,0,20110118,093011,5435,10
OTP,0,20110118,093012,5440,2730
OTP,0,20110118,093050,5447,200
OTP,0,20110118,093050,5448,500
OTP,0,20110118,093050,5449,1000
OTP,0,20110118,093050,5449,100
OTP,0,20110118,093050,5449,50
OTP,0,20110118,093050,5450,120
OTP,0,20110118,093050,5450,300
OTP,0,20110118,093050,5450,10
OTP,0,20110118,093050,5450,200
OTP,0,20110118,093050,5450,100
OTP,0,20110118,093050,5450,420
OTP,0,20110118,093051,5450,1030
OTP,0,20110118,093051,5450,130
OTP,0,20110118,093051,5450,1000
OTP,0,20110118,093051,5450,100
OTP,0,20110118,093051,5450,30
MOL,0,20110118,093113,22190,3
KEG,0,20110118,093118,134,850
KEG,0,20110118,093118,134,1000
KEG,0,20110118,093118,134,160
OTP,0,20110118,093122,5450,20
BUX1112,0,20110118,093123,23219,3
BUX1112,0,20110118,093123,23220,1
BUX1112,0,20110118,093127,23220,9
BUX1112,0,20110118,093128,23202,2
EGIS,0,20110118,093129,21095,20
EGIS,0,20110118,093129,21100,46
EGIS,0,20110118,093129,21100,3
OTP,0,20110118,093159,5450,150
EBGOLD,0,20110118,093201,2816,353
OTP,0,20110118,093205,5450,15
FHB,0,20110118,093233,969,85
FHB,0,20110118,093233,970,165
BUX1112,0,20110118,093234,23212,1
OTP,0,20110118,093236,5450,50
OTP,0,20110118,093236,5450,25
OTP,0,20110118,093237,5450,450
OTP,0,20110118,093237,5450,550
OTP,0,20110118,093239,5450,385
MOL,0,20110118,093241,22180,7
OTP,0,20110118,093243,5450,65
MOL,0,20110118,093303,22180,5
OTP,0,20110118,093313,5449,150
OTP,0,20110118,093313,5450,35
OTP,0,20110118,093313,5450,12
OTP,0,20110118,093313,5450,200
OTP,0,20110118,093313,5450,120
OTP,0,20110118,093313,5450,80
OTP,0,20110118,093325,5450,403
OTP,0,20110118,093326,5450,1000
OTP,0,20110118,093332,5450,97
OTP,0,20110118,093332,5450,200
OTP,0,20110118,093340,5450,20
RICHTER,0,20110118,093341,43250,50
BUX1112,0,20110118,093405,23215,10
OTP,0,20110118,093407,5450,20
OTP,0,20110118,093409,5450,10
OTP,0,20110118,093410,5450,653
OTP,0,20110118,093418,5450,247
OTP,0,20110118,093418,5450,753
OTP,0,20110118,093422,5449,40
OTP,0,20110118,093422,5450,247
OTP,0,20110118,093422,5450,100
OTP,0,20110118,093422,5450,613
OTP,0,20110118,093424,5450,387
OTP,0,20110118,093424,5450,80
OTP,0,20110118,093436,5450,500
CSEPEL,0,20110118,093437,390,300
OTP,0,20110118,093437,5450,33
OTP,0,20110118,093438,5440,25
OTP,0,20110118,093439,5450,967
OTP,0,20110118,093439,5450,33
OTP,0,20110118,093443,5450,67
OTP,0,20110118,093443,5450,250
OTP,0,20110118,093443,5450,25
BUX1112,0,20110118,093444,23219,1
BUX1112,0,20110118,093444,23219.5,1
BUX1112,0,20110118,093444,23220,30
BUX1112,0,20110118,093444,23230,1
BUX1112,0,20110118,093444,23234.5,2
BUX1112,0,20110118,093444,23235,1
OTP,0,20110118,093446,5450,13
OTP,0,20110118,093452,5450,50
OTP,0,20110118,093453,5450,500
OTP,0,20110118,093457,5450,95
OTP,0,20110118,093459,5450,405
OTP,0,20110118,093502,5450,5
OTP,0,20110118,093504,5450,175
OTP,0,20110118,093515,5450,36
FOTEX,0,20110118,093519,388,300
OTP,0,20110118,093533,5450,379
OTP,0,20110118,093534,5449,221
OTP,0,20110118,093534,5450,50
OTP,0,20110118,093534,5450,580
OTP,0,20110118,093547,5450,105
FHB,0,20110118,093551,965,80
HUMET,0,20110118,093553,9,9632
HUMET,0,20110118,093553,9,5556
HUMET,0,20110118,093553,9,2500
HUMET,0,20110118,093553,9,100
HUMET,0,20110118,093553,9,7212
OTP,0,20110118,093553,5450,44
MTELEKOM,0,20110118,093556,546,1302
MTELEKOM,0,20110118,093556,547,90
MTELEKOM,0,20110118,093556,547,200
MTELEKOM,0,20110118,093556,547,200
FHB,0,20110118,093602,970,10
MTELEKOM,0,20110118,093604,547,200
OTP,0,20110118,093608,5442,50
OTP,0,20110118,093609,5450,20
OTP,0,20110118,093609,5450,50
OTP,0,20110118,093609,5450,110
OTP,0,20110118,093609,5450,10
OTP,0,20110118,093610,5450,50
OTP,0,20110118,093611,5450,10
OTP,0,20110118,093621,5450,750
OTP,0,20110118,093625,5450,1000
OTP,0,20110118,093626,5450,250
OTP,0,20110118,093628,5450,406
BUX1112,0,20110118,093629,23214,2
MOL,0,20110118,093630,22180,15
OTP,0,20110118,093639,5450,100
OTP,0,20110118,093641,5450,136
SYNERGON,0,20110118,093654,522,75
SYNERGON,0,20110118,093654,521,425
OTP,0,20110118,093655,5450,108
OTP,0,20110118,093659,5450,892
OTP,0,20110118,093714,5450,20
OTP,0,20110118,093720,5450,20
CSEPEL,0,20110118,093726,390,36
OTP,0,20110118,093730,5450,68
OTP,0,20110118,093733,5450,232
OTP,0,20110118,093734,5450,150
OTP,0,20110118,093736,5450,1
OTP,0,20110118,093739,5450,80
MOL,0,20110118,093740,22180,50
OTP,0,20110118,093743,5450,50
OTP,0,20110118,093804,5450,50
SYNERGON,0,20110118,093817,521,11
OTP,0,20110118,093821,5450,37
OTP,0,20110118,093832,5450,200
OTP,0,20110118,093836,5450,200
OTP,0,20110118,093836,5450,40
OTP,0,20110118,093839,5450,760
OTP,0,20110118,093843,5450,200
OTP,0,20110118,093852,5450,40
OTP,0,20110118,093855,5450,400
OTP,0,20110118,093855,5450,20
BUX1112,0,20110118,093855,23234,1
BUX1112,0,20110118,093855,23234,1
FHB,0,20110118,093856,969,250
FHB,0,20110118,093856,970,250
CSEPEL,0,20110118,093900,385,500
OTP,0,20110118,093903,5450,500
OTP,0,20110118,093907,5450,50
CSEPEL,0,20110118,093912,395,116
CSEPEL,0,20110118,093912,395,54
OTP,0,20110118,093921,5450,30
OTP,0,20110118,093921,5450,70
OTP,0,20110118,093924,5450,10
MOL,0,20110118,093946,22180,20
OTP,0,20110118,093948,5450,10
OTP,0,20110118,093954,5450,410
OTP,0,20110118,093954,5450,245
OTP,0,20110118,093956,5450,345
OTP,0,20110118,093958,5450,100
MTELEKOM,0,20110118,094000,547,8
OTP,0,20110118,094001,5450,100
BUX1112,0,20110118,094003,23230,3
BUX1112,0,20110118,094003,23234,4
BUX1112,0,20110118,094003,23234,3
OTP,0,20110118,094007,5450,455
OTP,0,20110118,094010,5450,245
OTP,0,20110118,094011,5450,20
OTP,0,20110118,094017,5450,735
OTP,0,20110118,094026,5445,80
OTP,0,20110118,094026,5450,50
BUX1112,0,20110118,094029,23219,3
OTP,0,20110118,094031,5450,500
OTP,0,20110118,094036,5450,100
OTP,0,20110118,094042,5450,205
OTP,0,20110118,094044,5450,65
OTP,0,20110118,094045,5450,35
OTP,0,20110118,094045,5450,965
OTP,0,20110118,094046,5450,1000
OTP,0,20110118,094047,5450,535
OTP,0,20110118,094049,5450,465
OTP,0,20110118,094050,5450,1000
OTP,0,20110118,094052,5450,1000
OTP,0,20110118,094053,5450,35
OTP,0,20110118,094056,5450,965
OTP,0,20110118,094057,5450,1000
OTP,0,20110118,094058,5450,1000
OTP,0,20110118,094059,5450,35
OTP,0,20110118,094059,5450,265
OTP,0,20110118,094108,5450,4
BUX1112,0,20110118,094111,23233,5
BUX1112,0,20110118,094111,23234,5
BUX1112,0,20110118,094111,23235,15
BUX1112,0,20110118,094111,23235,2
OTP,0,20110118,094119,5450,30
OTP,0,20110118,094123,5450,1500
OTP,0,20110118,094127,5450,470
OTP,0,20110118,094127,5450,100
OTP,0,20110118,094136,5451,18
OTP,0,20110118,094136,5451,32
OTP,0,20110118,094145,5450,430
OTP,0,20110118,094147,5450,100
SYNERGON,0,20110118,094159,521,140
CSEPEL,0,20110118,094205,370,36
MOL,0,20110118,094213,22190,111
MOL,0,20110118,094213,22190,50
MOL,0,20110118,094213,22195,78
MOL,0,20110118,094213,22195,261
OTP,0,20110118,094214,5450,40
BUX1112,0,20110118,094222,23212,5
OTP,0,20110118,094223,5450,1360
OTP,0,20110118,094223,5450,400
OTP,0,20110118,094225,5450,1000
OTP,0,20110118,094226,5450,1000
MOL,0,20110118,094229,22195,239
MOL,0,20110118,094229,22200,261
OTP,0,20110118,094232,5450,1240
OTP,0,20110118,094232,5450,100
OTP,0,20110118,094232,5450,1480
OTP,0,20110118,094232,5450,180
OTP,0,20110118,094238,5450,1820
OTP,0,20110118,094238,5450,1000
OTP,0,20110118,094238,5450,39
OTP,0,20110118,094241,5450,141
OTP,0,20110118,094241,5450,1500
OTP,0,20110118,094246,5450,359
OTP,0,20110118,094246,5450,1000
OTP,0,20110118,094246,5450,641
OTP,0,20110118,094249,5450,359
OTP,0,20110118,094249,5450,1500
OTP,0,20110118,094251,5450,141
CSEPEL,0,20110118,094257,360,164
EGIS,0,20110118,094312,21155,6
EGIS,0,20110118,094312,21160,4
EGIS,0,20110118,094312,21180,2
EGIS,0,20110118,094312,21195,20
EGIS,0,20110118,094312,21200,10
EGIS,0,20110118,094312,21200,8
RICHTER,0,20110118,094336,43295,3
RICHTER,0,20110118,094336,43300,14
RICHTER,0,20110118,094336,43300,5
RICHTER,0,20110118,094336,43300,3
SYNERGON,0,20110118,094344,521,151
SYNERGON,0,20110118,094344,522,200
SYNERGON,0,20110118,094344,523,39
MTELEKOM,0,20110118,094354,547,89
MTELEKOM,0,20110118,094354,548,300
MTELEKOM,0,20110118,094354,548,1411
OTP,0,20110118,094410,5445,70
OTP,0,20110118,094410,5445,30
KEG,0,20110118,094436,134,300
BUX1112,0,20110118,094449,23211.5,5
BUX1112,0,20110118,094449,23210,5
MOL,0,20110118,094502,22195,100
OTP,0,20110118,094523,5441,14
OTP,0,20110118,094523,5440,14
OTP,0,20110118,094523,5438,37
SYNERGON,0,20110118,094529,523,141
SYNERGON,0,20110118,094529,524,9
OTP,0,20110118,094532,5445,20
OTP,0,20110118,094532,5445,25
OTP,0,20110118,094532,5445,30
OTP,0,20110118,094532,5447,25
RICHTER,0,20110118,094537,43280,4
MOL,0,20110118,094544,22185,3
MOL,0,20110118,094546,22195,400
MOL,0,20110118,094546,22200,1299
MOL,0,20110118,094546,22200,132
MOL,0,20110118,094546,22200,2
MOL,0,20110118,094546,22200,50
MOL,0,20110118,094546,22200,110
MOL,0,20110118,094546,22200,25
MTELEKOM,0,20110118,094558,547,100
PANNERGY,0,20110118,094604,907,100
SYNERGON,0,20110118,094605,524,124
SYNERGON,0,20110118,094645,525,200
SYNERGON,0,20110118,094714,527,190
SYNERGON,0,20110118,094714,527,200
SYNERGON,0,20110118,094714,527,200
SYNERGON,0,20110118,094714,528,82
SYNERGON,0,20110118,094714,528,828
BUX1112,0,20110118,094720,23220,6
BUX1112,0,20110118,094720,23220,1
BUX1112,0,20110118,094729,23228,1
BUX1112,0,20110118,094742,23229,1
BUX1112,0,20110118,094742,23229,1
OTP,0,20110118,094746,5440,600
SYNERGON,0,20110118,094751,528,172
SYNERGON,0,20110118,094751,528,28
SYNERGON,0,20110118,094825,528,22
OTP,0,20110118,094826,5439,500
OTP,0,20110118,094832,5438,20
BUX1112,0,20110118,094839,23211,1
BUX1112,0,20110118,094839,23210,1
OTP,0,20110118,094847,5438,10
SYNERGON,0,20110118,094847,529,100
OTP,0,20110118,094905,5438,45
OTP,0,20110118,094905,5438,10
OTP,0,20110118,094911,5438,200
MOL,0,20110118,094932,22200,5
MOL,0,20110118,094932,22200,100
OTP,0,20110118,094937,5440,5
OTP,0,20110118,094947,5440,20
BUX1112,0,20110118,094953,23211,2
KEG,0,20110118,094955,134,1540
KEG,0,20110118,094955,134,1
MTELEKOM,0,20110118,095001,547,3
OTP,0,20110118,095003,5445,50
OTP,0,20110118,095006,5445,33
OTP,0,20110118,095013,5445,10
SYNERGON,0,20110118,095016,532,75
OTP,0,20110118,095024,5446,120
OTP,0,20110118,095024,5447,1000
OTP,0,20110118,095024,5447,380
OTP,0,20110118,095035,5447,120
OTP,0,20110118,095035,5448,1380
MOL,0,20110118,095036,22200,5
OTP,0,20110118,095037,5448,120
OTP,0,20110118,095037,5449,360
OTP,0,20110118,095037,5450,1020
KEG,0,20110118,095038,134,1600
OTP,0,20110118,095041,5447,60
OTP,0,20110118,095041,5450,339
OTP,0,20110118,095041,5450,11
OTP,0,20110118,095041,5450,1000
OTP,0,20110118,095041,5450,90
BUX1112,0,20110118,095046,23227,2
BUX1112,0,20110118,095046,23227,1
BUX1112,0,20110118,095046,23228,9
BUX1112,0,20110118,095046,23230,2
BUX1112,0,20110118,095046,23230,2
OTP,0,20110118,095052,5450,910
OTP,0,20110118,095052,5450,1000
OTP,0,20110118,095052,5450,20
OTP,0,20110118,095052,5450,120
OTP,0,20110118,095052,5450,85
OTP,0,20110118,095052,5450,50
OTP,0,20110118,095052,5450,1150
OTP,0,20110118,095052,5450,115
PFLAX,0,20110118,095053,632,100
OTP,0,20110118,095054,5450,185
OTP,0,20110118,095054,5450,60
OTP,0,20110118,095054,5450,155
OTP,0,20110118,095059,5450,845
OTP,0,20110118,095059,5450,200
OTP,0,20110118,095108,5450,15
OTP,0,20110118,095116,5451,200
OTP,0,20110118,095118,5450,10
OTP,0,20110118,095121,5450,10
OTP,0,20110118,095128,5450,10
OTP,0,20110118,095137,5450,55
OTP,0,20110118,095137,5445,36
OTP,0,20110118,095137,5440,89
CSEPEL,0,20110118,095219,370,164
SYNERGON,0,20110118,095224,533,144
SYNERGON,0,20110118,095224,534,6
OTP,0,20110118,095225,5441,43
FOTEX,0,20110118,095229,389,169
FOTEX,0,20110118,095229,389,250
FOTEX,0,20110118,095229,389,581
EGIS,0,20110118,095234,21200,2
EGIS,0,20110118,095234,21200,2
EGIS,0,20110118,095234,21200,18
FHB,0,20110118,095240,970,85
FHB,0,20110118,095252,970,332
FHB,0,20110118,095252,970,103
FHB,0,20110118,095252,970,65
OTP,0,20110118,095302,5445,15
OTP,0,20110118,095302,5441,7
OTP,0,20110118,095302,5441,28
OTP,0,20110118,095313,5441,117
MOL,0,20110118,095326,22220,25
MOL,0,20110118,095326,22225,15
MOL,0,20110118,095326,22225,5
SYNERGON,0,20110118,095329,534,25
OTP,0,20110118,095333,5441,79
KEG,0,20110118,095336,134,509
MTELEKOM,0,20110118,095349,546,100
MOL,0,20110118,095406,22225,30
OTP,0,20110118,095410,5448,22
OTP,0,20110118,095410,5448,14
OTP,0,20110118,095410,5449,200
OTP,0,20110118,095410,5449,100
OTP,0,20110118,095410,5450,100
OTP,0,20110118,095410,5450,20
OTP,0,20110118,095410,5450,44
BUX1112,0,20110118,095417,23233.5,1
BUX1112,0,20110118,095417,23234,2
BUX1112,0,20110118,095417,23235,2
MOL,0,20110118,095432,22225,25
MOL,0,20110118,095440,22220,15
MOL,0,20110118,095440,22200,35
OTP,0,20110118,095450,5450,5
SYNERGON,0,20110118,095507,532,200
OTP,0,20110118,095521,5450,1
OTP,0,20110118,095521,5450,10
OTP,0,20110118,095521,5450,74
OTP,0,20110118,095521,5450,15
EGIS,0,20110118,095620,21200,32
EGIS,0,20110118,095620,21200,2500
MTELEKOM,0,20110118,095711,546,200
CSEPEL,0,20110118,095717,366,100
OTP,0,20110118,095718,5450,33
FHB,0,20110118,095719,969,300
FHB,0,20110118,095719,970,35
FHB,0,20110118,095719,970,100
FHB,0,20110118,095719,971,790
MTELEKOM,0,20110118,095725,547,144
MTELEKOM,0,20110118,095725,548,589
MTELEKOM,0,20110118,095725,548,200
MTELEKOM,0,20110118,095725,548,100
MTELEKOM,0,20110118,095725,548,200
MTELEKOM,0,20110118,095725,548,1000
MTELEKOM,0,20110118,095725,548,250
MTELEKOM,0,20110118,095725,548,160
MTELEKOM,0,20110118,095725,548,450
MTELEKOM,0,20110118,095725,548,800
MTELEKOM,0,20110118,095725,548,107
MTELEKOM,0,20110118,095733,548,93
MTELEKOM,0,20110118,095733,548,200
MTELEKOM,0,20110118,095733,548,1000
MTELEKOM,0,20110118,095733,548,1000
MTELEKOM,0,20110118,095733,548,125
MTELEKOM,0,20110118,095733,548,100
MTELEKOM,0,20110118,095733,548,1000
SYNERGON,0,20110118,095803,532,3
OTP,0,20110118,095807,5443,1000
MOL,0,20110118,095815,22220,4
MTELEKOM,0,20110118,095816,547,100
OTP,0,20110118,095817,5445,5
MOL,0,20110118,095832,22225,6
OTP,0,20110118,095839,5442,10
OTP,0,20110118,095844,5442,50
OTP,0,20110118,095845,5445,35
OTP,0,20110118,095845,5449,30
OTP,0,20110118,095845,5450,19
OTP,0,20110118,095845,5450,16
BUX1112,0,20110118,095852,23230,1
BUX1112,0,20110118,095852,23230,1
BUX1112,0,20110118,095852,23234,2
BUX1112,0,20110118,095852,23235,10
BUX1112,0,20110118,095852,23235,2
BUX1112,0,20110118,095857,23235,6
OTP,0,20110118,095900,5445,50
OTP,0,20110118,095900,5450,34
OTP,0,20110118,095900,5450,1000
OTP,0,20110118,095900,5450,50
OTP,0,20110118,095900,5450,100
OTP,0,20110118,095900,5450,20
OTP,0,20110118,095900,5450,100
OTP,0,20110118,095900,5450,100
OTP,0,20110118,095900,5450,10
OTP,0,20110118,095900,5450,100
MTELEKOM,0,20110118,095907,547,182
OTP,0,20110118,095913,5450,436
MOL,0,20110118,095915,22205,2
BUX1112,0,20110118,095918,23238,2
BUX1112,0,20110118,095918,23239,1
BUX1112,0,20110118,095918,23239,1
BUX1112,0,20110118,095918,23240,2
BUX1112,0,20110118,095918,23240,2
BUX1112,0,20110118,095918,23244,2
RICHTER,0,20110118,095922,43320,20
RICHTER,0,20110118,095922,43345,5
RICHTER,0,20110118,095922,43345,100
OTP,0,20110118,100019,5450,300
OTP,0,20110118,100019,5450,564
OTP,0,20110118,100039,5450,50
OTP,0,20110118,100039,5450,50
MTELEKOM,0,20110118,100112,548,500
MTELEKOM,0,20110118,100112,548,500
FHB,0,20110118,100114,970,300
MOL,0,20110118,100116,22220,5
MOL,0,20110118,100116,22220,47
MOL,0,20110118,100116,22220,140
OTP,0,20110118,100116,5450,50
MOL,0,20110118,100125,22225,19
MOL,0,20110118,100125,22225,142
OTP,0,20110118,100146,5443,11
MOL,0,20110118,100150,22225,100
PANNERGY,0,20110118,100152,907,400
PANNERGY,0,20110118,100152,907,100
PANNERGY,0,20110118,100152,906,214
PANNERGY,0,20110118,100152,906,18
PANNERGY,0,20110118,100152,906,76
PANNERGY,0,20110118,100152,906,500
PANNERGY,0,20110118,100152,906,100
PANNERGY,0,20110118,100152,905,52
OTP,0,20110118,100210,5450,40
MOL,0,20110118,100220,22230,30
MOL,0,20110118,100220,22230,142
OTP,0,20110118,100223,5450,50
OTP,0,20110118,100229,5447,180
MTELEKOM,0,20110118,100244,548,500
MTELEKOM,0,20110118,100244,548,200
MOL,0,20110118,100245,22245,200
MOL,0,20110118,100245,22245,10
MOL,0,20110118,100245,22250,6
MOL,0,20110118,100245,22250,37
MOL,0,20110118,100245,22250,25
MOL,0,20110118,100245,22250,16
MOL,0,20110118,100245,22250,250
MOL,0,20110118,100245,22250,100
MOL,0,20110118,100245,22250,25
MOL,0,20110118,100245,22250,47
MOL,0,20110118,100245,22250,5
MOL,0,20110118,100311,22260,30
MOL,0,20110118,100311,22270,25
MOL,0,20110118,100311,22270,105
MOL,0,20110118,100311,22270,40
OTP,0,20110118,100313,5450,210
OTP,0,20110118,100313,5450,10
OTP,0,20110118,100313,5450,200
OTP,0,20110118,100313,5450,1000
OTP,0,20110118,100313,5450,36
OTP,0,20110118,100313,5450,1000
OTP,0,20110118,100313,5450,34
MTELEKOM,0,20110118,100313,549,500
MTELEKOM,0,20110118,100313,549,200
MTELEKOM,0,20110118,100313,549,200
MTELEKOM,0,20110118,100313,549,200
MTELEKOM,0,20110118,100313,549,3900
BUX1112,0,20110118,100319,23230.5,1
MOL,0,20110118,100321,22220,20
BUX1112,0,20110118,100324,23244,3
BUX1112,0,20110118,100324,23244,1
BUX1112,0,20110118,100336,23244,15
OTP,0,20110118,100348,5450,30
BUX1112,0,20110118,100357,23244,4
BUX1112,0,20110118,100357,23244,2
BUX1112,0,20110118,100357,23245,1
BUX1112,0,20110118,100357,23245,2
BUX1112,0,20110118,100357,23245,3
BUX1112,0,20110118,100357,23245,22
MTELEKOM,0,20110118,100357,549,566
MTELEKOM,0,20110118,100357,549,184
OTP,0,20110118,100358,5450,30
BUX1112,0,20110118,100401,23245,6
OTP,0,20110118,100404,5451,68
BUX1112,0,20110118,100405,23244,6
EBDAX,0,20110118,100407,1962,3
OTP,0,20110118,100412,5451,9
OTP,0,20110118,100417,5452,100
OTP,0,20110118,100417,5455,6
OTP,0,20110118,100417,5455,44
OTP,0,20110118,100417,5455,154
OTP,0,20110118,100417,5457,100
OTP,0,20110118,100417,5457,1333
OTP,0,20110118,100417,5458,100
OTP,0,20110118,100417,5458,18
OTP,0,20110118,100417,5458,795
OTP,0,20110118,100420,5458,205
OTP,0,20110118,100420,5458,200
OTP,0,20110118,100420,5459,160
OTP,0,20110118,100420,5459,50
OTP,0,20110118,100420,5459,60
OTP,0,20110118,100420,5459,50
OTP,0,20110118,100420,5459,50
OTP,0,20110118,100420,5459,900
OTP,0,20110118,100420,5459,200
OTP,0,20110118,100420,5459,1000
OTP,0,20110118,100420,5459,150
OTP,0,20110118,100420,5459,327
OTP,0,20110118,100420,5460,10
OTP,0,20110118,100420,5460,170
OTP,0,20110118,100420,5460,88
OTP,0,20110118,100420,5460,500
OTP,0,20110118,100420,5460,150
OTP,0,20110118,100420,5460,1180
OTP,0,20110118,100420,5460,20
OTP,0,20110118,100420,5460,300
MOL,0,20110118,100422,22270,60
MOL,0,20110118,100422,22270,20
MOL,0,20110118,100422,22270,144
MOL,0,20110118,100422,22280,200
MOL,0,20110118,100422,22285,220
MOL,0,20110118,100422,22290,500
MOL,0,20110118,100422,22290,19
MOL,0,20110118,100422,22290,2
MOL,0,20110118,100422,22290,30
MOL,0,20110118,100422,22295,4
MOL,0,20110118,100422,22295,50
MOL,0,20110118,100422,22295,50
MOL,0,20110118,100422,22295,50
MOL,0,20110118,100422,22295,50
MOL,0,20110118,100422,22295,30
MOL,0,20110118,100422,22295,63
MOL,0,20110118,100422,22295,800
MOL,0,20110118,100422,22300,50
MOL,0,20110118,100422,22300,27
MOL,0,20110118,100422,22300,75
MOL,0,20110118,100422,22300,17
MOL,0,20110118,100422,22300,32
MOL,0,20110118,100422,22300,32
MOL,0,20110118,100422,22300,86
MOL,0,20110118,100422,22300,49
MOL,0,20110118,100422,22300,205
MOL,0,20110118,100422,22300,30
MOL,0,20110118,100422,22300,50
MOL,0,20110118,100422,22300,5
MOL,0,20110118,100422,22300,20
MOL,0,20110118,100422,22300,17
MOL,0,20110118,100422,22300,13
MOL,0,20110118,100422,22300,7
MOL,0,20110118,100422,22300,43
CSEPEL,0,20110118,100425,367,200
CSEPEL,0,20110118,100425,366,400
CSEPEL,0,20110118,100425,365,152
CSEPEL,0,20110118,100425,365,300
CSEPEL,0,20110118,100425,363,250
CSEPEL,0,20110118,100425,362,100
CSEPEL,0,20110118,100425,361,100
CSEPEL,0,20110118,100425,360,300
CSEPEL,0,20110118,100425,360,300
BUX1112,0,20110118,100427,23246,2
BUX1112,0,20110118,100427,23247,1
BUX1112,0,20110118,100427,23247,1
BUX1112,0,20110118,100427,23248,2
BUX1112,0,20110118,100427,23248,1
BUX1112,0,20110118,100427,23248,1
BUX1112,0,20110118,100427,23248,1
BUX1112,0,20110118,100427,23249,1
BUX1112,0,20110118,100427,23249,3
BUX1112,0,20110118,100427,23249,1
BUX1112,0,20110118,100427,23249.5,1
BUX1112,0,20110118,100427,23250,1
BUX1112,0,20110118,100427,23250,5
BUX1112,0,20110118,100427,23250,3
BUX1112,0,20110118,100427,23250,3
BUX1112,0,20110118,100427,23250,5
BUX1112,0,20110118,100427,23250,1
BUX1112,0,20110118,100427,23250,17
BUX1112,0,20110118,100427,23250,4
BUX1112,0,20110118,100427,23250,1
BUX1112,0,20110118,100427,23250,1
CSEPEL,0,20110118,100432,360,398
MOL,0,20110118,100432,22300,21
MOL,0,20110118,100432,22300,100
MOL,0,20110118,100432,22300,65
MOL,0,20110118,100432,22300,100
MOL,0,20110118,100432,22300,435
BUX1112,0,20110118,100434,23249.5,2
BUX1112,0,20110118,100434,23250,1
MOL,0,20110118,100435,22300,65
MOL,0,20110118,100435,22300,250
MOL,0,20110118,100435,22300,100
OTP,0,20110118,100442,5451,102
OTP,0,20110118,100442,5451,1000
MOL,0,20110118,100442,22300,200
MOL,0,20110118,100444,22300,80
MOL,0,20110118,100444,22305,110
MOL,0,20110118,100444,22310,10
MOL,0,20110118,100447,22300,200
BUX1112,0,20110118,100448,23250,5
MOL,0,20110118,100453,22300,10
OTP,0,20110118,100454,5450,50
BUX1112,0,20110118,100455,23250,71
BUX1112,0,20110118,100455,23260,1
BUX1112,0,20110118,100455,23260,5
BUX1112,0,20110118,100455,23260,13
BUX1112,0,20110118,100455,23260,10
BUX1112,0,20110118,100455,23260,2
BUX1112,0,20110118,100455,23260,1
BUX1112,0,20110118,100455,23265,1
BUX1112,0,20110118,100455,23268,1
BUX1112,0,20110118,100455,23269,1
BUX1112,0,20110118,100455,23269,7
BUX1112,0,20110118,100455,23273,1
BUX1112,0,20110118,100455,23275,1
BUX1112,0,20110118,100455,23277,1
BUX1112,0,20110118,100455,23277,1
BUX1112,0,20110118,100455,23279,2
MOL,0,20110118,100457,22300,40
MOL,0,20110118,100457,22300,140
BUX1112,0,20110118,100459,23275,1
BUX1112,0,20110118,100500,23275,10
BUX1112,0,20110118,100502,23272,1
MOL,0,20110118,100503,22300,20
BUX1112,0,20110118,100505,23272,2
MOL,0,20110118,100507,22300,230
MOL,0,20110118,100514,22300,500
CSEPEL,0,20110118,100515,377,20
MOL,0,20110118,100519,22310,3
MOL,0,20110118,100519,22300,51
MOL,0,20110118,100544,22300,449
MOL,0,20110118,100551,22290,5
MOL,0,20110118,100551,22300,10
ECONET,0,20110118,100553,89,2000
ECONET,0,20110118,100553,90,1000
MOL,0,20110118,100557,22300,41
MOL,0,20110118,100557,22300,459
MOL,0,20110118,100558,22300,10
BUX1112,0,20110118,100613,23260,1
BUX1112,0,20110118,100616,23260,16
ZWACK,0,20110118,100633,12960,1
ZWACK,0,20110118,100633,12950,20
ZWACK,0,20110118,100633,12910,11
ZWACK,0,20110118,100633,12900,10
ZWACK,0,20110118,100633,12900,1
OTP,0,20110118,100637,5450,50
ZWACK,0,20110118,100641,12900,17
MOL,0,20110118,100648,22220,6000
MOL,0,20110118,100651,22300,31
MOL,0,20110118,100651,22300,139
OTP,0,20110118,100651,5450,100
OTP,0,20110118,100651,5450,400
MOL,0,20110118,100703,22300,10
BUX1112,0,20110118,100709,23260,5
MTELEKOM,0,20110118,100713,548,73
BUX1112,0,20110118,100753,23260,4
BUX1112,0,20110118,100753,23260,1
MOL,0,20110118,100810,22260,10
BUX1112,0,20110118,100823,23272,1
FOTEX,0,20110118,100838,389,90
MOL,0,20110118,100847,22260,48
MOL,0,20110118,100847,22255,20
MOL,0,20110118,100847,22255,100
MOL,0,20110118,100847,22250,100
MOL,0,20110118,100847,22250,340
MTELEKOM,0,20110118,100909,548,4507
OTP,0,20110118,100937,5450,100
OTP,0,20110118,100946,5450,1000
OTP,0,20110118,100949,5450,10
MOL,0,20110118,100952,22250,31
BUX1112,0,20110118,100953,23260,20
OTP,0,20110118,100956,5447,320
OTP,0,20110118,100956,5444,100
OTP,0,20110118,100956,5444,1080
MOL,0,20110118,101008,22250,51
MOL,0,20110118,101008,22250,167
OTP,0,20110118,101009,5444,96
MOL,0,20110118,101010,22290,10
MOL,0,20110118,101023,22235,10
MOL,0,20110118,101024,22235,330
MOL,0,20110118,101024,22230,108
BUX1112,0,20110118,101029,23251,1
BUX1112,0,20110118,101029,23250,1
MOL,0,20110118,101030,22235,340
MOL,0,20110118,101034,22235,340
MOL,0,20110118,101039,22235,340
OTP,0,20110118,101042,5444,324
OTP,0,20110118,101042,5443,74
BUX1112,0,20110118,101053,23250,2
MOL,0,20110118,101053,22230,92
MOL,0,20110118,101057,22225,100
MOL,0,20110118,101057,22225,100
RICHTER,0,20110118,101102,43200,50
RICHTER,0,20110118,101102,43150,10
RICHTER,0,20110118,101102,43100,10
RICHTER,0,20110118,101102,43040,50
RICHTER,0,20110118,101102,43035,30
MOL,0,20110118,101107,22210,560
BUX1112,0,20110118,101107,23250,3
MOL,0,20110118,101110,22210,383
RICHTER,0,20110118,101111,43035,45
RICHTER,0,20110118,101111,43030,53
RICHTER,0,20110118,101111,43020,10
RICHTER,0,20110118,101111,43015,42
OTP,0,20110118,101111,5449,400
MOL,0,20110118,101114,22210,57
BUX1112,0,20110118,101116,23250,1
BUX1112,0,20110118,101117,23250,1
MOL,0,20110118,101118,22205,20
MOL,0,20110118,101118,22205,200
MOL,0,20110118,101118,22200,55
MOL,0,20110118,101118,22200,100
MOL,0,20110118,101118,22200,8
MOL,0,20110118,101122,22200,261
BUX1112,0,20110118,101125,23250,1
MOL,0,20110118,101139,22235,350
MOL,0,20110118,101139,22235,135
BUX1112,0,20110118,101143,23250,4
RICHTER,0,20110118,101157,43300,10
RICHTER,0,20110118,101157,43300,19
MTELEKOM,0,20110118,101158,548,493
MTELEKOM,0,20110118,101158,548,2364
MTELEKOM,0,20110118,101158,549,316
MTELEKOM,0,20110118,101158,549,2000
MTELEKOM,0,20110118,101158,549,600
MTELEKOM,0,20110118,101158,549,80
MTELEKOM,0,20110118,101158,549,300
MTELEKOM,0,20110118,101158,549,5000
MTELEKOM,0,20110118,101158,549,4400
MTELEKOM,0,20110118,101158,549,4400
MTELEKOM,0,20110118,101158,549,500
MTELEKOM,0,20110118,101158,549,200
MTELEKOM,0,20110118,101158,549,5000
MTELEKOM,0,20110118,101158,550,850
MTELEKOM,0,20110118,101158,550,1000
MTELEKOM,0,20110118,101158,550,350
MTELEKOM,0,20110118,101158,550,2000
MTELEKOM,0,20110118,101158,550,10500
MTELEKOM,0,20110118,101158,550,400
MTELEKOM,0,20110118,101158,550,1500
MTELEKOM,0,20110118,101158,550,100
MTELEKOM,0,20110118,101158,550,200
MTELEKOM,0,20110118,101158,550,480
MTELEKOM,0,20110118,101158,550,500
MTELEKOM,0,20110118,101158,550,10000
MTELEKOM,0,20110118,101158,550,2000
MTELEKOM,0,20110118,101158,550,500
MTELEKOM,0,20110118,101158,550,2000
MTELEKOM,0,20110118,101158,550,300
MTELEKOM,0,20110118,101158,550,500
MTELEKOM,0,20110118,101158,550,300
MTELEKOM,0,20110118,101158,550,5000
MTELEKOM,0,20110118,101158,550,200
MTELEKOM,0,20110118,101158,550,15000
MTELEKOM,0,20110118,101158,550,500
MOL,0,20110118,101159,22250,1
OTP,0,20110118,101206,5444,200
RICHTER,0,20110118,101210,43300,30
MTELEKOM,0,20110118,101212,551,200
MTELEKOM,0,20110118,101212,551,300
MTELEKOM,0,20110118,101212,551,200
MTELEKOM,0,20110118,101212,551,20000
MTELEKOM,0,20110118,101212,551,200
MTELEKOM,0,20110118,101212,551,7000
MTELEKOM,0,20110118,101212,551,500
MTELEKOM,0,20110118,101212,551,800
MTELEKOM,0,20110118,101220,551,800
MOL,0,20110118,101222,22215,3
MOL,0,20110118,101225,22215,1
MOL,0,20110118,101225,22210,14
BUX1112,0,20110118,101228,23259,2
CSEPEL,0,20110118,101236,376,300
RICHTER,0,20110118,101236,43300,10
OTP,0,20110118,101240,5443,480
OTP,0,20110118,101241,5443,496
OTP,0,20110118,101250,5442,940
OTP,0,20110118,101250,5441,100
OTP,0,20110118,101250,5440,1000
OTP,0,20110118,101250,5440,136
RICHTER,0,20110118,101251,43300,71
MTELEKOM,0,20110118,101304,550,500
OTP,0,20110118,101310,5440,1000
MOL,0,20110118,101314,22215,300
MOL,0,20110118,101317,22205,225
OTP,0,20110118,101317,5438,1004
MOL,0,20110118,101322,22205,75
OTP,0,20110118,101325,5438,30
MOL,0,20110118,101328,22205,125
MOL,0,20110118,101328,22205,500
OTP,0,20110118,101331,5438,30
RICHTER,0,20110118,101331,43115,15
OTP,0,20110118,101333,5438,44
RICHTER,0,20110118,101334,43115,3
MOL,0,20110118,101335,22205,100
BUX1112,0,20110118,101353,23235,1
BUX1112,0,20110118,101353,23226,2
BUX1112,0,20110118,101353,23225,3
BUX1112,0,20110118,101353,23216,4
MTELEKOM,0,20110118,101404,551,5200
MTELEKOM,0,20110118,101404,551,200
MTELEKOM,0,20110118,101404,551,300
OTP,0,20110118,101420,5438,70
OTP,0,20110118,101420,5437,1000
MTELEKOM,0,20110118,101429,551,10
MOL,0,20110118,101433,22205,25
RABA,0,20110118,101433,840,2000
MTELEKOM,0,20110118,101436,551,290
MOL,0,20110118,101453,22210,500
MTELEKOM,0,20110118,101453,551,300
OTP,0,20110118,101459,5437,250
OTP,0,20110118,101500,5437,73
BUX1112,0,20110118,101506,23230,5
OTP,0,20110118,101509,5436,200
MTELEKOM,0,20110118,101521,551,50
RICHTER,0,20110118,101525,43295,10
SYNERGON,0,20110118,101538,528,1
SYNERGON,0,20110118,101546,528,277
SYNERGON,0,20110118,101546,526,144
SYNERGON,0,20110118,101546,525,200
SYNERGON,0,20110118,101546,525,200
SYNERGON,0,20110118,101546,524,29
OTP,0,20110118,101547,5435,1
OTP,0,20110118,101547,5432,199
OTP,0,20110118,101547,5432,1
OTP,0,20110118,101547,5431,136
RICHTER,0,20110118,101601,43150,100
OTP,0,20110118,101605,5432,100
MTELEKOM,0,20110118,101608,551,200
MTELEKOM,0,20110118,101639,551,1196
FHB,0,20110118,101645,970,200
OTP,0,20110118,101700,5432,2
OTP,0,20110118,101706,5432,148
OTP,0,20110118,101706,5431,52
RICHTER,0,20110118,101718,43115,12
RICHTER,0,20110118,101718,43115,10
RICHTER,0,20110118,101718,43110,18
RICHTER,0,20110118,101718,43100,60
OTP,0,20110118,101718,5431,150
MTELEKOM,0,20110118,101718,551,500
RICHTER,0,20110118,101723,43100,40
RICHTER,0,20110118,101723,43100,5
RICHTER,0,20110118,101728,43100,5
RICHTER,0,20110118,101732,43055,10
RICHTER,0,20110118,101732,43050,50
RICHTER,0,20110118,101732,43050,140
MOL,0,20110118,101735,22210,30
MOL,0,20110118,101735,22205,20
MOL,0,20110118,101737,22235,200
MOL,0,20110118,101737,22235,158
MOL,0,20110118,101737,22240,100
MOL,0,20110118,101737,22245,57
OTP,0,20110118,101737,5440,8000
SYNERGON,0,20110118,101739,524,847
SYNERGON,0,20110118,101739,522,259
MTELEKOM,0,20110118,101748,551,300
OTP,0,20110118,101751,5432,12
MTELEKOM,0,20110118,101759,552,200
MTELEKOM,0,20110118,101759,552,300
MTELEKOM,0,20110118,101824,551,1000
OTP,0,20110118,101829,5434,60
OTP,0,20110118,101829,5432,188
OTP,0,20110118,101829,5431,120
FHB,0,20110118,101833,970,235
OTP,0,20110118,101840,5431,12
BUX1112,0,20110118,101925,23221,1
BUX1112,0,20110118,101925,23221,4
OTP,0,20110118,101926,5432,30
MTELEKOM,0,20110118,101938,551,500
OTP,0,20110118,102019,5437,22
MTELEKOM,0,20110118,102024,552,170
MTELEKOM,0,20110118,102024,552,2000
MTELEKOM,0,20110118,102024,552,180
MTELEKOM,0,20110118,102024,552,185
MTELEKOM,0,20110118,102024,552,965
MOL,0,20110118,102034,22205,10
ORC,0,20110118,102038,1995,92
RICHTER,0,20110118,102039,43150,50
RICHTER,0,20110118,102043,43150,50
RICHTER,0,20110118,102047,43200,2
RICHTER,0,20110118,102048,43050,10
RICHTER,0,20110118,102048,43050,102
OTP,0,20110118,102100,5437,85
OTP,0,20110118,102117,5438,15
OTP,0,20110118,102117,5435,70
OTP,0,20110118,102117,5433,1000
OTP,0,20110118,102117,5432,400
OTP,0,20110118,102117,5432,300
OTP,0,20110118,102117,5431,705
OTP,0,20110118,102126,5439,500
MTELEKOM,0,20110118,102137,552,100
OTP,0,20110118,102141,5431,40
FHB,0,20110118,102143,970,265
OTP,0,20110118,102156,5435,260
BUX1112,0,20110118,102207,23238,2
SYNERGON,0,20110118,102217,530,200
SYNERGON,0,20110118,102217,530,140
ECONET,0,20110118,102218,89,1400
OTP,0,20110118,102233,5435,100
OTP,0,20110118,102248,5431,231
OTP,0,20110118,102248,5431,21
OTP,0,20110118,102248,5431,200
OTP,0,20110118,102248,5430,10
OTP,0,20110118,102248,5430,1242
OTP,0,20110118,102248,5430,100
OTP,0,20110118,102258,5430,1500
OTP,0,20110118,102259,5430,158
OTP,0,20110118,102259,5430,65
OTP,0,20110118,102303,5428,2000
OTP,0,20110118,102315,5430,25
CSEPEL,0,20110118,102322,361,400
CSEPEL,0,20110118,102322,360,162
RFV,0,20110118,102325,8500,2
RFV,0,20110118,102325,8500,59
OTP,0,20110118,102339,5430,150
OTP,0,20110118,102402,5430,2
OTP,0,20110118,102402,5430,18
OTP,0,20110118,102403,5430,2
MTELEKOM,0,20110118,102409,551,500
OTP,0,20110118,102444,5430,18
ORC,0,20110118,102507,1995,50
RICHTER,0,20110118,102530,43210,10
MTELEKOM,0,20110118,102538,552,450
RICHTER,0,20110118,102556,43210,10
BUX1112,0,20110118,102604,23230,1
BUX1112,0,20110118,102604,23236,1
BUX1112,0,20110118,102604,23238,1
RFV,0,20110118,102624,8550,1
RFV,0,20110118,102624,8550,10
RFV,0,20110118,102624,8550,61
RFV,0,20110118,102624,8570,50
RFV,0,20110118,102624,8573,25
RFV,0,20110118,102624,8573,48
RFV,0,20110118,102624,8574,5
PFLAX,0,20110118,102627,611,500
MOL,0,20110118,102635,22200,100
OTP,0,20110118,102635,5430,1000
RICHTER,0,20110118,102646,43270,80
OTP,0,20110118,102647,5430,200
OTP,0,20110118,102651,5434,20
OTP,0,20110118,102651,5435,55
BUX1112,0,20110118,102657,23237,1
OTP,0,20110118,102729,5430,800
OTP,0,20110118,102729,5430,200
OTP,0,20110118,102729,5430,800
SYNERGON,0,20110118,102730,530,120
MTELEKOM,0,20110118,102745,552,2000
KEG,0,20110118,102748,133,700
KEG,0,20110118,102748,133,300
OTP,0,20110118,102752,5430,50
OTP,0,20110118,102754,5430,1000
OTP,0,20110118,102755,5430,1000
OTP,0,20110118,102756,5430,350
OTP,0,20110118,102801,5430,500
SYNERGON,0,20110118,102805,530,280
OTP,0,20110118,102810,5430,150
OTP,0,20110118,102810,5430,562
OTP,0,20110118,102815,5430,1000
OTP,0,20110118,102817,5430,50
OTP,0,20110118,102823,5430,2000
OTP,0,20110118,102824,5430,200
OTP,0,20110118,102834,5428,36
OTP,0,20110118,102841,5426,2
OTP,0,20110118,102845,5430,500
OTP,0,20110118,102845,5430,100
OTP,0,20110118,102848,5435,50
ORC,0,20110118,102902,1995,11
ORC,0,20110118,102902,1995,40
OTP,0,20110118,102912,5435,35
OTP,0,20110118,102912,5435,10
OTP,0,20110118,102917,5435,190
BUX1112,0,20110118,102932,23236,1
BUX1112,0,20110118,102947,23236,2
BUX1112,0,20110118,103003,23236,2
MOL,0,20110118,103004,22200,500
RICHTER,0,20110118,103006,43270,2
OTP,0,20110118,103006,5435,50
OTP,0,20110118,103006,5435,50
MOL,0,20110118,103009,22200,100
MTELEKOM,0,20110118,103011,551,5000
OTP,0,20110118,103014,5439,250
MTELEKOM,0,20110118,103014,552,70
BUX1112,0,20110118,103018,23236,5
BUX1112,0,20110118,103020,23236,1
MTELEKOM,0,20110118,103030,551,164
MTELEKOM,0,20110118,103030,551,496
MTELEKOM,0,20110118,103034,551,4
MTELEKOM,0,20110118,103034,551,300
MTELEKOM,0,20110118,103034,551,2000
MTELEKOM,0,20110118,103034,550,19667
MTELEKOM,0,20110118,103034,550,3029
OTP,0,20110118,103140,5439,750
OTP,0,20110118,103140,5439,74
OTP,0,20110118,103140,5439,10
OTP,0,20110118,103140,5440,166
OTP,0,20110118,103140,5440,34
OTP,0,20110118,103140,5440,100
OTP,0,20110118,103140,5440,22
OTP,0,20110118,103140,5440,100
OTP,0,20110118,103145,5440,744
OTP,0,20110118,103148,5440,1000
OTP,0,20110118,103148,5440,256
EGIS,0,20110118,103157,21195,20
MTELEKOM,0,20110118,103204,550,6000
MOL,0,20110118,103205,22200,100
MOL,0,20110118,103211,22200,98
OTP,0,20110118,103212,5440,500
KEG,0,20110118,103214,134,491
KEG,0,20110118,103214,134,2000
KEG,0,20110118,103214,135,2000
KEG,0,20110118,103214,135,509
OTP,0,20110118,103217,5440,20
MTELEKOM,0,20110118,103217,550,5000
EBGOLD,0,20110118,103220,2803,70
RICHTER,0,20110118,103221,43120,200
OTP,0,20110118,103223,5434,12000
OTP,0,20110118,103243,5440,224
OTP,0,20110118,103243,5440,776
CSEPEL,0,20110118,103250,364,558
CSEPEL,0,20110118,103250,365,342
MTELEKOM,0,20110118,103255,551,69
OTP,0,20110118,103300,5440,30
RABA,0,20110118,103314,841,200
MOL,0,20110118,103343,22230,14
OTP,0,20110118,103407,5441,16
OTP,0,20110118,103407,5440,194
OTP,0,20110118,103408,5440,290
OTP,0,20110118,103424,5440,280
MTELEKOM,0,20110118,103437,550,100
RICHTER,0,20110118,103439,43105,7
OTP,0,20110118,103449,5440,10
MTELEKOM,0,20110118,103520,550,871
MTELEKOM,0,20110118,103520,550,4000
MTELEKOM,0,20110118,103520,550,129
MTELEKOM,0,20110118,103529,550,2871
MTELEKOM,0,20110118,103529,550,7129
MTELEKOM,0,20110118,103548,550,250
MTELEKOM,0,20110118,103551,550,2621
MTELEKOM,0,20110118,103551,550,7379
MTELEKOM,0,20110118,103624,550,2621
MTELEKOM,0,20110118,103624,550,7379
MTELEKOM,0,20110118,103628,551,248
MTELEKOM,0,20110118,103644,550,2621
BUX1112,0,20110118,103656,23236,2
OTP,0,20110118,103723,5440,300
MTELEKOM,0,20110118,103724,550,2379
MTELEKOM,0,20110118,103724,550,400
MTELEKOM,0,20110118,103724,550,723
OTP,0,20110118,103731,5440,120
OTP,0,20110118,103731,5440,1000
OTP,0,20110118,103731,5436,305
OTP,0,20110118,103733,5440,15
OTP,0,20110118,103745,5440,365
OTP,0,20110118,103749,5443,25
OTP,0,20110118,103749,5445,5
MOL,0,20110118,103753,22200,85
OTP,0,20110118,103759,5440,29
MTELEKOM,0,20110118,103810,550,277
RICHTER,0,20110118,103823,43105,6
CSEPEL,0,20110118,103830,364,30
RICHTER,0,20110118,103843,43265,3
MTELEKOM,0,20110118,103844,551,683
MTELEKOM,0,20110118,103844,551,1000
MTELEKOM,0,20110118,103844,551,2217
MTELEKOM,0,20110118,103848,551,783
MTELEKOM,0,20110118,103848,551,1017
MTELEKOM,0,20110118,103918,550,4000
MTELEKOM,0,20110118,103925,550,723
MTELEKOM,0,20110118,103925,550,1000
OTP,0,20110118,103956,5440,606
OTP,0,20110118,103956,5440,19
MTELEKOM,0,20110118,104001,550,3277
MTELEKOM,0,20110118,104001,550,1723
BUX1112,0,20110118,104006,23230,1
MTELEKOM,0,20110118,104016,550,1000
MTELEKOM,0,20110118,104017,550,277
MOL,0,20110118,104022,22205,3
MTELEKOM,0,20110118,104023,550,723
MTELEKOM,0,20110118,104024,550,165
CSEPEL,0,20110118,104029,359,562
CSEPEL,0,20110118,104029,358,100
CSEPEL,0,20110118,104029,358,150
OTP,0,20110118,104033,5440,341
MOL,0,20110118,104047,22200,5
OTP,0,20110118,104055,5440,40
OTP,0,20110118,104055,5440,67
OTP,0,20110118,104055,5436,293
MOL,0,20110118,104104,22200,9
CSEPEL,0,20110118,104130,350,150
CSEPEL,0,20110118,104130,336,200
CSEPEL,0,20110118,104137,340,300
RICHTER,0,20110118,104141,43265,1
RICHTER,0,20110118,104141,43270,18
SYNERGON,0,20110118,104215,524,280
SYNERGON,0,20110118,104215,524,110
OTP,0,20110118,104223,5440,40
OTP,0,20110118,104223,5436,402
OTP,0,20110118,104223,5435,450
OTP,0,20110118,104223,5435,2000
OTP,0,20110118,104223,5435,600
OTP,0,20110118,104223,5435,959
RICHTER,0,20110118,104235,43250,47
RICHTER,0,20110118,104235,43285,20
RICHTER,0,20110118,104317,43290,50
RICHTER,0,20110118,104317,43290,5
MOL,0,20110118,104338,22200,5
CSEPEL,0,20110118,104341,356,30
OTP,0,20110118,104342,5435,41
OTP,0,20110118,104342,5435,12
OTP,0,20110118,104342,5435,947
PANNERGY,0,20110118,104356,907,665
MTELEKOM,0,20110118,104449,550,1012
MTELEKOM,0,20110118,104449,550,1988
RABA,0,20110118,104457,842,80
RABA,0,20110118,104457,842,100
RABA,0,20110118,104457,842,220
RABA,0,20110118,104457,842,100
MOL,0,20110118,104458,22200,20
FHB,0,20110118,104500,968,41
FHB,0,20110118,104500,967,259
MTELEKOM,0,20110118,104507,550,900
MOL,0,20110118,104522,22200,78
MOL,0,20110118,104522,22200,5
MOL,0,20110118,104522,22200,22
MOL,0,20110118,104523,22200,45
OTP,0,20110118,104527,5435,53
OTP,0,20110118,104527,5435,134
OTP,0,20110118,104538,5439,20
OTP,0,20110118,104538,5440,1000
OTP,0,20110118,104538,5440,85
BUX1112,0,20110118,104557,23238,2
BUX1112,0,20110118,104557,23238,1
BUX1112,0,20110118,104557,23240,1
BUX1112,0,20110118,104557,23245,1
BUX1112,0,20110118,104557,23247,3
BUX1112,0,20110118,104557,23247,1
BUX1112,0,20110118,104557,23248,2
BUX1112,0,20110118,104557,23249,4
BUX1112,0,20110118,104557,23249,1
BUX1112,0,20110118,104557,23250,3
AAA,0,20110118,104609,245,150
AAA,0,20110118,104609,244,50
MOL,0,20110118,104610,22200,5
MTELEKOM,0,20110118,104612,550,2112
MTELEKOM,0,20110118,104612,550,2588
OTP,0,20110118,104612,5440,100
CSEPEL,0,20110118,104615,355,562
CSEPEL,0,20110118,104615,356,70
CSEPEL,0,20110118,104615,357,368
OTP,0,20110118,104629,5440,100
MOL,0,20110118,104631,22200,450
GENESIS,0,20110118,104712,208,230
MTELEKOM,0,20110118,104755,549,282
MOL,0,20110118,104803,22200,335
GENESIS,0,20110118,104809,208,1000
BUX1112,0,20110118,104813,23230,5
OTP,0,20110118,104841,5441,40
OTP,0,20110118,104916,5442,500
CSEPEL,0,20110118,104924,356,100
CSEPEL,0,20110118,104924,357,82
CSEPEL,0,20110118,104924,358,48
OTP,0,20110118,104931,5444,3200
OTP,0,20110118,104931,5445,55
OTP,0,20110118,104931,5445,90
OTP,0,20110118,104931,5445,30
OTP,0,20110118,104935,5445,100
OTP,0,20110118,104937,5445,1000
MTELEKOM,0,20110118,104937,550,2412
MTELEKOM,0,20110118,104937,550,1000
MTELEKOM,0,20110118,104937,550,88
OTP,0,20110118,104948,5445,10
OTP,0,20110118,104953,5445,515
OTP,0,20110118,104958,5445,1485
OTP,0,20110118,104958,5445,500
OTP,0,20110118,105013,5447,80
OTP,0,20110118,105013,5448,920
MOL,0,20110118,105035,22200,150
MOL,0,20110118,105055,22200,15
OTP,0,20110118,105116,5447,500
OTP,0,20110118,105116,5448,80
OTP,0,20110118,105116,5448,40
OTP,0,20110118,105116,5449,1000
OTP,0,20110118,105116,5449,25
OTP,0,20110118,105116,5449,25
OTP,0,20110118,105116,5449,4000
OTP,0,20110118,105116,5450,2000
OTP,0,20110118,105116,5450,50
OTP,0,20110118,105116,5450,130
OTP,0,20110118,105116,5450,30
OTP,0,20110118,105116,5450,100
OTP,0,20110118,105116,5450,146
OTP,0,20110118,105116,5450,100
OTP,0,20110118,105116,5450,18
OTP,0,20110118,105116,5450,1000
OTP,0,20110118,105116,5450,1000
OTP,0,20110118,105116,5450,10
OTP,0,20110118,105116,5450,740
OTP,0,20110118,105116,5450,100
OTP,0,20110118,105116,5450,250
OTP,0,20110118,105116,5450,20
OTP,0,20110118,105116,5450,36
OTP,0,20110118,105116,5450,50
OTP,0,20110118,105116,5450,100
OTP,0,20110118,105116,5450,750
OTP,0,20110118,105116,5450,40
OTP,0,20110118,105116,5450,10
OTP,0,20110118,105116,5450,100
OTP,0,20110118,105116,5450,300
OTP,0,20110118,105116,5450,59
OTP,0,20110118,105116,5450,80
OTP,0,20110118,105116,5450,532
OTP,0,20110118,105116,5450,150
OTP,0,20110118,105116,5450,30
OTP,0,20110118,105118,5450,500
OTP,0,20110118,105121,5450,1000
BUX1112,0,20110118,105126,23249.5,2
BUX1112,0,20110118,105126,23250,3
OTP,0,20110118,105132,5450,14
OTP,0,20110118,105135,5450,1486
OTP,0,20110118,105135,5450,514
OTP,0,20110118,105141,5450,352
OTP,0,20110118,105141,5450,695
OTP,0,20110118,105143,5450,953
EGIS,0,20110118,105144,21195,13
OTP,0,20110118,105156,5450,100
OTP,0,20110118,105204,5450,1947
OTP,0,20110118,105204,5450,553
EGIS,0,20110118,105212,21195,7
EGIS,0,20110118,105212,21200,90
EGIS,0,20110118,105212,21200,2
EGIS,0,20110118,105212,21200,35
EGIS,0,20110118,105212,21200,7
EGIS,0,20110118,105212,21200,1859
ECONET,0,20110118,105213,89,1600
ECONET,0,20110118,105213,89,3400
EGIS,0,20110118,105213,21200,2100
OTP,0,20110118,105216,5450,10
CSEPEL,0,20110118,105217,358,140
MOL,0,20110118,105217,22210,10
EGIS,0,20110118,105222,21200,2041
OTP,0,20110118,105224,5450,437
OTP,0,20110118,105224,5450,563
OTP,0,20110118,105232,5450,437
OTP,0,20110118,105232,5450,363
OTP,0,20110118,105250,5455,3000
OTP,0,20110118,105250,5455,30
OTP,0,20110118,105250,5455,5000
OTP,0,20110118,105250,5455,4000
OTP,0,20110118,105250,5455,30
OTP,0,20110118,105255,5458,31
OTP,0,20110118,105255,5458,500
OTP,0,20110118,105255,5459,840
OTP,0,20110118,105255,5459,300
OTP,0,20110118,105255,5460,2500
OTP,0,20110118,105255,5460,12
OTP,0,20110118,105255,5460,25
OTP,0,20110118,105255,5460,250
OTP,0,20110118,105255,5460,150
OTP,0,20110118,105255,5460,55
OTP,0,20110118,105255,5460,20
OTP,0,20110118,105255,5460,25
OTP,0,20110118,105255,5460,18
OTP,0,20110118,105255,5460,2000
OTP,0,20110118,105255,5460,200
OTP,0,20110118,105255,5460,100
OTP,0,20110118,105255,5460,200
OTP,0,20110118,105255,5460,40
OTP,0,20110118,105255,5460,100
OTP,0,20110118,105255,5460,1000
OTP,0,20110118,105255,5460,200
OTP,0,20110118,105255,5460,8
OTP,0,20110118,105255,5460,50
OTP,0,20110118,105255,5460,1000
OTP,0,20110118,105255,5460,100
OTP,0,20110118,105255,5460,55
OTP,0,20110118,105255,5460,350
OTP,0,20110118,105255,5460,100
BUX1112,0,20110118,105300,23250,4
BUX1112,0,20110118,105310,23250,2
OTP,0,20110118,105310,5462,987
OTP,0,20110118,105310,5462,13
GENESIS,0,20110118,105319,208,1280
BUX1112,0,20110118,105338,23252,1
MOL,0,20110118,105347,22200,125
OTP,0,20110118,105348,5455,100
BUX1112,0,20110118,105359,23252,5
FHB,0,20110118,105400,970,500
OTP,0,20110118,105413,5455,10
BUX1112,0,20110118,105415,23252,4
BUX1112,0,20110118,105415,23254,10
BUX1112,0,20110118,105415,23255,3
BUX1112,0,20110118,105415,23260,30
BUX1112,0,20110118,105420,23265,4
BUX1112,0,20110118,105420,23270,1
BUX1112,0,20110118,105420,23270,1
OTP,0,20110118,105427,5460,20
OTP,0,20110118,105432,5461,60
OTP,0,20110118,105432,5462,57
OTP,0,20110118,105432,5462,1000
OTP,0,20110118,105432,5463,2250
OTP,0,20110118,105432,5463,1000
OTP,0,20110118,105432,5463,2000
OTP,0,20110118,105432,5465,100
OTP,0,20110118,105432,5465,258
OTP,0,20110118,105432,5465,151
OTP,0,20110118,105432,5465,200
OTP,0,20110118,105432,5466,100
OTP,0,20110118,105432,5466,435
OTP,0,20110118,105432,5466,36
OTP,0,20110118,105432,5466,50
OTP,0,20110118,105432,5467,2000
OTP,0,20110118,105432,5468,100
OTP,0,20110118,105432,5468,100
OTP,0,20110118,105432,5468,103
OTP,0,20110118,105449,5468,97
OTP,0,20110118,105449,5468,500
OTP,0,20110118,105449,5469,100
OTP,0,20110118,105449,5469,60
OTP,0,20110118,105449,5469,90
OTP,0,20110118,105449,5469,1000
OTP,0,20110118,105449,5469,250
OTP,0,20110118,105449,5469,300
OTP,0,20110118,105449,5470,10
OTP,0,20110118,105449,5470,11
OTP,0,20110118,105449,5470,867
OTP,0,20110118,105449,5470,100
OTP,0,20110118,105449,5470,200
OTP,0,20110118,105449,5470,42
OTP,0,20110118,105449,5470,10
OTP,0,20110118,105449,5470,240
OTP,0,20110118,105449,5470,10
OTP,0,20110118,105449,5470,50
OTP,0,20110118,105449,5470,100
OTP,0,20110118,105449,5470,50
OTP,0,20110118,105449,5470,100
OTP,0,20110118,105449,5470,100
OTP,0,20110118,105449,5470,713
BUX1112,0,20110118,105455,23270,8
OTP,0,20110118,105455,5470,1
OTP,0,20110118,105455,5470,200
OTP,0,20110118,105455,5470,40
OTP,0,20110118,105455,5470,30
OTP,0,20110118,105455,5470,20
OTP,0,20110118,105455,5470,300
OTP,0,20110118,105455,5470,226
OTP,0,20110118,105455,5470,20
OTP,0,20110118,105455,5470,20
OTP,0,20110118,105455,5470,50
OTP,0,20110118,105455,5470,593
OTP,0,20110118,105457,5470,407
OTP,0,20110118,105457,5470,224
OTP,0,20110118,105457,5470,50
OTP,0,20110118,105457,5470,319
OTP,0,20110118,105459,5469,1000
OTP,0,20110118,105459,5469,1000
OTP,0,20110118,105459,5470,1000
OTP,0,20110118,105459,5470,1000
OTP,0,20110118,105459,5470,1000
OTP,0,20110118,105503,5469,1000
OTP,0,20110118,105503,5469,1000
OTP,0,20110118,105503,5470,681
OTP,0,20110118,105503,5470,319
BUX1112,0,20110118,105511,23271,5
BUX1112,0,20110118,105511,23272,1
BUX1112,0,20110118,105511,23275,5
BUX1112,0,20110118,105511,23279,1
BUX1112,0,20110118,105511,23279,2
BUX1112,0,20110118,105511,23280,2
BUX1112,0,20110118,105511,23280,2
BUX1112,0,20110118,105511,23280,10
MOL,0,20110118,105514,22210,10
BUX1112,0,20110118,105521,23280,6
FHB,0,20110118,105522,967,241
FHB,0,20110118,105522,965,58
MOL,0,20110118,105522,22200,275
MOL,0,20110118,105522,22200,5
MTELEKOM,0,20110118,105522,549,1052
MTELEKOM,0,20110118,105522,549,3711
OTP,0,20110118,105522,5463,100
OTP,0,20110118,105522,5460,5
OTP,0,20110118,105522,5460,1000
OTP,0,20110118,105522,5455,183
RICHTER,0,20110118,105523,43180,99
MOL,0,20110118,105523,22200,38
BUX1112,0,20110118,105524,23280,19
BUX1112,0,20110118,105532,23260,2
MOL,0,20110118,105545,22200,83
OTP,0,20110118,105614,5468,40
OTP,0,20110118,105614,5469,50
OTP,0,20110118,105614,5469,1000
OTP,0,20110118,105614,5470,681
OTP,0,20110118,105614,5470,100
OTP,0,20110118,105614,5470,500
OTP,0,20110118,105614,5470,1000
OTP,0,20110118,105614,5470,700
OTP,0,20110118,105614,5470,400
OTP,0,20110118,105614,5470,7500
OTP,0,20110118,105614,5471,10
OTP,0,20110118,105614,5472,10
OTP,0,20110118,105614,5472,1000
OTP,0,20110118,105614,5473,70
OTP,0,20110118,105614,5473,1000
OTP,0,20110118,105614,5473,152
OTP,0,20110118,105614,5473,200
OTP,0,20110118,105614,5474,10
OTP,0,20110118,105614,5474,577
BUX1112,0,20110118,105623,23279,2
BUX1112,0,20110118,105623,23280,5
BUX1112,0,20110118,105623,23280,20
OTP,0,20110118,105627,5469,250
OTP,0,20110118,105627,5470,750
MOL,0,20110118,105629,22200,35
OTP,0,20110118,105632,5470,6000
OTP,0,20110118,105635,5470,750
OTP,0,20110118,105638,5470,100
OTP,0,20110118,105644,5474,9423
OTP,0,20110118,105644,5475,100
OTP,0,20110118,105644,5475,50
OTP,0,20110118,105644,5475,20
OTP,0,20110118,105644,5475,407
BUX1112,0,20110118,105645,23288,1
BUX1112,0,20110118,105645,23289,2
BUX1112,0,20110118,105645,23290,2
BUX1112,0,20110118,105645,23290,1
BUX1112,0,20110118,105645,23290,4
BUX1112,0,20110118,105645,23290,5
BUX1112,0,20110118,105645,23295,1
BUX1112,0,20110118,105645,23295,9
BUX1112,0,20110118,105645,23295,10
BUX1112,0,20110118,105645,23297,1
BUX1112,0,20110118,105645,23298,15
BUX1112,0,20110118,105707,23297,7
BUX1112,0,20110118,105707,23298,35
OTP,0,20110118,105712,5473,20
OTP,0,20110118,105712,5474,100
OTP,0,20110118,105712,5474,500
OTP,0,20110118,105712,5474,500
OTP,0,20110118,105712,5474,30
OTP,0,20110118,105712,5475,343
OTP,0,20110118,105712,5475,358
OTP,0,20110118,105712,5475,2000
OTP,0,20110118,105712,5475,20
OTP,0,20110118,105712,5475,40
OTP,0,20110118,105712,5475,500
OTP,0,20110118,105712,5475,150
OTP,0,20110118,105712,5475,16
OTP,0,20110118,105712,5475,370
OTP,0,20110118,105712,5475,53
PANNERGY,0,20110118,105715,908,6
OTP,0,20110118,105719,5473,15
OTP,0,20110118,105719,5475,147
OTP,0,20110118,105719,5475,138
PANNUNION,0,20110118,105723,150,200
OTP,0,20110118,105723,5471,60
OTP,0,20110118,105723,5475,62
OTP,0,20110118,105723,5475,878
MTELEKOM,0,20110118,105729,550,150
OTP,0,20110118,105730,5474,300
OTP,0,20110118,105749,5470,150
OTP,0,20110118,105749,5470,30
OTP,0,20110118,105750,5470,970
OTP,0,20110118,105750,5470,30
OTP,0,20110118,105751,5470,970
OTP,0,20110118,105751,5470,400
OTP,0,20110118,105751,5470,400
OTP,0,20110118,105751,5470,200
MTELEKOM,0,20110118,105756,550,272
OTP,0,20110118,105758,5470,1000
OTP,0,20110118,105814,5470,1000
MOL,0,20110118,105817,22200,100
BUX1112,0,20110118,105830,23297,5
BUX1112,0,20110118,105830,23298,5
OTP,0,20110118,105834,5469,647
OTP,0,20110118,105843,5469,853
OTP,0,20110118,105843,5470,969
MTELEKOM,0,20110118,105857,550,4490
MTELEKOM,0,20110118,105857,550,510
BUX1112,0,20110118,105904,23290,1
OTP,0,20110118,105907,5468,180
MOL,0,20110118,105916,22210,23
MOL,0,20110118,105917,22200,23
MTELEKOM,0,20110118,105937,550,500
FOTEX,0,20110118,105939,389,329
FOTEX,0,20110118,105939,389,400
FOTEX,0,20110118,105939,390,100
FOTEX,0,20110118,105939,390,1000
FOTEX,0,20110118,105939,391,1
FOTEX,0,20110118,105939,391,400
FOTEX,0,20110118,105939,391,1770
PANNERGY,0,20110118,105956,910,20
PANNERGY,0,20110118,105956,908,402
PANNERGY,0,20110118,105956,908,18
CSEPEL,0,20110118,105956,363,100
CSEPEL,0,20110118,105956,364,60
OTP,0,20110118,110000,5468,200
OTP,0,20110118,110000,5468,10
OTP,0,20110118,110000,5469,50
OTP,0,20110118,110000,5469,740
OTP,0,20110118,110001,5469,1182
OTP,0,20110118,110001,5470,61
OTP,0,20110118,110001,5470,100
OTP,0,20110118,110001,5470,100
OTP,0,20110118,110001,5470,300
OTP,0,20110118,110001,5470,50
OTP,0,20110118,110001,5470,500
OTP,0,20110118,110001,5470,407
ORC,0,20110118,110002,2000,14
ORC,0,20110118,110002,2000,36
OTP,0,20110118,110008,5465,10
OTP,0,20110118,110008,5470,1990
OTP,0,20110118,110013,5470,1000
OTP,0,20110118,110014,5470,1603
OTP,0,20110118,110014,5470,100
OTP,0,20110118,110014,5470,197
OTP,0,20110118,110025,5472,2000
OTP,0,20110118,110042,5472,200
RFV,0,20110118,110045,8575,13
RFV,0,20110118,110045,8580,5
RFV,0,20110118,110045,8590,2
FOTEX,0,20110118,110046,391,333
FOTEX,0,20110118,110046,392,400
FOTEX,0,20110118,110046,392,200
SYNERGON,0,20110118,110051,529,20
BUX1112,0,20110118,110053,23295,7
DANUBIUS,0,20110118,110103,4165,100
MOL,0,20110118,110106,22200,5
OTP,0,20110118,110109,5470,10
OTP,0,20110118,110110,5470,20
OTP,0,20110118,110115,5472,1800
OTP,0,20110118,110115,5472,200
OTP,0,20110118,110118,5470,10
BUX1112,0,20110118,110119,23295,8
BUX1112,0,20110118,110119,23296,2
BUX1112,0,20110118,110119,23297,2
BUX1112,0,20110118,110119,23297,50
BUX1112,0,20110118,110119,23298,45
BUX1112,0,20110118,110119,23298,1
BUX1112,0,20110118,110119,23298,2
OTP,0,20110118,110130,5470,460
OTP,0,20110118,110136,5470,105
FOTEX,0,20110118,110143,392,500
OTP,0,20110118,110154,5470,100
OTP,0,20110118,110208,5470,122
CSEPEL,0,20110118,110208,364,180
FOTEX,0,20110118,110210,392,59
OTP,0,20110118,110213,5470,30
OTP,0,20110118,110213,5470,100
OTP,0,20110118,110216,5470,30
FOTEX,0,20110118,110217,392,24
OTP,0,20110118,110230,5470,200
OTP,0,20110118,110234,5470,375
OTP,0,20110118,110236,5471,50
CSEPEL,0,20110118,110238,364,29
CSEPEL,0,20110118,110238,365,529
OTP,0,20110118,110305,5470,438
OTP,0,20110118,110305,5470,941
OTP,0,20110118,110323,5470,59
OTP,0,20110118,110323,5470,1000
CSEPEL,0,20110118,110328,365,29
KEG,0,20110118,110346,135,491
KEG,0,20110118,110346,135,2000
KEG,0,20110118,110346,135,5000
KEG,0,20110118,110346,135,700
KEG,0,20110118,110346,135,1809
BUX1112,0,20110118,110349,23298,2
BUX1112,0,20110118,110349,23298,9
OTP,0,20110118,110404,5470,1000
OTP,0,20110118,110404,5470,200
OTP,0,20110118,110404,5470,200
OTP,0,20110118,110404,5470,600
CSEPEL,0,20110118,110405,370,363
OTP,0,20110118,110415,5469,100
CSEPEL,0,20110118,110435,365,116
MTELEKOM,0,20110118,110448,550,500
MOL,0,20110118,110504,22210,10
OTP,0,20110118,110511,5469,200
OTP,0,20110118,110511,5469,51
OTP,0,20110118,110511,5469,50
OTP,0,20110118,110511,5470,200
OTP,0,20110118,110511,5470,203
OTP,0,20110118,110511,5470,296
FOTEX,0,20110118,110522,392,313
OTP,0,20110118,110530,5470,104
OTP,0,20110118,110530,5470,20
OTP,0,20110118,110530,5470,276
OTP,0,20110118,110539,5467,2000
OTP,0,20110118,110552,5470,124
OTP,0,20110118,110552,5470,50
OTP,0,20110118,110552,5470,149
OTP,0,20110118,110552,5470,20
OTP,0,20110118,110552,5470,25
OTP,0,20110118,110552,5470,28
OTP,0,20110118,110552,5471,50
OTP,0,20110118,110552,5472,30
OTP,0,20110118,110552,5473,300
OTP,0,20110118,110552,5474,100
OTP,0,20110118,110552,5474,50
OTP,0,20110118,110552,5475,200
OTP,0,20110118,110552,5475,30
OTP,0,20110118,110552,5475,100
OTP,0,20110118,110552,5475,1000
OTP,0,20110118,110552,5477,10
OTP,0,20110118,110554,5475,28
OTP,0,20110118,110554,5475,80
OTP,0,20110118,110605,5475,2000
OTP,0,20110118,110610,5477,10
OTP,0,20110118,110610,5477,19
OTP,0,20110118,110610,5477,600
OTP,0,20110118,110610,5477,21
OTP,0,20110118,110610,5477,2000
OTP,0,20110118,110610,5478,15
OTP,0,20110118,110610,5478,100
OTP,0,20110118,110610,5478,750
OTP,0,20110118,110610,5478,500
OTP,0,20110118,110610,5478,30
OTP,0,20110118,110610,5478,100
OTP,0,20110118,110610,5478,11
OTP,0,20110118,110610,5479,27
OTP,0,20110118,110610,5479,434
OTP,0,20110118,110610,5479,60
OTP,0,20110118,110610,5479,323
OTP,0,20110118,110610,5479,18
MTELEKOM,0,20110118,110613,550,500
OTP,0,20110118,110615,5479,109
OTP,0,20110118,110615,5479,5
OTP,0,20110118,110615,5479,486
OTP,0,20110118,110619,5475,10
OTP,0,20110118,110626,5479,1514
OTP,0,20110118,110626,5479,300
OTP,0,20110118,110626,5479,22
OTP,0,20110118,110626,5479,150
OTP,0,20110118,110626,5479,14
EGIS,0,20110118,110627,21190,2
EGIS,0,20110118,110627,21195,10
EGIS,0,20110118,110627,21200,8
OTP,0,20110118,110629,5476,1000
OTP,0,20110118,110629,5475,1600
BUX1112,0,20110118,110643,23297.5,1
BUX1112,0,20110118,110643,23298,1
BUX1112,0,20110118,110643,23298,1
BUX1112,0,20110118,110643,23298,1
BUX1112,0,20110118,110643,23298.5,1
BUX1112,0,20110118,110643,23299,32
OTP,0,20110118,110646,5475,20
OTP,0,20110118,110648,5479,86
OTP,0,20110118,110648,5479,10
OTP,0,20110118,110648,5479,1000
OTP,0,20110118,110648,5479,15
OTP,0,20110118,110648,5479,600
OTP,0,20110118,110648,5479,1000
OTP,0,20110118,110648,5480,289
OTP,0,20110118,110648,5480,300
OTP,0,20110118,110648,5480,200
BUX1112,0,20110118,110653,23299,15
OTP,0,20110118,110705,5479,22
OTP,0,20110118,110705,5479,100
OTP,0,20110118,110705,5480,2273
OTP,0,20110118,110705,5480,100
OTP,0,20110118,110705,5480,1
OTP,0,20110118,110705,5480,500
OTP,0,20110118,110705,5480,930
OTP,0,20110118,110705,5480,1000
OTP,0,20110118,110705,5480,84
OTP,0,20110118,110705,5480,294
OTP,0,20110118,110705,5480,15
OTP,0,20110118,110705,5480,1000
OTP,0,20110118,110705,5480,19
OTP,0,20110118,110705,5480,350
OTP,0,20110118,110705,5480,2477
OTP,0,20110118,110705,5480,20
OTP,0,20110118,110705,5480,20
OTP,0,20110118,110705,5480,300
OTP,0,20110118,110705,5480,2000
OTP,0,20110118,110705,5480,200
OTP,0,20110118,110705,5480,200
OTP,0,20110118,110705,5480,50
OTP,0,20110118,110705,5480,10
OTP,0,20110118,110705,5480,10
OTP,0,20110118,110705,5480,100
OTP,0,20110118,110705,5480,100
OTP,0,20110118,110705,5480,36
OTP,0,20110118,110705,5480,10
OTP,0,20110118,110705,5480,13
OTP,0,20110118,110705,5480,40
OTP,0,20110118,110705,5480,100
OTP,0,20110118,110705,5480,5000
OTP,0,20110118,110705,5480,34
OTP,0,20110118,110705,5480,5000
OTP,0,20110118,110705,5480,100
OTP,0,20110118,110705,5480,20
OTP,0,20110118,110705,5480,1000
OTP,0,20110118,110705,5480,25
OTP,0,20110118,110705,5480,43
OTP,0,20110118,110705,5480,370
OTP,0,20110118,110705,5480,2000
OTP,0,20110118,110705,5480,100
OTP,0,20110118,110705,5480,100
OTP,0,20110118,110705,5480,25
OTP,0,20110118,110705,5480,10000
OTP,0,20110118,110705,5480,100
OTP,0,20110118,110705,5480,90
OTP,0,20110118,110705,5480,2000
OTP,0,20110118,110705,5480,1000
OTP,0,20110118,110705,5480,1500
OTP,0,20110118,110705,5480,140
BUX1112,0,20110118,110709,23299,3
BUX1112,0,20110118,110709,23299,5
BUX1112,0,20110118,110709,23299,1
BUX1112,0,20110118,110709,23299,2
BUX1112,0,20110118,110709,23300,7
BUX1112,0,20110118,110709,23300,5
BUX1112,0,20110118,110709,23300,4
BUX1112,0,20110118,110709,23300,1
BUX1112,0,20110118,110709,23300,1
BUX1112,0,20110118,110709,23300,4
BUX1112,0,20110118,110709,23300,1
BUX1112,0,20110118,110709,23300,10
BUX1112,0,20110118,110709,23310,1
BUX1112,0,20110118,110709,23310,1
BUX1112,0,20110118,110709,23310,3
BUX1112,0,20110118,110709,23310,9
BUX1112,0,20110118,110709,23311,1
BUX1112,0,20110118,110709,23313,5
BUX1112,0,20110118,110709,23315,5
BUX1112,0,20110118,110709,23315,10
BUX1112,0,20110118,110709,23315,2
OTP,0,20110118,110711,5480,30
OTP,0,20110118,110711,5480,50
OTP,0,20110118,110711,5480,20
OTP,0,20110118,110711,5475,30
OTP,0,20110118,110714,5481,300
OTP,0,20110118,110714,5481,187
OTP,0,20110118,110714,5481,513
OTP,0,20110118,110715,5481,487
OTP,0,20110118,110715,5482,20
OTP,0,20110118,110715,5482,13
OTP,0,20110118,110715,5482,1000
MTELEKOM,0,20110118,110717,550,1000
MTELEKOM,0,20110118,110719,550,1990
MTELEKOM,0,20110118,110719,550,1010
OTP,0,20110118,110724,5482,50
BUX1112,0,20110118,110724,23311,1
OTP,0,20110118,110733,5482,10
OTP,0,20110118,110737,5483,300
CSEPEL,0,20110118,110737,360,384
BUX1112,0,20110118,110740,23311,1
BUX1112,0,20110118,110740,23315,19
OTP,0,20110118,110741,5482,30
BUX1112,0,20110118,110741,23315,2
OTP,0,20110118,110747,5484,13
OTP,0,20110118,110747,5485,18
FOTEX,0,20110118,110749,392,1000
CSEPEL,0,20110118,110750,360,200
OTP,0,20110118,110750,5485,2
OTP,0,20110118,110750,5485,33
OTP,0,20110118,110750,5485,370
OTP,0,20110118,110750,5485,25
OTP,0,20110118,110750,5485,50
OTP,0,20110118,110750,5485,300
OTP,0,20110118,110750,5485,6
OTP,0,20110118,110750,5485,208
OTP,0,20110118,110750,5485,300
OTP,0,20110118,110750,5485,240
OTP,0,20110118,110750,5486,12
OTP,0,20110118,110750,5486,37
OTP,0,20110118,110750,5486,20
OTP,0,20110118,110750,5487,60
OTP,0,20110118,110750,5488,500
OTP,0,20110118,110750,5488,530
OTP,0,20110118,110750,5488,100
OTP,0,20110118,110750,5488,50
OTP,0,20110118,110750,5489,70
OTP,0,20110118,110750,5489,20
OTP,0,20110118,110750,5489,100
OTP,0,20110118,110750,5489,1000
OTP,0,20110118,110750,5489,100
OTP,0,20110118,110750,5489,20
OTP,0,20110118,110750,5489,250
OTP,0,20110118,110750,5489,16
OTP,0,20110118,110750,5490,110
OTP,0,20110118,110750,5490,12
OTP,0,20110118,110750,5490,91
OTP,0,20110118,110750,5490,200
OTP,0,20110118,110750,5490,30
OTP,0,20110118,110750,5490,1
OTP,0,20110118,110750,5490,137
OTP,0,20110118,110750,5490,143
OTP,0,20110118,110750,5490,100
OTP,0,20110118,110750,5490,200
OTP,0,20110118,110750,5490,20
OTP,0,20110118,110750,5490,100
OTP,0,20110118,110750,5490,10
OTP,0,20110118,110750,5490,27
FOTEX,0,20110118,110751,392,171
CSEPEL,0,20110118,110754,360,51
OTP,0,20110118,110754,5490,216
OTP,0,20110118,110754,5490,10
OTP,0,20110118,110754,5490,330
OTP,0,20110118,110754,5490,23
OTP,0,20110118,110754,5490,15
OTP,0,20110118,110754,5490,100
OTP,0,20110118,110754,5490,200
OTP,0,20110118,110754,5490,100
OTP,0,20110118,110754,5490,300
OTP,0,20110118,110754,5490,30
OTP,0,20110118,110754,5490,50
OTP,0,20110118,110754,5490,193
OTP,0,20110118,110754,5490,100
OTP,0,20110118,110754,5490,1000
OTP,0,20110118,110754,5490,110
OTP,0,20110118,110754,5490,15
OTP,0,20110118,110754,5490,500
OTP,0,20110118,110754,5490,200
OTP,0,20110118,110754,5490,100
OTP,0,20110118,110754,5490,370
OTP,0,20110118,110754,5490,200
OTP,0,20110118,110754,5490,185
OTP,0,20110118,110754,5490,653
ORC,0,20110118,110759,2000,100
OTP,0,20110118,110800,5490,5747
OTP,0,20110118,110800,5490,10
OTP,0,20110118,110800,5490,20
OTP,0,20110118,110800,5490,25
OTP,0,20110118,110800,5490,200
OTP,0,20110118,110800,5490,100
OTP,0,20110118,110800,5490,400
OTP,0,20110118,110800,5490,400
OTP,0,20110118,110800,5490,50
OTP,0,20110118,110800,5490,20
OTP,0,20110118,110800,5490,390
OTP,0,20110118,110800,5490,30
OTP,0,20110118,110800,5490,50
OTP,0,20110118,110800,5490,163
OTP,0,20110118,110800,5490,100
OTP,0,20110118,110800,5490,2000
OTP,0,20110118,110803,5490,50
OTP,0,20110118,110803,5491,210
OTP,0,20110118,110803,5492,50
OTP,0,20110118,110803,5492,25
OTP,0,20110118,110803,5492,300
OTP,0,20110118,110803,5492,22
OTP,0,20110118,110803,5493,30
OTP,0,20110118,110803,5494,1363
OTP,0,20110118,110804,5490,50
MTELEKOM,0,20110118,110808,550,100
OTP,0,20110118,110809,5490,6
OTP,0,20110118,110811,5494,10
BUX1112,0,20110118,110813,23315,12
BUX1112,0,20110118,110813,23319,18
BUX1112,0,20110118,110813,23320,2
BUX1112,0,20110118,110813,23320,10
BUX1112,0,20110118,110813,23320,1
BUX1112,0,20110118,110813,23320,19
BUX1112,0,20110118,110813,23320,1
BUX1112,0,20110118,110813,23325,29
BUX1112,0,20110118,110813,23330,8
BUX1112,0,20110118,110813,23330,2
BUX1112,0,20110118,110813,23330,1
BUX1112,0,20110118,110813,23333,4
BUX1112,0,20110118,110813,23333,1
BUX1112,0,20110118,110813,23336.5,20
BUX1112,0,20110118,110813,23338,2
OTP,0,20110118,110817,5494,627
OTP,0,20110118,110817,5494,750
OTP,0,20110118,110817,5494,100
OTP,0,20110118,110817,5494,23
OTP,0,20110118,110817,5490,10
BUX1112,0,20110118,110818,23310,20
OTP,0,20110118,110821,5494,100
OTP,0,20110118,110821,5494,77
OTP,0,20110118,110821,5494,10
OTP,0,20110118,110821,5494,50
OTP,0,20110118,110821,5494,90
OTP,0,20110118,110821,5495,12
OTP,0,20110118,110821,5495,161
EBDAX,0,20110118,110822,1949,14
OTP,0,20110118,110823,5490,20
OTP,0,20110118,110824,5493,198
OTP,0,20110118,110824,5495,389
OTP,0,20110118,110824,5495,213
OTP,0,20110118,110825,5495,750
OTP,0,20110118,110840,5490,50
MOL,0,20110118,110841,22215,4
OTP,0,20110118,110843,5490,60
OTP,0,20110118,110854,5492,2000
OTP,0,20110118,110854,5494,22
OTP,0,20110118,110854,5495,2340
OTP,0,20110118,110854,5495,5
OTP,0,20110118,110854,5495,300
OTP,0,20110118,110854,5495,30
OTP,0,20110118,110854,5495,200
OTP,0,20110118,110854,5495,150
OTP,0,20110118,110854,5495,500
OTP,0,20110118,110854,5495,200
OTP,0,20110118,110854,5495,3000
OTP,0,20110118,110854,5495,800
OTP,0,20110118,110854,5495,394
OTP,0,20110118,110854,5495,92
OTP,0,20110118,110854,5495,40
OTP,0,20110118,110854,5495,100
OTP,0,20110118,110854,5495,10
OTP,0,20110118,110854,5495,1000
OTP,0,20110118,110854,5495,200
OTP,0,20110118,110854,5495,30
OTP,0,20110118,110854,5495,400
OTP,0,20110118,110854,5497,2000
OTP,0,20110118,110854,5497,14
OTP,0,20110118,110854,5497,100
OTP,0,20110118,110854,5497,32
OTP,0,20110118,110854,5497,120
OTP,0,20110118,110854,5497,50
OTP,0,20110118,110854,5497,500
OTP,0,20110118,110854,5497,10
OTP,0,20110118,110854,5498,82
OTP,0,20110118,110854,5498,200
OTP,0,20110118,110854,5498,14
OTP,0,20110118,110854,5498,10
OTP,0,20110118,110854,5498,61
OTP,0,20110118,110854,5498,20
OTP,0,20110118,110854,5498,12
OTP,0,20110118,110854,5498,100
OTP,0,20110118,110854,5498,150
OTP,0,20110118,110854,5498,600
OTP,0,20110118,110854,5498,100
OTP,0,20110118,110854,5498,100
OTP,0,20110118,110854,5498,250
OTP,0,20110118,110854,5498,102
OTP,0,20110118,110854,5498,100
OTP,0,20110118,110854,5498,800
OTP,0,20110118,110854,5498,300
OTP,0,20110118,110854,5498,200
OTP,0,20110118,110854,5499,28
OTP,0,20110118,110854,5499,155
OTP,0,20110118,110854,5499,20
OTP,0,20110118,110854,5499,200
OTP,0,20110118,110854,5499,60
OTP,0,20110118,110854,5499,100
OTP,0,20110118,110854,5499,300
OTP,0,20110118,110854,5499,75
OTP,0,20110118,110854,5499,900
OTP,0,20110118,110854,5499,100
OTP,0,20110118,110854,5499,100
OTP,0,20110118,110854,5499,500
OTP,0,20110118,110854,5499,150
OTP,0,20110118,110854,5499,200
OTP,0,20110118,110854,5499,150
OTP,0,20110118,110854,5499,19
OTP,0,20110118,110854,5499,25
OTP,0,20110118,110854,5499,250
OTP,0,20110118,110854,5499,72
OTP,0,20110118,110854,5499,200
OTP,0,20110118,110854,5500,10
OTP,0,20110118,110854,5500,50
OTP,0,20110118,110854,5500,3496
OTP,0,20110118,110854,5500,30
OTP,0,20110118,110854,5500,6474
OTP,0,20110118,110854,5500,180
OTP,0,20110118,110854,5500,50
OTP,0,20110118,110854,5500,196
OTP,0,20110118,110854,5500,190
OTP,0,20110118,110854,5500,19
OTP,0,20110118,110854,5500,70
OTP,0,20110118,110854,5500,9
OTP,0,20110118,110854,5500,30
OTP,0,20110118,110854,5500,70
OTP,0,20110118,110854,5500,100
OTP,0,20110118,110854,5500,6
OTP,0,20110118,110854,5500,62
OTP,0,20110118,110854,5500,100
OTP,0,20110118,110854,5500,240
OTP,0,20110118,110854,5500,100
OTP,0,20110118,110854,5500,40
OTP,0,20110118,110854,5500,291
OTP,0,20110118,110854,5500,490
OTP,0,20110118,110854,5500,9
OTP,0,20110118,110854,5500,500
OTP,0,20110118,110854,5500,17
OTP,0,20110118,110854,5500,20
OTP,0,20110118,110854,5500,75
OTP,0,20110118,110854,5500,200
OTP,0,20110118,110854,5500,160
OTP,0,20110118,110854,5500,400
OTP,0,20110118,110854,5500,632
OTP,0,20110118,110854,5500,418
OTP,0,20110118,110854,5500,69
OTP,0,20110118,110854,5500,300
OTP,0,20110118,110854,5500,444
OTP,0,20110118,110854,5500,50
OTP,0,20110118,110854,5500,305
OTP,0,20110118,110854,5500,110
OTP,0,20110118,110854,5500,80
OTP,0,20110118,110854,5500,96
OTP,0,20110118,110854,5500,80
OTP,0,20110118,110854,5500,100
OTP,0,20110118,110854,5500,50
OTP,0,20110118,110854,5500,100
OTP,0,20110118,110854,5500,1430
OTP,0,20110118,110854,5500,130
OTP,0,20110118,110854,5500,390
OTP,0,20110118,110854,5500,100
OTP,0,20110118,110854,5500,60
OTP,0,20110118,110854,5500,96
OTP,0,20110118,110854,5500,32
OTP,0,20110118,110854,5500,1200
OTP,0,20110118,110854,5500,200
OTP,0,20110118,110854,5500,333
OTP,0,20110118,110854,5500,400
OTP,0,20110118,110854,5500,20
OTP,0,20110118,110854,5500,340
OTP,0,20110118,110854,5500,95
OTP,0,20110118,110854,5500,200
OTP,0,20110118,110854,5500,520
OTP,0,20110118,110854,5500,15
OTP,0,20110118,110854,5500,52
OTP,0,20110118,110854,5500,239
OTP,0,20110118,110854,5500,200
OTP,0,20110118,110854,5500,1500
OTP,0,20110118,110854,5500,2000
OTP,0,20110118,110854,5500,233
OTP,0,20110118,110854,5500,155
OTP,0,20110118,110854,5500,100
OTP,0,20110118,110854,5500,200
OTP,0,20110118,110854,5500,258
OTP,0,20110118,110854,5500,3
OTP,0,20110118,110854,5500,1610
OTP,0,20110118,110854,5500,220
OTP,0,20110118,110854,5500,86
OTP,0,20110118,110854,5500,434
OTP,0,20110118,110854,5500,250
OTP,0,20110118,110854,5500,390
OTP,0,20110118,110854,5500,45
OTP,0,20110118,110854,5500,5
OTP,0,20110118,110854,5500,50
OTP,0,20110118,110854,5500,991
OTP,0,20110118,110854,5500,18
OTP,0,20110118,110854,5500,30
OTP,0,20110118,110854,5500,90
OTP,0,20110118,110854,5500,100
OTP,0,20110118,110854,5500,132
OTP,0,20110118,110854,5500,50
OTP,0,20110118,110854,5500,15
OTP,0,20110118,110854,5500,133
OTP,0,20110118,110854,5500,190
OTP,0,20110118,110854,5500,289
OTP,0,20110118,110854,5500,100
OTP,0,20110118,110854,5500,200
OTP,0,20110118,110854,5500,100
OTP,0,20110118,110854,5500,100
OTP,0,20110118,110854,5500,85
OTP,0,20110118,110854,5500,125
OTP,0,20110118,110854,5500,10
OTP,0,20110118,110854,5500,30
OTP,0,20110118,110854,5500,35
OTP,0,20110118,110854,5500,240
OTP,0,20110118,110854,5500,10
OTP,0,20110118,110854,5500,10
OTP,0,20110118,110854,5500,394
OTP,0,20110118,110858,5500,106
OTP,0,20110118,110858,5500,20
OTP,0,20110118,110858,5500,100
OTP,0,20110118,110858,5500,50
OTP,0,20110118,110858,5500,200
OTP,0,20110118,110858,5500,151
OTP,0,20110118,110858,5500,12
OTP,0,20110118,110858,5500,40
OTP,0,20110118,110858,5500,20
OTP,0,20110118,110858,5500,120
OTP,0,20110118,110858,5500,195
OTP,0,20110118,110858,5500,9
OTP,0,20110118,110858,5500,150
OTP,0,20110118,110858,5500,146
OTP,0,20110118,110858,5500,1060
OTP,0,20110118,110858,5500,2000
OTP,0,20110118,110858,5500,100
OTP,0,20110118,110858,5500,1000
OTP,0,20110118,110858,5500,140
OTP,0,20110118,110858,5500,50
OTP,0,20110118,110858,5500,330
OTP,0,20110118,110858,5500,4001
OTP,0,20110118,110859,5494,250
OTP,0,20110118,110859,5495,100
OTP,0,20110118,110859,5495,50
OTP,0,20110118,110859,5500,10999
OTP,0,20110118,110859,5500,15
OTP,0,20110118,110859,5500,100
OTP,0,20110118,110859,5500,20
OTP,0,20110118,110859,5500,4
OTP,0,20110118,110859,5500,150
OTP,0,20110118,110859,5500,900
OTP,0,20110118,110859,5500,250
OTP,0,20110118,110859,5500,118
OTP,0,20110118,110859,5500,200
OTP,0,20110118,110859,5500,100
OTP,0,20110118,110859,5500,97
OTP,0,20110118,110859,5500,50
OTP,0,20110118,110859,5500,10
OTP,0,20110118,110859,5500,200
OTP,0,20110118,110859,5500,30
OTP,0,20110118,110859,5500,500
OTP,0,20110118,110859,5500,540
OTP,0,20110118,110859,5500,1000
OTP,0,20110118,110859,5500,1850
OTP,0,20110118,110859,5500,95
OTP,0,20110118,110859,5500,2000
OTP,0,20110118,110859,5500,71
OTP,0,20110118,110859,5500,130
OTP,0,20110118,110859,5500,10
OTP,0,20110118,110859,5500,200
OTP,0,20110118,110859,5500,2000
OTP,0,20110118,110859,5500,18
OTP,0,20110118,110859,5500,75
OTP,0,20110118,110859,5500,20
OTP,0,20110118,110859,5500,25
OTP,0,20110118,110859,5500,50
OTP,0,20110118,110859,5500,200
OTP,0,20110118,110859,5500,1000
BUX1112,0,20110118,110901,23337.5,1
BUX1112,0,20110118,110901,23338,15
BUX1112,0,20110118,110901,23338,2
BUX1112,0,20110118,110901,23339,1
BUX1112,0,20110118,110901,23340,2
BUX1112,0,20110118,110901,23344,5
BUX1112,0,20110118,110901,23344,5
OTP,0,20110118,110902,5500,50
OTP,0,20110118,110902,5500,1435
OTP,0,20110118,110903,5500,50
OTP,0,20110118,110904,5500,6865
RICHTER,0,20110118,110906,43205,38
OTP,0,20110118,110907,5500,1000
OTP,0,20110118,110914,5490,49
OTP,0,20110118,110914,5486,23
BUX1112,0,20110118,110915,23345,3
OTP,0,20110118,110921,5498,20
RCBRENTOIL,0,20110118,110923,951,17
BUX1112,0,20110118,110927,23337.5,1
BUX1112,0,20110118,110927,23345,7
BUX1112,0,20110118,110929,23345,2
OTP,0,20110118,110933,5497,300
OTP,0,20110118,110933,5498,1500
OTP,0,20110118,110933,5498,1500
OTP,0,20110118,110933,5499,1700
OTP,0,20110118,110939,5498,35
OTP,0,20110118,110949,5497,400
OTP,0,20110118,110949,5498,1600
OTP,0,20110118,110952,5490,910
ANY,0,20110118,110953,760,450
OTP,0,20110118,110956,5486,22
OTP,0,20110118,111012,5486,32
OTP,0,20110118,111012,5486,68
RCSP500,0,20110118,111022,2630,3
BUX1112,0,20110118,111025,23337.5,1
BUX1112,0,20110118,111025,23338,49
OTP,0,20110118,111026,5486,82
OTP,0,20110118,111026,5485,918
OTP,0,20110118,111044,5489,30
OTP,0,20110118,111044,5490,8
OTP,0,20110118,111047,5490,12
OTP,0,20110118,111047,5490,406
OTP,0,20110118,111104,5485,10
OTP,0,20110118,111108,5490,30
BUX1112,0,20110118,111109,23330,20
OTP,0,20110118,111109,5490,1500
OTP,0,20110118,111117,5490,200
OTP,0,20110118,111119,5490,1164
OTP,0,20110118,111119,5490,30
OTP,0,20110118,111119,5490,306
OTP,0,20110118,111120,5485,300
OTP,0,20110118,111125,5490,194
OTP,0,20110118,111130,5490,785
BUX1112,0,20110118,111131,23320,10
OTP,0,20110118,111134,5490,132
OTP,0,20110118,111138,5490,177
OTP,0,20110118,111145,5490,10
OTP,0,20110118,111205,5490,10
OTP,0,20110118,111206,5490,80
FOTEX,0,20110118,111206,390,220
BUX1112,0,20110118,111207,23330,5
OTP,0,20110118,111210,5490,226
OTP,0,20110118,111210,5490,94
MTELEKOM,0,20110118,111212,550,890
CSEPEL,0,20110118,111212,360,60
OTP,0,20110118,111222,5490,406
OTP,0,20110118,111222,5488,50
OTP,0,20110118,111222,5486,150
OTP,0,20110118,111222,5485,394
OTP,0,20110118,111248,5486,700
OTP,0,20110118,111248,5485,378
OTP,0,20110118,111248,5485,322
OTP,0,20110118,111334,5485,478
MOL,0,20110118,111335,22210,20
MOL,0,20110118,111335,22210,20
MOL,0,20110118,111335,22210,13
MOL,0,20110118,111335,22200,116
MOL,0,20110118,111335,22200,81
MTELEKOM,0,20110118,111338,550,10
MTELEKOM,0,20110118,111338,550,6000
MTELEKOM,0,20110118,111338,550,5000
MTELEKOM,0,20110118,111338,550,3990
OTP,0,20110118,111344,5485,122
OTP,0,20110118,111344,5489,50
OTP,0,20110118,111344,5489,28
BUX1112,0,20110118,111355,23316,1
BUX1112,0,20110118,111355,23315,9
OTP,0,20110118,111404,5485,300
BUX1112,0,20110118,111410,23315,1
BUX1112,0,20110118,111425,23310,10
BUX1112,0,20110118,111425,23310,6
BUX1112,0,20110118,111425,23310,5
CSEPEL,0,20110118,111514,358,48
CSEPEL,0,20110118,111514,353,500
CSEPEL,0,20110118,111514,352,500
CSEPEL,0,20110118,111514,351,200
CSEPEL,0,20110118,111514,350,566
CSEPEL,0,20110118,111514,350,130
BUX1112,0,20110118,111517,23310,1
MTELEKOM,0,20110118,111524,550,10
MTELEKOM,0,20110118,111524,550,990
OTP,0,20110118,111528,5483,100
OTP,0,20110118,111534,5485,13
OTP,0,20110118,111553,5485,20
OTP,0,20110118,111554,5488,25
OTP,0,20110118,111559,5489,100
OTP,0,20110118,111601,5489,122
OTP,0,20110118,111601,5489,50
OTP,0,20110118,111601,5490,130
OTP,0,20110118,111601,5490,100
OTP,0,20110118,111601,5490,36
OTP,0,20110118,111601,5490,1000
OTP,0,20110118,111601,5490,40
OTP,0,20110118,111601,5490,20
OTP,0,20110118,111601,5490,200
OTP,0,20110118,111601,5490,20
RICHTER,0,20110118,111602,43205,2
RICHTER,0,20110118,111602,43205,5
OTP,0,20110118,111604,5490,100
OTP,0,20110118,111607,5490,1050
OTP,0,20110118,111609,5490,200
OTP,0,20110118,111616,5490,100
OTP,0,20110118,111628,5493,25
OTP,0,20110118,111628,5493,50
OTP,0,20110118,111628,5494,100
OTP,0,20110118,111628,5494,13
OTP,0,20110118,111628,5495,160
OTP,0,20110118,111628,5495,70
OTP,0,20110118,111628,5495,100
OTP,0,20110118,111628,5495,200
OTP,0,20110118,111628,5495,2000
OTP,0,20110118,111628,5496,1500
OTP,0,20110118,111628,5496,1400
OTP,0,20110118,111656,5497,10
OTP,0,20110118,111656,5498,500
OTP,0,20110118,111656,5498,20
OTP,0,20110118,111656,5498,100
OTP,0,20110118,111656,5498,200
OTP,0,20110118,111656,5499,1000
OTP,0,20110118,111656,5499,300
OTP,0,20110118,111656,5499,567
OTP,0,20110118,111656,5499,105
OTP,0,20110118,111656,5499,380
OTP,0,20110118,111656,5499,100
OTP,0,20110118,111656,5499,418
OTP,0,20110118,111656,5500,1300
OTP,0,20110118,111656,5500,30
OTP,0,20110118,111701,5499,1000
OTP,0,20110118,111701,5500,15805
OTP,0,20110118,111701,5500,1495
OTP,0,20110118,111701,5500,331
OTP,0,20110118,111701,5500,50
OTP,0,20110118,111701,5500,74
OTP,0,20110118,111701,5500,306
OTP,0,20110118,111701,5500,50
OTP,0,20110118,111701,5500,350
OTP,0,20110118,111701,5500,50
OTP,0,20110118,111701,5500,130
OTP,0,20110118,111701,5500,300
OTP,0,20110118,111701,5500,10
OTP,0,20110118,111701,5500,25
OTP,0,20110118,111701,5500,40
OTP,0,20110118,111701,5500,50
OTP,0,20110118,111701,5500,100
OTP,0,20110118,111701,5500,2000
BUX1112,0,20110118,111701,23324,5
OTP,0,20110118,111701,5500,1000
OTP,0,20110118,111701,5500,100
OTP,0,20110118,111704,5500,5000
OTP,0,20110118,111705,5500,17066
OTP,0,20110118,111706,5500,5000
OTP,0,20110118,111708,5500,10
OTP,0,20110118,111712,5500,4990
OTP,0,20110118,111712,5500,1500
