<TICKER>,<PER>,<DTYYYYMMDD>,<TIME>,<CLOSE>,<VOLUME>
BUX1112,0,20110114,090017,23060,1
BUX1112,0,20110114,090017,23060,5
BUX1112,0,20110114,090017,23060,1
BUX1112,0,20110114,090017,23060,2
BUX1112,0,20110114,090017,23060,8
BUX1112,0,20110114,090017,23060,1
BUX1112,0,20110114,090017,23060,7
BUX1112,0,20110114,090017,23060,2
BUX1112,0,20110114,090017,23060,7
BUX1112,0,20110114,090017,23060,1
AAA,0,20110114,090021,250,100
AAA,0,20110114,090021,250,50
DANUBIUS,0,20110114,090021,4200,4
DANUBIUS,0,20110114,090021,4200,14
DANUBIUS,0,20110114,090021,4200,1
ECONET,0,20110114,090021,90,800
HUMET,0,20110114,090021,9,145
MOL,0,20110114,090021,22000,5
MOL,0,20110114,090021,22000,6
MOL,0,20110114,090021,22000,4
MOL,0,20110114,090021,22000,25
MOL,0,20110114,090021,22000,33
MOL,0,20110114,090021,22000,10
MOL,0,20110114,090021,22000,50
MOL,0,20110114,090021,22000,7
MOL,0,20110114,090021,22000,10
MOL,0,20110114,090021,22000,161
MTELEKOM,0,20110114,090021,547,50
MTELEKOM,0,20110114,090021,547,280
MTELEKOM,0,20110114,090021,547,400
MTELEKOM,0,20110114,090021,547,270
MTELEKOM,0,20110114,090021,547,2
MTELEKOM,0,20110114,090021,547,17
OTP,0,20110114,090021,5390,4
OTP,0,20110114,090021,5390,100
OTP,0,20110114,090021,5390,38
OTP,0,20110114,090021,5390,298
OTP,0,20110114,090021,5390,87
OTP,0,20110114,090021,5390,91
OTP,0,20110114,090021,5390,239
OTP,0,20110114,090021,5390,80
OTP,0,20110114,090021,5390,81
OTP,0,20110114,090021,5390,100
OTP,0,20110114,090021,5390,163
OTP,0,20110114,090021,5390,100
OTP,0,20110114,090021,5390,20
OTP,0,20110114,090021,5390,30
OTP,0,20110114,090021,5390,50
OTP,0,20110114,090021,5390,125
OTP,0,20110114,090021,5390,12
OTP,0,20110114,090021,5390,40
OTP,0,20110114,090021,5390,50
PANNERGY,0,20110114,090021,916,100
PHYLAXIA,0,20110114,090021,44,1500
PHYLAXIA,0,20110114,090021,44,3000
PHYLAXIA,0,20110114,090021,44,550
PHYLAXIA,0,20110114,090021,44,1500
PHYLAXIA,0,20110114,090021,44,3450
PHYLAXIA,0,20110114,090021,44,1100
PHYLAXIA,0,20110114,090021,44,1000
PHYLAXIA,0,20110114,090021,44,3000
PHYLAXIA,0,20110114,090021,44,20
RABA,0,20110114,090021,834,100
RICHTER,0,20110114,090021,42810,4
SYNERGON,0,20110114,090021,490,11
SYNERGON,0,20110114,090021,490,39
SYNERGON,0,20110114,090021,490,50
SYNERGON,0,20110114,090021,490,100
OTP,0,20110114,090202,5390,25
PHYLAXIA,0,20110114,090214,44,837
PHYLAXIA,0,20110114,090214,44,1163
OTP,0,20110114,090215,5380,150
PANNUNION,0,20110114,090219,148,1500
MOL,0,20110114,090222,22000,39
OTP,0,20110114,090224,5388,48
OTP,0,20110114,090224,5390,2
BUX1112,0,20110114,090226,23060,4
BUX1112,0,20110114,090226,23053,1
BUX1112,0,20110114,090226,23052.5,2
BUX1112,0,20110114,090226,23052,2
BUX1112,0,20110114,090226,23052,5
BUX1112,0,20110114,090226,23050,2
BUX1112,0,20110114,090226,23040,2
BUX1112,0,20110114,090226,23033,7
BUX1112,0,20110114,090226,23030,2
BUX1112,0,20110114,090226,23030,2
BUX1112,0,20110114,090226,23025,2
BUX1112,0,20110114,090226,23023,7
BUX1112,0,20110114,090226,23015,7
BUX1112,0,20110114,090226,23015,1
ANY,0,20110114,090227,760,100
OTP,0,20110114,090228,5390,400
OTP,0,20110114,090229,5380,30
BUX1112,0,20110114,090229,23030,1
BUX1112,0,20110114,090230,23030,9
OTP,0,20110114,090233,5390,1155
OTP,0,20110114,090233,5390,50
OTP,0,20110114,090233,5390,200
GENESIS,0,20110114,090233,210,1500
PANNUNION,0,20110114,090239,148,500
OTP,0,20110114,090243,5390,20
GENESIS,0,20110114,090243,210,350
GENESIS,0,20110114,090244,210,205
OTP,0,20110114,090244,5390,10
MOL,0,20110114,090245,22000,100
MTELEKOM,0,20110114,090247,547,4952
MTELEKOM,0,20110114,090247,546,11
MTELEKOM,0,20110114,090247,545,37
OTP,0,20110114,090248,5390,200
MOL,0,20110114,090250,22000,121
PANNERGY,0,20110114,090250,915,100
BUX1112,0,20110114,090250,23070,1
MOL,0,20110114,090302,22060,5
OTP,0,20110114,090303,5399,22
RICHTER,0,20110114,090303,43190,2
OTP,0,20110114,090304,5399,96
MOL,0,20110114,090304,22070,11
MOL,0,20110114,090310,22060,1
OTP,0,20110114,090311,5390,20
OTP,0,20110114,090311,5382,30
OTP,0,20110114,090311,5399,32
OTP,0,20110114,090311,5399,8
OTP,0,20110114,090315,5399,90
MTELEKOM,0,20110114,090315,547,4865
BUX1112,0,20110114,090324,23080,2
OTP,0,20110114,090327,5389,5
OTP,0,20110114,090331,5389,130
PHYLAXIA,0,20110114,090342,43,1
BUX1112,0,20110114,090342,23080,5
PANNERGY,0,20110114,090342,915,90
OTP,0,20110114,090351,5398,140
OTP,0,20110114,090351,5399,402
OTP,0,20110114,090351,5400,500
OTP,0,20110114,090351,5400,14
OTP,0,20110114,090351,5400,60
OTP,0,20110114,090351,5400,100
OTP,0,20110114,090351,5400,8
OTP,0,20110114,090351,5400,20
OTP,0,20110114,090351,5400,2000
OTP,0,20110114,090355,5397,525
PANNERGY,0,20110114,090358,915,555
BUX1112,0,20110114,090400,23055,2
BUX1112,0,20110114,090400,23052,2
BUX1112,0,20110114,090400,23052,5
BUX1112,0,20110114,090400,23052,7
BUX1112,0,20110114,090400,23051.5,10
BUX1112,0,20110114,090400,23050,19
GENESIS,0,20110114,090412,210,445
MOL,0,20110114,090412,22000,10
OTP,0,20110114,090413,5397,40
OTP,0,20110114,090414,5400,40
BUX1112,0,20110114,090414,23060,1
BUX1112,0,20110114,090421,23070,1
OTP,0,20110114,090423,5400,10
OTP,0,20110114,090423,5400,140
KEG,0,20110114,090427,138,100
OTP,0,20110114,090434,5408,10
OTP,0,20110114,090451,5400,200
BUX1112,0,20110114,090454,23080,1
BUX1112,0,20110114,090454,23086,1
BUX1112,0,20110114,090454,23090,1
BUX1112,0,20110114,090454,23100,1
BUX1112,0,20110114,090454,23100,1
OTP,0,20110114,090458,5408,30
MOL,0,20110114,090459,21915,10
OTP,0,20110114,090502,5408,75
BUX1112,0,20110114,090503,23071,3
BUX1112,0,20110114,090503,23071,2
BUX1112,0,20110114,090503,23070,24
BUX1112,0,20110114,090503,23061,4
OTP,0,20110114,090510,5408,25
OTP,0,20110114,090510,5408,225
BUX1112,0,20110114,090516,23056,5
OTP,0,20110114,090518,5409,30
OTP,0,20110114,090518,5409,100
OTP,0,20110114,090520,5408,20
OTP,0,20110114,090520,5409,46
OTP,0,20110114,090520,5409,180
KEG,0,20110114,090527,139,400
MOL,0,20110114,090527,22000,5
OTP,0,20110114,090528,5409,200
OTP,0,20110114,090540,5409,70
OTP,0,20110114,090541,5408,65
OTP,0,20110114,090541,5409,234
OTP,0,20110114,090544,5409,266
BUX1112,0,20110114,090547,23080,5
BUX1112,0,20110114,090547,23080,10
BUX1112,0,20110114,090547,23070,15
OTP,0,20110114,090547,5408,140
OTP,0,20110114,090547,5408,50
OTP,0,20110114,090548,5405,25
OTP,0,20110114,090550,5408,10
OTP,0,20110114,090550,5408,8
OTP,0,20110114,090550,5409,82
OTP,0,20110114,090551,5409,1
BUX1112,0,20110114,090610,23071,3
OTP,0,20110114,090610,5400,12
OTP,0,20110114,090610,5400,188
MOL,0,20110114,090615,21950,1
MTELEKOM,0,20110114,090617,546,135
OTP,0,20110114,090629,5400,12
OTP,0,20110114,090629,5400,100
OTP,0,20110114,090629,5400,88
OTP,0,20110114,090633,5400,75
OTP,0,20110114,090635,5405,200
OTP,0,20110114,090645,5402,31
OTP,0,20110114,090645,5400,37
OTP,0,20110114,090645,5400,60
OTP,0,20110114,090645,5400,47
OTP,0,20110114,090653,5400,10
OTP,0,20110114,090655,5400,524
OTP,0,20110114,090658,5400,20
OTP,0,20110114,090704,5397,50
OTP,0,20110114,090704,5391,25
OTP,0,20110114,090704,5389,5
BUX1112,0,20110114,090708,23085,20
GENESIS,0,20110114,090708,208,150
GENESIS,0,20110114,090708,210,147
OTP,0,20110114,090713,5400,406
OTP,0,20110114,090718,5400,94
OTP,0,20110114,090718,5389,30
OTP,0,20110114,090718,5388,50
OTP,0,20110114,090725,5400,300
MOL,0,20110114,090732,22035,8
OTP,0,20110114,090743,5400,100
OTP,0,20110114,090756,5399,250
OTP,0,20110114,090756,5400,145
MOL,0,20110114,090759,21950,8
MOL,0,20110114,090801,21950,3
MOL,0,20110114,090802,22035,4
OTP,0,20110114,090803,5398,14
RICHTER,0,20110114,090803,43000,1
OTP,0,20110114,090811,5395,5
OTP,0,20110114,090811,5390,45
OTP,0,20110114,090822,5390,1
OTP,0,20110114,090827,5390,54
BUX1112,0,20110114,090831,23081,1
OTP,0,20110114,090838,5388,200
OTP,0,20110114,090838,5388,50
KEG,0,20110114,090839,139,700
OTP,0,20110114,090850,5390,200
OTP,0,20110114,090857,5385,100
OTP,0,20110114,090858,5390,1000
SYNERGON,0,20110114,090902,490,11
OTP,0,20110114,090905,5390,500
OTP,0,20110114,090958,5390,246
OTP,0,20110114,090958,5390,6
OTP,0,20110114,090958,5390,48
BUX1112,0,20110114,091017,23082,11
BUX1112,0,20110114,091019,23086,1
OTP,0,20110114,091020,5385,25
OTP,0,20110114,091020,5384,30
OTP,0,20110114,091022,5390,52
OTP,0,20110114,091022,5390,20
OTP,0,20110114,091028,5390,28
OTP,0,20110114,091038,5390,1000
OTP,0,20110114,091101,5390,30
OTP,0,20110114,091106,5390,800
OTP,0,20110114,091142,5389,90
OTP,0,20110114,091142,5390,142
OTP,0,20110114,091142,5390,18
MTELEKOM,0,20110114,091145,546,500
MTELEKOM,0,20110114,091145,546,280
PANNERGY,0,20110114,091202,916,100
OTP,0,20110114,091213,5390,12
OTP,0,20110114,091213,5390,101
OTP,0,20110114,091213,5390,100
OTP,0,20110114,091213,5390,78
MOL,0,20110114,091214,22000,46
OTP,0,20110114,091214,5390,100
OTP,0,20110114,091215,5390,109
OTP,0,20110114,091215,5389,91
OTP,0,20110114,091229,5395,150
OTP,0,20110114,091229,5395,791
OTP,0,20110114,091229,5395,10
OTP,0,20110114,091229,5395,18
BUX1112,0,20110114,091233,23082,30
BUX1112,0,20110114,091242,23082,9
BUX1112,0,20110114,091242,23082,1
OTP,0,20110114,091246,5395,31
OTP,0,20110114,091246,5397,150
OTP,0,20110114,091246,5397,100
BUX1112,0,20110114,091254,23082,10
OTP,0,20110114,091258,5396,30
RICHTER,0,20110114,091303,42920,20
MOL,0,20110114,091303,22000,3
OTP,0,20110114,091303,5396,13
RICHTER,0,20110114,091303,42955,1
MOL,0,20110114,091307,22000,51
OTP,0,20110114,091310,5396,42
OTP,0,20110114,091324,5397,50
OTP,0,20110114,091324,5397,50
OTP,0,20110114,091329,5398,1
OTP,0,20110114,091329,5398,750
OTP,0,20110114,091329,5398,340
OTP,0,20110114,091329,5400,455
OTP,0,20110114,091329,5400,704
OTP,0,20110114,091334,5400,296
OTP,0,20110114,091334,5400,200
OTP,0,20110114,091334,5400,504
OTP,0,20110114,091336,5400,1045
OTP,0,20110114,091344,5400,955
MOL,0,20110114,091347,22000,3
PHYLAXIA,0,20110114,091348,44,2000
OTP,0,20110114,091354,5400,200
OTP,0,20110114,091414,5400,183
OTP,0,20110114,091414,5400,593
OTP,0,20110114,091419,5400,7
OTP,0,20110114,091419,5400,1141
OTP,0,20110114,091427,5400,100
RFV,0,20110114,091437,8400,10
RFV,0,20110114,091437,8365,15
RFV,0,20110114,091437,8350,215
BUX1112,0,20110114,091448,23081,2
BUX1112,0,20110114,091448,23081,1
BUX1112,0,20110114,091448,23080,2
MOL,0,20110114,091457,22000,2
MOL,0,20110114,091457,22000,1
OTP,0,20110114,091503,5398,145
OTP,0,20110114,091506,5400,759
OTP,0,20110114,091506,5400,200
OTP,0,20110114,091506,5400,1000
MOL,0,20110114,091507,22000,5
MOL,0,20110114,091512,22000,4
MOL,0,20110114,091513,22000,7
OTP,0,20110114,091515,5399,30
MOL,0,20110114,091533,22000,43
OTP,0,20110114,091552,5398,5
OTP,0,20110114,091552,5396,20
OTP,0,20110114,091552,5395,11
OTP,0,20110114,091552,5392,4
MOL,0,20110114,091553,22000,3
RICHTER,0,20110114,091559,42900,5
MOL,0,20110114,091601,22000,54
MOL,0,20110114,091608,22000,96
RFV,0,20110114,091617,8410,10
RFV,0,20110114,091620,8350,19
OTP,0,20110114,091625,5400,50
BUX1112,0,20110114,091628,23081,1
BUX1112,0,20110114,091628,23080,3
BUX1112,0,20110114,091628,23076,2
BUX1112,0,20110114,091628,23075,4
PHYLAXIA,0,20110114,091642,44,15000
OTP,0,20110114,091642,5400,1730
OTP,0,20110114,091642,5402,150
OTP,0,20110114,091642,5406,2
OTP,0,20110114,091642,5407,15
OTP,0,20110114,091642,5407,50
OTP,0,20110114,091642,5407,30
OTP,0,20110114,091642,5408,23
RFV,0,20110114,091643,8410,1
MOL,0,20110114,091654,21955,8
DANUBIUS,0,20110114,091655,4200,30
MOL,0,20110114,091726,22000,20
MOL,0,20110114,091726,22000,50
MOL,0,20110114,091726,22000,50
OTP,0,20110114,091749,5400,11
MOL,0,20110114,091800,22000,80
MOL,0,20110114,091802,22000,4
RICHTER,0,20110114,091803,42955,2
OTP,0,20110114,091804,5405,1
OTP,0,20110114,091808,5407,14
RICHTER,0,20110114,091808,42955,1
MOL,0,20110114,091820,22000,16
MOL,0,20110114,091821,22015,10
OTP,0,20110114,091824,5407,176
OTP,0,20110114,091825,5408,77
OTP,0,20110114,091825,5408,60
OTP,0,20110114,091830,5409,115
PANNERGY,0,20110114,091850,915,255
PANNERGY,0,20110114,091850,914,2589
PANNERGY,0,20110114,091850,910,100
PANNERGY,0,20110114,091850,910,2056
BUX1112,0,20110114,091852,23099,2
OTP,0,20110114,091911,5407,24
PHYLAXIA,0,20110114,091915,44,1837
PHYLAXIA,0,20110114,091915,44,4163
PANNERGY,0,20110114,091919,915,32
MOL,0,20110114,091941,22000,184
OTP,0,20110114,091944,5406,100
OTP,0,20110114,092019,5401,40
OTP,0,20110114,092019,5401,1
OTP,0,20110114,092019,5400,500
OTP,0,20110114,092019,5400,2
OTP,0,20110114,092019,5400,50
OTP,0,20110114,092019,5400,14
MOL,0,20110114,092023,22000,16
OTP,0,20110114,092102,5400,1000
PANNERGY,0,20110114,092115,910,250
ZWACK,0,20110114,092124,12780,190
BUX1112,0,20110114,092127,23076,1
OTP,0,20110114,092133,5400,60
OTP,0,20110114,092145,5400,300
BUX1112,0,20110114,092153,23100,1
BUX1112,0,20110114,092153,23100,10
BUX1112,0,20110114,092203,23076,2
BUX1112,0,20110114,092203,23075,7
OTP,0,20110114,092203,5400,18
OTP,0,20110114,092209,5400,15
MOL,0,20110114,092214,22030,50
RICHTER,0,20110114,092217,42900,2
RICHTER,0,20110114,092217,42895,5
MOL,0,20110114,092220,22035,2
OTP,0,20110114,092234,5400,15
OTP,0,20110114,092258,5400,70
MOL,0,20110114,092307,22035,4
OTP,0,20110114,092308,5402,14
RICHTER,0,20110114,092308,42955,1
RICHTER,0,20110114,092314,42995,1
MOL,0,20110114,092321,22035,5
OTP,0,20110114,092329,5400,5
OTP,0,20110114,092418,5400,4
OTP,0,20110114,092418,5400,370
OTP,0,20110114,092419,5400,126
PHYLAXIA,0,20110114,092438,44,837
OTP,0,20110114,092501,5400,100
OTP,0,20110114,092511,5399,20
OTP,0,20110114,092518,5396,25
OTP,0,20110114,092522,5400,53
MOL,0,20110114,092523,22000,14
OTP,0,20110114,092531,5400,93
OTP,0,20110114,092542,5400,154
OTP,0,20110114,092542,5400,200
OTP,0,20110114,092556,5400,88
EBGOLD,0,20110114,092618,2826,60
OTP,0,20110114,092626,5396,170
OTP,0,20110114,092649,5400,553
OTP,0,20110114,092649,5400,47
BOOK,0,20110114,092649,460,108
PANNERGY,0,20110114,092654,910,244
PANNERGY,0,20110114,092654,910,90
PANNERGY,0,20110114,092654,910,16
BOOK,0,20110114,092710,455,92
KEG,0,20110114,092712,138,10
KEG,0,20110114,092712,138,150
FHB,0,20110114,092724,963,91
FHB,0,20110114,092724,963,9
MTELEKOM,0,20110114,092730,546,20
MTELEKOM,0,20110114,092730,546,100
OTP,0,20110114,092734,5396,205
OTP,0,20110114,092734,5395,300
OTP,0,20110114,092734,5395,100
OTP,0,20110114,092734,5392,74
OTP,0,20110114,092734,5392,48
OTP,0,20110114,092734,5391,180
OTP,0,20110114,092734,5391,93
MOL,0,20110114,092807,22020,4
MOL,0,20110114,092807,22020,1
MOL,0,20110114,092807,22025,9
OTP,0,20110114,092808,5398,13
RICHTER,0,20110114,092808,42900,2
BUX1112,0,20110114,092828,23075,14
BUX1112,0,20110114,092828,23075,2
OTP,0,20110114,092855,5391,7
OTP,0,20110114,092855,5391,18
OTP,0,20110114,092855,5391,500
OTP,0,20110114,092855,5391,22
OTP,0,20110114,092855,5390,100
OTP,0,20110114,092855,5390,37
OTP,0,20110114,092855,5390,100
OTP,0,20110114,092855,5390,216
BUX1112,0,20110114,092906,23071,1
PHYLAXIA,0,20110114,092948,44,163
PHYLAXIA,0,20110114,092948,44,1000
PHYLAXIA,0,20110114,092948,44,8837
OTP,0,20110114,092951,5390,10
MTELEKOM,0,20110114,093010,546,240
MOL,0,20110114,093024,22020,22
OTP,0,20110114,093034,5397,100
OTP,0,20110114,093035,5398,41
OTP,0,20110114,093039,5397,85
OTP,0,20110114,093039,5390,74
OTP,0,20110114,093039,5390,33
OTP,0,20110114,093039,5390,45
OTP,0,20110114,093039,5390,10
OTP,0,20110114,093039,5390,9
MTELEKOM,0,20110114,093045,546,8000
MTELEKOM,0,20110114,093051,547,1100
RICHTER,0,20110114,093152,42825,1
RICHTER,0,20110114,093152,42820,3
RICHTER,0,20110114,093152,42810,5
DANUBIUS,0,20110114,093206,4200,10
DANUBIUS,0,20110114,093206,4200,13
DANUBIUS,0,20110114,093206,4200,50
DANUBIUS,0,20110114,093206,4200,40
DANUBIUS,0,20110114,093207,4200,50
MOL,0,20110114,093208,22020,54
DANUBIUS,0,20110114,093209,4200,50
DANUBIUS,0,20110114,093210,4200,50
DANUBIUS,0,20110114,093211,4200,50
DANUBIUS,0,20110114,093212,4200,50
DANUBIUS,0,20110114,093213,4200,50
DANUBIUS,0,20110114,093214,4200,50
MOL,0,20110114,093249,22000,150
MOL,0,20110114,093249,22000,5
MOL,0,20110114,093252,22000,150
MOL,0,20110114,093253,22000,36
MOL,0,20110114,093302,22000,5
MOL,0,20110114,093304,22000,109
MOL,0,20110114,093307,22025,3
OTP,0,20110114,093308,5390,14
RICHTER,0,20110114,093308,42890,1
MOL,0,20110114,093309,22000,150
MOL,0,20110114,093310,22000,27
BUX1112,0,20110114,093312,23070,5
BUX1112,0,20110114,093312,23074,2
BUX1112,0,20110114,093312,23075,5
BUX1112,0,20110114,093312,23080,10
BUX1112,0,20110114,093314,23080,10
BUX1112,0,20110114,093318,23080,8
MOL,0,20110114,093321,22000,123
PHYLAXIA,0,20110114,093402,44,13609
MOL,0,20110114,093416,22000,150
MOL,0,20110114,093417,22000,27
DANUBIUS,0,20110114,093420,4200,137
MOL,0,20110114,093426,22000,77
MOL,0,20110114,093426,22000,123
OTP,0,20110114,093427,5386,16
MOL,0,20110114,093427,22000,27
MOL,0,20110114,093428,22000,22
PHYLAXIA,0,20110114,093433,44,554
RICHTER,0,20110114,093457,42890,49
RICHTER,0,20110114,093457,42900,208
OTP,0,20110114,093600,5389,25
OTP,0,20110114,093602,5390,302
MOL,0,20110114,093633,22025,38
MOL,0,20110114,093633,22025,12
RICHTER,0,20110114,093644,42900,16
OTP,0,20110114,093652,5390,1428
OTP,0,20110114,093652,5390,559
BUX1112,0,20110114,093748,23080,5
MOL,0,20110114,093752,22000,128
MOL,0,20110114,093753,22000,150
MOL,0,20110114,093755,22000,22
OTP,0,20110114,093807,5395,14
RICHTER,0,20110114,093808,42995,1
MOL,0,20110114,093812,22020,4
RICHTER,0,20110114,093814,43000,1
PHYLAXIA,0,20110114,093839,44,446
PHYLAXIA,0,20110114,093839,44,2554
RABA,0,20110114,093849,832,240
RABA,0,20110114,093849,830,405
GENESIS,0,20110114,093855,206,1000
OTP,0,20110114,093910,5395,14
OTP,0,20110114,093917,5395,13
OTP,0,20110114,094012,5397,60
RABA,0,20110114,094020,828,60
RABA,0,20110114,094020,828,100
OTP,0,20110114,094028,5395,200
BUX1112,0,20110114,094030,23087,10
BUX1112,0,20110114,094030,23095,1
BUX1112,0,20110114,094030,23096,5
BUX1112,0,20110114,094030,23097,10
BUX1112,0,20110114,094030,23099,20
BUX1112,0,20110114,094031,23102,1
BUX1112,0,20110114,094031,23110,1
MTELEKOM,0,20110114,094116,546,640
MTELEKOM,0,20110114,094116,546,875
MTELEKOM,0,20110114,094116,546,250
MTELEKOM,0,20110114,094116,546,235
BUX1112,0,20110114,094121,23110,1
OTP,0,20110114,094130,5397,30
OTP,0,20110114,094130,5399,50
OTP,0,20110114,094130,5399,5
OTP,0,20110114,094130,5400,53
OTP,0,20110114,094130,5400,370
MOL,0,20110114,094134,22020,6
MOL,0,20110114,094134,22020,42
OTP,0,20110114,094136,5395,10
RABA,0,20110114,094142,827,85
PHYLAXIA,0,20110114,094157,44,8000
EBGOLD,0,20110114,094228,2818,5
OTP,0,20110114,094231,5400,10
PHYLAXIA,0,20110114,094236,44,5000
PHYLAXIA,0,20110114,094236,44,151
OTP,0,20110114,094247,5395,63
OTP,0,20110114,094247,5395,15
OTP,0,20110114,094247,5390,50
OTP,0,20110114,094247,5390,50
BUX1112,0,20110114,094252,23100,10
BUX1112,0,20110114,094254,23100,15
BUX1112,0,20110114,094256,23100,1
BUX1112,0,20110114,094300,23100,7
OTP,0,20110114,094301,5391,200
BUX1112,0,20110114,094306,23100,20
RICHTER,0,20110114,094306,43000,8
RICHTER,0,20110114,094306,43000,14
BUX1112,0,20110114,094307,23100,1
OTP,0,20110114,094307,5400,13
BUX1112,0,20110114,094308,23100,3
BUX1112,0,20110114,094311,23100,5
MOL,0,20110114,094312,22020,4
RICHTER,0,20110114,094313,43000,2
OTP,0,20110114,094317,5391,200
BUX1112,0,20110114,094320,23100,1
BUX1112,0,20110114,094320,23100,2
BUX1112,0,20110114,094323,23100,5
RICHTER,0,20110114,094326,43000,21
RICHTER,0,20110114,094326,43000,3
BUX1112,0,20110114,094329,23100,2
OTP,0,20110114,094342,5395,28
RICHTER,0,20110114,094355,43000,4
RICHTER,0,20110114,094355,43000,50
RICHTER,0,20110114,094355,43000,50
MOL,0,20110114,094408,22020,43
MOL,0,20110114,094410,22000,45
OTP,0,20110114,094418,5398,15
OTP,0,20110114,094418,5400,107
OTP,0,20110114,094418,5400,176
OTP,0,20110114,094418,5400,702
MTELEKOM,0,20110114,094421,547,100
RABA,0,20110114,094426,830,355
MTELEKOM,0,20110114,094456,546,184
OTP,0,20110114,094457,5395,22
OTP,0,20110114,094457,5390,478
BUX1112,0,20110114,094500,23101,1
BUX1112,0,20110114,094500,23100,3
MTELEKOM,0,20110114,094502,546,581
OTP,0,20110114,094537,5400,43
OTP,0,20110114,094537,5400,157
BUX1112,0,20110114,094543,23100,6
OTP,0,20110114,094649,5393,50
OTP,0,20110114,094655,5393,60
MOL,0,20110114,094659,22000,83
MOL,0,20110114,094700,22000,150
MOL,0,20110114,094702,22000,150
MOL,0,20110114,094703,22000,150
MOL,0,20110114,094704,22000,50
PANNERGY,0,20110114,094711,913,30
MOL,0,20110114,094713,21950,38
MOL,0,20110114,094713,21950,4
MOL,0,20110114,094717,21925,6
OTP,0,20110114,094720,5393,190
OTP,0,20110114,094720,5393,310
OTP,0,20110114,094731,5399,10
MOL,0,20110114,094731,21995,12
OTP,0,20110114,094731,5393,16
OTP,0,20110114,094731,5393,70
OTP,0,20110114,094731,5393,10
OTP,0,20110114,094731,5390,54
OTP,0,20110114,094749,5391,200
OTP,0,20110114,094749,5390,300
MOL,0,20110114,094804,21995,30
MOL,0,20110114,094804,21995,70
OTP,0,20110114,094807,5393,14
OTP,0,20110114,094811,5393,86
OTP,0,20110114,094811,5395,362
OTP,0,20110114,094811,5395,52
MOL,0,20110114,094812,21995,3
RICHTER,0,20110114,094813,43050,1
MOL,0,20110114,094815,21995,197
MOL,0,20110114,094815,22000,757
MOL,0,20110114,094815,22000,57
MOL,0,20110114,094815,22000,189
MOL,0,20110114,094816,21950,20
OTP,0,20110114,094823,5395,500
PANNUNION,0,20110114,094830,148,220
OTP,0,20110114,094843,5395,448
MOL,0,20110114,094846,22000,11
MOL,0,20110114,094846,22000,106
MOL,0,20110114,094846,22000,33
MOL,0,20110114,094847,22000,150
MOL,0,20110114,094848,22000,17
MOL,0,20110114,094848,22000,133
MOL,0,20110114,094850,22000,150
MOL,0,20110114,094851,22000,150
MOL,0,20110114,094852,22000,67
MOL,0,20110114,094852,22000,60
MOL,0,20110114,094852,22000,23
MOL,0,20110114,094853,22000,70
MOL,0,20110114,094855,22000,13
MOL,0,20110114,094857,22020,11
MOL,0,20110114,094857,22020,114
KEG,0,20110114,094906,138,99
PANNERGY,0,20110114,094907,914,147
MOL,0,20110114,094915,22000,58
EGIS,0,20110114,094930,21000,3
OTP,0,20110114,094933,5398,150
OTP,0,20110114,094933,5398,1000
OTP,0,20110114,094933,5400,10
OTP,0,20110114,094933,5400,1340
OTP,0,20110114,094938,5400,1500
OTP,0,20110114,094958,5393,250
OTP,0,20110114,094958,5392,250
OTP,0,20110114,094958,5392,500
OTP,0,20110114,094958,5391,300
OTP,0,20110114,094958,5390,37
OTP,0,20110114,094958,5390,663
EGIS,0,20110114,095012,21080,10
OTP,0,20110114,095041,5390,10
PHYLAXIA,0,20110114,095043,44,5000
OTP,0,20110114,095046,5390,300
MOL,0,20110114,095100,22000,9
MOL,0,20110114,095100,22000,2
MTELEKOM,0,20110114,095100,546,130
MTELEKOM,0,20110114,095100,547,800
MTELEKOM,0,20110114,095100,547,70
MOL,0,20110114,095120,22000,50
PANNERGY,0,20110114,095138,914,69
OTP,0,20110114,095213,5390,27
OTP,0,20110114,095213,5390,250
OTP,0,20110114,095213,5390,500
OTP,0,20110114,095213,5390,20
PANNERGY,0,20110114,095217,914,90
OTP,0,20110114,095220,5390,203
OTP,0,20110114,095242,5391,20
MOL,0,20110114,095252,22000,20
MOL,0,20110114,095255,22000,128
MOL,0,20110114,095255,22000,22
OTP,0,20110114,095307,5398,14
MOL,0,20110114,095308,22000,128
MOL,0,20110114,095309,22000,30
MOL,0,20110114,095310,22000,99
RICHTER,0,20110114,095313,43050,2
MOL,0,20110114,095314,22000,43
MOL,0,20110114,095316,22005,62
MOL,0,20110114,095324,22015,4
RICHTER,0,20110114,095327,43090,33
OTP,0,20110114,095331,5391,20
MOL,0,20110114,095341,22015,46
MOL,0,20110114,095341,22015,77
MOL,0,20110114,095341,22015,154
MOL,0,20110114,095341,22020,200
MOL,0,20110114,095341,22025,189
MOL,0,20110114,095352,22020,33
MOL,0,20110114,095357,22025,1
OTP,0,20110114,095426,5395,100
ETFBUXOTP,0,20110114,095433,943,64
MTELEKOM,0,20110114,095435,547,14
OTP,0,20110114,095435,5398,3
MOL,0,20110114,095435,22030,1
RICHTER,0,20110114,095515,43075,7
BOOK,0,20110114,095526,469,10
RICHTER,0,20110114,095530,43020,11
MOL,0,20110114,095554,22000,207
MOL,0,20110114,095554,22000,64
MTELEKOM,0,20110114,095623,545,263
MTELEKOM,0,20110114,095623,545,500
MTELEKOM,0,20110114,095623,545,150
MOL,0,20110114,095625,22000,20
BUX1112,0,20110114,095659,23100,1
BUX1112,0,20110114,095659,23100,1
RABA,0,20110114,095701,834,30
RICHTER,0,20110114,095706,43020,50
OTP,0,20110114,095727,5394,700
OTP,0,20110114,095728,5392,10
OTP,0,20110114,095728,5392,300
OTP,0,20110114,095730,5392,214
MTELEKOM,0,20110114,095735,546,20
OTP,0,20110114,095737,5391,275
OTP,0,20110114,095739,5392,176
OTP,0,20110114,095741,5395,42
OTP,0,20110114,095807,5398,13
RICHTER,0,20110114,095813,43170,2
GENESIS,0,20110114,095815,207,150
GENESIS,0,20110114,095815,207,250
MOL,0,20110114,095817,21995,4
OTP,0,20110114,095857,5395,1000
OTP,0,20110114,095857,5391,285
OTP,0,20110114,095857,5391,20
OTP,0,20110114,095857,5390,380
OTP,0,20110114,095857,5390,80
OTP,0,20110114,095857,5390,235
OTP,0,20110114,095905,5390,474
KEG,0,20110114,095905,138,150
OTP,0,20110114,095918,5390,271
OTP,0,20110114,095923,5390,20
OTP,0,20110114,095923,5390,5
OTP,0,20110114,095923,5390,400
OTP,0,20110114,095923,5390,1000
OTP,0,20110114,095927,5389,300
OTP,0,20110114,095943,5388,14
GENESIS,0,20110114,095958,208,150
OTP,0,20110114,100028,5390,534
RICHTER,0,20110114,100030,43170,15
RICHTER,0,20110114,100030,43170,30
RICHTER,0,20110114,100030,43175,13
RICHTER,0,20110114,100030,43180,25
RICHTER,0,20110114,100030,43185,2
RICHTER,0,20110114,100030,43190,3
RICHTER,0,20110114,100030,43190,23
RICHTER,0,20110114,100030,43190,2
RICHTER,0,20110114,100030,43190,37
OTP,0,20110114,100052,5390,8
RICHTER,0,20110114,100101,43190,13
RICHTER,0,20110114,100101,43190,10
RICHTER,0,20110114,100101,43200,1
BUX1112,0,20110114,100106,23114,5
BUX1112,0,20110114,100106,23115,2
BUX1112,0,20110114,100106,23118,1
BUX1112,0,20110114,100106,23120,1
BUX1112,0,20110114,100106,23120,1
BUX1112,0,20110114,100106,23123,1
BUX1112,0,20110114,100106,23125,1
BUX1112,0,20110114,100106,23128,2
BUX1112,0,20110114,100106,23128,1
BUX1112,0,20110114,100106,23128.5,1
BUX1112,0,20110114,100106,23130,2
BUX1112,0,20110114,100106,23133,10
BUX1112,0,20110114,100106,23138,2
BUX1112,0,20110114,100106,23138,6
BUX1112,0,20110114,100106,23139.5,8
BUX1112,0,20110114,100106,23140,1
BUX1112,0,20110114,100106,23140,2
BUX1112,0,20110114,100106,23140,1
BUX1112,0,20110114,100106,23140,2
BUX1112,0,20110114,100106,23140,1
RICHTER,0,20110114,100108,43200,9
RICHTER,0,20110114,100108,43200,200
RICHTER,0,20110114,100108,43200,10
RICHTER,0,20110114,100111,43200,1
RICHTER,0,20110114,100117,43190,49
OTP,0,20110114,100128,5390,1
DANUBIUS,0,20110114,100149,4180,150
RICHTER,0,20110114,100204,43200,50
GENESIS,0,20110114,100207,206,11
MOL,0,20110114,100234,21960,5
MOL,0,20110114,100234,21925,30
MOL,0,20110114,100234,21925,184
PANNERGY,0,20110114,100237,914,32
OTP,0,20110114,100239,5391,20
OTP,0,20110114,100312,5399,14
BUX1112,0,20110114,100317,23137,1
BUX1112,0,20110114,100317,23138,1
BUX1112,0,20110114,100317,23139,1
MOL,0,20110114,100317,21995,4
RICHTER,0,20110114,100319,43240,1
OTP,0,20110114,100347,5391,12
RICHTER,0,20110114,100352,43240,34
OTP,0,20110114,100426,5399,500
MTELEKOM,0,20110114,100427,547,180
EBGOLD,0,20110114,100437,2835,22
OTP,0,20110114,100444,5395,439
OTP,0,20110114,100456,5395,118
KEG,0,20110114,100507,137,1200
KEG,0,20110114,100507,137,1000
KEG,0,20110114,100507,137,1000
KEG,0,20110114,100507,136,735
KEG,0,20110114,100507,136,1000
KEG,0,20110114,100507,136,1000
KEG,0,20110114,100507,136,150
KEG,0,20110114,100507,136,13915
GENESIS,0,20110114,100526,209,30
GSPARK,0,20110114,100612,781,100
GSPARK,0,20110114,100612,780,400
EBDAX,0,20110114,100656,1957,23
RICHTER,0,20110114,100712,43165,10
GENESIS,0,20110114,100719,206,500
PANNUNION,0,20110114,100722,148,100
OTP,0,20110114,100752,5398,510
GENESIS,0,20110114,100804,206,489
OTP,0,20110114,100812,5398,14
MOL,0,20110114,100817,21985,3
RICHTER,0,20110114,100818,43285,2
GENESIS,0,20110114,100821,206,11
GENESIS,0,20110114,100821,209,19
RCBRENTOIL,0,20110114,100942,961,32
FHB,0,20110114,101022,963,63
FHB,0,20110114,101022,963,5
FHB,0,20110114,101022,963,132
KEG,0,20110114,101037,137,100
RICHTER,0,20110114,101046,43285,48
RICHTER,0,20110114,101046,43290,20
RICHTER,0,20110114,101046,43290,10
RICHTER,0,20110114,101046,43300,20
OTP,0,20110114,101100,5392,200
OTP,0,20110114,101100,5391,231
OTP,0,20110114,101100,5391,18
OTP,0,20110114,101100,5390,72
OTP,0,20110114,101100,5390,79
OTP,0,20110114,101134,5390,50
OTP,0,20110114,101214,5398,66
MOL,0,20110114,101221,21985,4
MOL,0,20110114,101223,21990,8
OTP,0,20110114,101224,5399,176
MOL,0,20110114,101234,21990,17
MOL,0,20110114,101234,21990,75
RICHTER,0,20110114,101237,43250,10
RICHTER,0,20110114,101237,43205,6
RICHTER,0,20110114,101237,43205,2
PHYLAXIA,0,20110114,101244,45,200
OTP,0,20110114,101312,5399,13
MOL,0,20110114,101317,21990,2
MOL,0,20110114,101317,21990,2
RICHTER,0,20110114,101318,43300,1
MTELEKOM,0,20110114,101450,547,519
MOL,0,20110114,101520,21935,70
OTP,0,20110114,101527,5391,47
MTELEKOM,0,20110114,101549,547,420
BUX1112,0,20110114,101621,23120,20
EBGOLD,0,20110114,101628,2833,100
OTP,0,20110114,101711,5391,143
OTP,0,20110114,101711,5391,85
MOL,0,20110114,101719,21935,24
OTP,0,20110114,101731,5390,272
PANNERGY,0,20110114,101739,914,37
OTP,0,20110114,101812,5397,14
MOL,0,20110114,101817,21970,4
RICHTER,0,20110114,101818,43300,2
BUX1112,0,20110114,101834,23130,1
BUX1112,0,20110114,101834,23134.5,1
BUX1112,0,20110114,101834,23135,1
BUX1112,0,20110114,101834,23135,5
PANNERGY,0,20110114,101859,913,200
RICHTER,0,20110114,101911,43200,12
KEG,0,20110114,101924,137,50
EMASZ,0,20110114,101944,21550,5
EMASZ,0,20110114,101944,21500,2
EMASZ,0,20110114,101944,21420,5
EMASZ,0,20110114,101944,21420,4
DANUBIUS,0,20110114,101946,4200,10
RICHTER,0,20110114,101959,43200,22
PHYLAXIA,0,20110114,102034,44,7088
RCSP500,0,20110114,102115,2648,17
MOL,0,20110114,102148,21935,6
MOL,0,20110114,102148,21935,19
OTP,0,20110114,102214,5395,1
MOL,0,20110114,102219,21970,21
MOL,0,20110114,102219,21970,7
MOL,0,20110114,102221,21970,49
OTP,0,20110114,102224,5397,36
OTP,0,20110114,102224,5397,100
OTP,0,20110114,102230,5398,108
RICHTER,0,20110114,102246,43200,57
ZWACK,0,20110114,102248,12875,20
ZWACK,0,20110114,102248,12880,20
ZWACK,0,20110114,102248,12880,30
ZWACK,0,20110114,102248,12885,60
ZWACK,0,20110114,102248,12900,70
OTP,0,20110114,102254,5390,50
PANNERGY,0,20110114,102302,913,100
OTP,0,20110114,102313,5395,14
MOL,0,20110114,102319,21975,3
RICHTER,0,20110114,102319,43300,2
PANNERGY,0,20110114,102345,913,50
PANNERGY,0,20110114,102359,913,50
EGIS,0,20110114,102513,21080,10
EGIS,0,20110114,102513,21080,20
MTELEKOM,0,20110114,102551,547,61
MTELEKOM,0,20110114,102551,548,19
OTP,0,20110114,102620,5395,182
OTP,0,20110114,102746,5395,18
OTP,0,20110114,102746,5395,400
OTP,0,20110114,102805,5390,49
OTP,0,20110114,102805,5390,200
OTP,0,20110114,102805,5390,62
OTP,0,20110114,102805,5390,40
OTP,0,20110114,102805,5390,100
OTP,0,20110114,102805,5390,100
OTP,0,20110114,102805,5390,220
OTP,0,20110114,102805,5390,229
OTP,0,20110114,102812,5395,13
MOL,0,20110114,102817,21975,4
RICHTER,0,20110114,102818,43285,1
OTP,0,20110114,102847,5390,14
OTP,0,20110114,102847,5390,16
PANNERGY,0,20110114,102919,913,55
PHYLAXIA,0,20110114,102958,44,12
PHYLAXIA,0,20110114,102958,44,200
PHYLAXIA,0,20110114,102958,44,550
PHYLAXIA,0,20110114,102958,44,1500
OTP,0,20110114,103021,5390,30
MTELEKOM,0,20110114,103025,548,100
OTP,0,20110114,103029,5390,7
OTP,0,20110114,103047,5388,16
MOL,0,20110114,103053,21970,3
OTP,0,20110114,103058,5386,25
MTELEKOM,0,20110114,103205,548,17
OTP,0,20110114,103212,5386,209
OTP,0,20110114,103212,5385,10
OTP,0,20110114,103212,5385,18
OTP,0,20110114,103212,5384,120
OTP,0,20110114,103212,5383,150
OTP,0,20110114,103212,5383,370
OTP,0,20110114,103212,5383,500
MOL,0,20110114,103219,21970,27
BUX1112,0,20110114,103223,23130,1
BUX1112,0,20110114,103224,23120,4
MOL,0,20110114,103226,21975,35
MOL,0,20110114,103226,21975,18
OTP,0,20110114,103238,5382,15
OTP,0,20110114,103238,5380,85
OTP,0,20110114,103238,5380,200
OTP,0,20110114,103238,5380,185
PANNERGY,0,20110114,103238,912,60
OTP,0,20110114,103300,5380,50
OTP,0,20110114,103300,5380,500
OTP,0,20110114,103300,5380,50
OTP,0,20110114,103300,5380,51
OTP,0,20110114,103300,5380,200
OTP,0,20110114,103300,5380,250
OTP,0,20110114,103300,5380,10
OTP,0,20110114,103300,5380,20
OTP,0,20110114,103312,5385,14
BUX1112,0,20110114,103313,23120,2
OTP,0,20110114,103314,5385,20
MOL,0,20110114,103317,21975,4
RICHTER,0,20110114,103318,43280,2
EBGOLD,0,20110114,103329,2833,175
RFV,0,20110114,103340,8395,10
BUX1112,0,20110114,103343,23120,2
BUX1112,0,20110114,103344,23120,1
MTELEKOM,0,20110114,103359,546,1575
MTELEKOM,0,20110114,103359,546,5000
MTELEKOM,0,20110114,103359,546,1250
OTP,0,20110114,103359,5380,35
GSPARK,0,20110114,103401,780,29
BUX1112,0,20110114,103435,23120,1
EBGOLD,0,20110114,103442,2833,200
OTP,0,20110114,103456,5384,34
OTP,0,20110114,103456,5385,156
OTP,0,20110114,103514,5382,1000
OTP,0,20110114,103515,5380,20
BUX1112,0,20110114,103522,23133,2
BUX1112,0,20110114,103522,23134,1
OTP,0,20110114,103541,5385,20
HUMET,0,20110114,103553,9,10000
OTP,0,20110114,103557,5385,500
OTP,0,20110114,103604,5385,290
OTP,0,20110114,103604,5385,150
RABA,0,20110114,103615,834,200
OTP,0,20110114,103655,5388,160
BUX1112,0,20110114,103655,23111,1
BUX1112,0,20110114,103655,23111,1
BUX1112,0,20110114,103701,23111,1
OTP,0,20110114,103707,5388,40
OTP,0,20110114,103707,5388,150
OTP,0,20110114,103746,5389,302
OTP,0,20110114,103746,5390,165
OTP,0,20110114,103746,5390,533
OTP,0,20110114,103812,5390,14
MOL,0,20110114,103817,21975,4
RICHTER,0,20110114,103818,43280,2
EGIS,0,20110114,103825,21000,2
OTP,0,20110114,103848,5381,50
OTP,0,20110114,103848,5381,90
OTP,0,20110114,103848,5380,580
OTP,0,20110114,103848,5380,20
OTP,0,20110114,103848,5380,700
OTP,0,20110114,103848,5380,3560
MTELEKOM,0,20110114,103907,546,939
MTELEKOM,0,20110114,103951,546,1000
OTP,0,20110114,103957,5380,49
MOL,0,20110114,103957,21975,38
MOL,0,20110114,103958,21985,56
OTP,0,20110114,104000,5380,83
RICHTER,0,20110114,104004,43130,7
MOL,0,20110114,104005,21990,15
MOL,0,20110114,104005,21990,1
ZWACK,0,20110114,104023,12900,10
BUX1112,0,20110114,104031,23116,1
EGIS,0,20110114,104041,21050,1
MOL,0,20110114,104105,21975,37
MTELEKOM,0,20110114,104122,546,236
MTELEKOM,0,20110114,104122,546,597
MTELEKOM,0,20110114,104146,546,1000
HUMET,0,20110114,104156,10,1
RICHTER,0,20110114,104225,43125,100
MTELEKOM,0,20110114,104243,545,350
MTELEKOM,0,20110114,104243,545,2752
MTELEKOM,0,20110114,104243,545,70
MTELEKOM,0,20110114,104243,545,2828
MOL,0,20110114,104245,21975,25
MTELEKOM,0,20110114,104246,545,7172
MTELEKOM,0,20110114,104246,545,500
MTELEKOM,0,20110114,104246,545,1852
MTELEKOM,0,20110114,104246,545,500
MOL,0,20110114,104246,21975,75
MOL,0,20110114,104250,21975,25
MOL,0,20110114,104252,21975,50
EBGOLD,0,20110114,104301,2830,110
OTP,0,20110114,104317,5386,14
MOL,0,20110114,104320,21975,50
MOL,0,20110114,104320,21975,57
MOL,0,20110114,104322,21985,3
RICHTER,0,20110114,104323,43275,1
MTELEKOM,0,20110114,104433,545,862
MTELEKOM,0,20110114,104433,545,1
ECONET,0,20110114,104456,89,1000
OTP,0,20110114,104717,5386,3
OTP,0,20110114,104750,5385,55
BUX1112,0,20110114,104816,23112,3
OTP,0,20110114,104817,5385,13
RICHTER,0,20110114,104822,43275,2
RICHTER,0,20110114,104822,43280,2
RICHTER,0,20110114,104822,43285,6
RICHTER,0,20110114,104822,43290,2
RICHTER,0,20110114,104822,43295,50
RICHTER,0,20110114,104822,43300,15
RICHTER,0,20110114,104822,43300,18
RICHTER,0,20110114,104822,43305,5
MOL,0,20110114,104822,21975,4
RICHTER,0,20110114,104828,43305,2
OTP,0,20110114,104829,5385,10
RICHTER,0,20110114,104830,43110,19
RICHTER,0,20110114,104832,43110,5
MOL,0,20110114,104847,21950,200
MOL,0,20110114,104908,21950,5
OTP,0,20110114,104945,5380,1308
OTP,0,20110114,104945,5380,10
OTP,0,20110114,104945,5380,20
OTP,0,20110114,104945,5380,1
OTP,0,20110114,104945,5380,192
OTP,0,20110114,104945,5380,2000
OTP,0,20110114,104947,5380,121
BUX1112,0,20110114,105007,23111,1
TVK,0,20110114,105017,3365,15
BUX1112,0,20110114,105020,23111,4
BUX1112,0,20110114,105020,23110,7
BUX1112,0,20110114,105020,23108,10
BUX1112,0,20110114,105023,23108,9
MTELEKOM,0,20110114,105023,545,137
MTELEKOM,0,20110114,105023,545,363
BUX1112,0,20110114,105055,23102.5,1
OTP,0,20110114,105108,5380,1348
OTP,0,20110114,105108,5380,1
OTP,0,20110114,105129,5385,62
BUX1112,0,20110114,105141,23092,3
BUX1112,0,20110114,105141,23091,2
BUX1112,0,20110114,105141,23091,5
MTELEKOM,0,20110114,105143,544,70
MOL,0,20110114,105152,21950,4
OTP,0,20110114,105201,5385,138
MOL,0,20110114,105219,21975,6
MOL,0,20110114,105226,21980,67
OTP,0,20110114,105229,5380,3
RICHTER,0,20110114,105233,43200,3
RICHTER,0,20110114,105310,43200,97
MOL,0,20110114,105317,21950,96
OTP,0,20110114,105317,5385,14
MOL,0,20110114,105318,21950,100
RICHTER,0,20110114,105318,43140,19
MOL,0,20110114,105319,21950,50
MOL,0,20110114,105322,21950,4
RICHTER,0,20110114,105328,43200,2
MOL,0,20110114,105401,21945,133
OTP,0,20110114,105405,5380,10
MOL,0,20110114,105415,21935,81
MOL,0,20110114,105415,21935,40
MOL,0,20110114,105415,21935,79
OTP,0,20110114,105426,5380,20
MOL,0,20110114,105429,21940,117
MOL,0,20110114,105429,21940,4
MOL,0,20110114,105451,21930,100
OTP,0,20110114,105456,5376,300
OTP,0,20110114,105456,5375,10
OTP,0,20110114,105456,5375,50
OTP,0,20110114,105456,5374,250
OTP,0,20110114,105456,5374,8
OTP,0,20110114,105456,5373,818
OTP,0,20110114,105456,5373,13
OTP,0,20110114,105456,5373,200
OTP,0,20110114,105456,5373,1255
OTP,0,20110114,105456,5372,40
OTP,0,20110114,105456,5371,50
OTP,0,20110114,105456,5371,1409
OTP,0,20110114,105456,5370,11
OTP,0,20110114,105456,5370,100
OTP,0,20110114,105456,5370,148
OTP,0,20110114,105456,5370,200
OTP,0,20110114,105456,5370,50
OTP,0,20110114,105456,5370,10
OTP,0,20110114,105456,5370,78
OTP,0,20110114,105456,5370,30
OTP,0,20110114,105456,5370,40
OTP,0,20110114,105456,5370,52
OTP,0,20110114,105456,5367,15
OTP,0,20110114,105456,5366,100
OTP,0,20110114,105456,5366,8
OTP,0,20110114,105456,5366,300
OTP,0,20110114,105456,5365,12
OTP,0,20110114,105456,5365,13
OTP,0,20110114,105456,5365,87
OTP,0,20110114,105456,5363,20
OTP,0,20110114,105456,5362,15
OTP,0,20110114,105456,5361,17
OTP,0,20110114,105456,5360,18
OTP,0,20110114,105456,5360,7
OTP,0,20110114,105456,5360,43
OTP,0,20110114,105456,5360,200
OTP,0,20110114,105456,5360,40
OTP,0,20110114,105456,5360,1000
OTP,0,20110114,105456,5360,20
OTP,0,20110114,105457,5361,254
FREESOFT,0,20110114,105457,2180,251
OTP,0,20110114,105504,5360,500
MTELEKOM,0,20110114,105505,544,430
MTELEKOM,0,20110114,105505,544,500
MTELEKOM,0,20110114,105505,544,300
MTELEKOM,0,20110114,105505,544,150
MTELEKOM,0,20110114,105505,544,9
MTELEKOM,0,20110114,105505,544,200
MTELEKOM,0,20110114,105505,544,500
MTELEKOM,0,20110114,105505,544,1000
MTELEKOM,0,20110114,105505,544,1838
FREESOFT,0,20110114,105507,2195,12905
OTP,0,20110114,105529,5360,45
BUX1112,0,20110114,105532,23091,2
BUX1112,0,20110114,105542,23091,1
BUX1112,0,20110114,105542,23090.5,1
BUX1112,0,20110114,105542,23090,1
BUX1112,0,20110114,105542,23090,5
MOL,0,20110114,105543,21915,5
MOL,0,20110114,105543,21905,50
MOL,0,20110114,105543,21905,40
MOL,0,20110114,105543,21900,155
MOL,0,20110114,105543,21900,4
OTP,0,20110114,105546,5360,400
OTP,0,20110114,105546,5361,150
BUX1112,0,20110114,105549,23087,1
MOL,0,20110114,105553,21900,191
MOL,0,20110114,105553,21900,5
MOL,0,20110114,105553,21900,4
OTP,0,20110114,105556,5360,200
BUX1112,0,20110114,105604,23087,1
BUX1112,0,20110114,105607,23086.5,12
MOL,0,20110114,105610,21905,150
MOL,0,20110114,105610,21900,6
MOL,0,20110114,105610,21900,344
MOL,0,20110114,105611,21900,6
MOL,0,20110114,105612,21900,69
MOL,0,20110114,105618,21900,250
MOL,0,20110114,105621,21900,31
MOL,0,20110114,105621,21900,125
MOL,0,20110114,105622,21900,44
OTP,0,20110114,105623,5361,2840
OTP,0,20110114,105624,5360,13
BUX1112,0,20110114,105624,23080.5,2
BUX1112,0,20110114,105624,23080,2
BUX1112,0,20110114,105624,23080,6
MOL,0,20110114,105627,21900,300
BUX1112,0,20110114,105628,23080,3
OTP,0,20110114,105631,5360,16
OTP,0,20110114,105631,5360,1
OTP,0,20110114,105631,5360,133
MOL,0,20110114,105635,21905,15
BUX1112,0,20110114,105640,23080,2
MOL,0,20110114,105647,21905,135
MOL,0,20110114,105647,21900,6
MOL,0,20110114,105647,21900,350
MOL,0,20110114,105648,21900,109
BUX1112,0,20110114,105648,23080,8
BUX1112,0,20110114,105657,23080,1
MOL,0,20110114,105658,21905,50
MOL,0,20110114,105658,21900,241
MOL,0,20110114,105701,21905,128
MOL,0,20110114,105701,21900,172
BUX1112,0,20110114,105702,23076,1
MOL,0,20110114,105706,21900,178
MOL,0,20110114,105707,21900,122
OTP,0,20110114,105708,5360,100
MOL,0,20110114,105708,21900,42
MOL,0,20110114,105714,21900,186
MOL,0,20110114,105715,21900,2
MOL,0,20110114,105715,21905,82
MOL,0,20110114,105716,21905,18
MOL,0,20110114,105716,21900,168
RICHTER,0,20110114,105717,43140,4
RICHTER,0,20110114,105726,43110,6
BUX1112,0,20110114,105727,23080,10
PANNERGY,0,20110114,105728,912,184
PANNERGY,0,20110114,105728,912,27
BUX1112,0,20110114,105731,23080,10
BUX1112,0,20110114,105734,23076,2
OTP,0,20110114,105735,5360,240
SYNERGON,0,20110114,105736,490,62
SYNERGON,0,20110114,105736,490,38
OTP,0,20110114,105742,5360,527
OTP,0,20110114,105742,5360,25
OTP,0,20110114,105742,5357,10
OTP,0,20110114,105742,5356,48
OTP,0,20110114,105742,5356,150
OTP,0,20110114,105742,5356,300
OTP,0,20110114,105742,5355,17
OTP,0,20110114,105742,5355,20
OTP,0,20110114,105742,5355,34
OTP,0,20110114,105742,5355,200
OTP,0,20110114,105742,5353,20
OTP,0,20110114,105742,5353,100
OTP,0,20110114,105742,5353,15
OTP,0,20110114,105742,5353,20
OTP,0,20110114,105742,5352,19
OTP,0,20110114,105742,5351,20
OTP,0,20110114,105742,5351,100
OTP,0,20110114,105742,5351,20
OTP,0,20110114,105742,5350,20
OTP,0,20110114,105742,5350,745
OTP,0,20110114,105742,5350,20
OTP,0,20110114,105742,5350,4
OTP,0,20110114,105742,5350,94
OTP,0,20110114,105742,5350,60
OTP,0,20110114,105742,5350,30
OTP,0,20110114,105742,5350,1118
OTP,0,20110114,105742,5350,381
OTP,0,20110114,105742,5350,20
OTP,0,20110114,105742,5350,863
OTP,0,20110114,105742,5350,20
OTP,0,20110114,105742,5350,100
OTP,0,20110114,105742,5350,500
OTP,0,20110114,105742,5350,14
OTP,0,20110114,105742,5350,1000
PANNERGY,0,20110114,105748,912,33
PANNERGY,0,20110114,105748,912,20
BUX1112,0,20110114,105748,23076,17
BUX1112,0,20110114,105748,23070,10
OTP,0,20110114,105758,5361,100
BUX1112,0,20110114,105758,23056,10
BUX1112,0,20110114,105758,23056,31
OTP,0,20110114,105802,5361,50
OTP,0,20110114,105804,5361,50
BUX1112,0,20110114,105805,23051,1
BUX1112,0,20110114,105806,23056,9
OTP,0,20110114,105809,5350,1548
OTP,0,20110114,105809,5350,10
OTP,0,20110114,105809,5350,226
OTP,0,20110114,105809,5350,100
OTP,0,20110114,105809,5350,150
OTP,0,20110114,105809,5350,50
OTP,0,20110114,105809,5350,50
OTP,0,20110114,105809,5350,15
OTP,0,20110114,105809,5350,50
OTP,0,20110114,105809,5350,100
OTP,0,20110114,105809,5350,840
OTP,0,20110114,105809,5350,45
OTP,0,20110114,105809,5350,10
OTP,0,20110114,105809,5346,200
OTP,0,20110114,105809,5345,13
OTP,0,20110114,105809,5344,1987
MOL,0,20110114,105810,21905,10
BUX1112,0,20110114,105811,23056,5
PANNERGY,0,20110114,105812,912,11
PANNERGY,0,20110114,105812,911,989
OTP,0,20110114,105812,5345,29
OTP,0,20110114,105813,5361,50
OTP,0,20110114,105813,5362,30
MOL,0,20110114,105816,21905,25
MOL,0,20110114,105817,21905,4
OTP,0,20110114,105818,5351,101
BUX1112,0,20110114,105820,23056,6
BUX1112,0,20110114,105820,23051,2
BUX1112,0,20110114,105820,23050,3
BUX1112,0,20110114,105820,23050,2
MOL,0,20110114,105822,21940,4
OTP,0,20110114,105823,5365,14
RICHTER,0,20110114,105828,43150,1
GENESIS,0,20110114,105832,205,2400
GENESIS,0,20110114,105832,205,350
GENESIS,0,20110114,105832,203,600
GENESIS,0,20110114,105832,203,150
GENESIS,0,20110114,105832,203,250
GENESIS,0,20110114,105832,202,1000
GENESIS,0,20110114,105832,202,250
BUX1112,0,20110114,105833,23050.5,2
BUX1112,0,20110114,105833,23050,1
BUX1112,0,20110114,105833,23050,1
BUX1112,0,20110114,105833,23050,6
RICHTER,0,20110114,105847,43150,9
MOL,0,20110114,105850,21905,30
BUX1112,0,20110114,105850,23051,2
BUX1112,0,20110114,105850,23051,1
MOL,0,20110114,105851,21905,21
MOL,0,20110114,105851,21900,54
OTP,0,20110114,105852,5355,50
OTP,0,20110114,105900,5355,10
MTELEKOM,0,20110114,105909,544,200
OTP,0,20110114,105916,5351,10
OTP,0,20110114,105916,5351,300
OTP,0,20110114,105916,5351,10
MOL,0,20110114,105920,21880,5
MOL,0,20110114,105923,21870,30
MOL,0,20110114,105931,21875,76
FREESOFT,0,20110114,105933,2195,3000
BUX1112,0,20110114,105951,23055,7
OTP,0,20110114,105955,5346,50
OTP,0,20110114,105955,5345,390
OTP,0,20110114,110000,5345,500
BUX1112,0,20110114,110001,23055,13
BUX1112,0,20110114,110001,23052,7
MOL,0,20110114,110007,21900,75
MOL,0,20110114,110007,21900,19
ECONET,0,20110114,110007,88,1000
ECONET,0,20110114,110007,88,3000
ECONET,0,20110114,110007,88,6000
ECONET,0,20110114,110007,88,1000
ECONET,0,20110114,110007,88,6000
ECONET,0,20110114,110007,88,3000
ECONET,0,20110114,110007,88,2400
ECONET,0,20110114,110007,88,1000
ECONET,0,20110114,110007,88,1111
ECONET,0,20110114,110007,88,4700
ECONET,0,20110114,110007,88,1000
OTP,0,20110114,110007,5345,110
OTP,0,20110114,110007,5345,10
OTP,0,20110114,110007,5344,13
OTP,0,20110114,110007,5342,16
OTP,0,20110114,110007,5342,100
OTP,0,20110114,110007,5342,150
OTP,0,20110114,110007,5341,20
OTP,0,20110114,110007,5341,48
OTP,0,20110114,110007,5340,120
OTP,0,20110114,110007,5340,74
OTP,0,20110114,110007,5340,30
OTP,0,20110114,110007,5340,40
OTP,0,20110114,110007,5340,100
OTP,0,20110114,110007,5340,69
OTP,0,20110114,110007,5340,31
OTP,0,20110114,110007,5340,69
OTP,0,20110114,110007,5340,100
OTP,0,20110114,110007,5340,30
BUX1112,0,20110114,110009,23052,3
BUX1112,0,20110114,110009,23051,10
OTP,0,20110114,110011,5340,201
BUX1112,0,20110114,110017,23052,10
BUX1112,0,20110114,110018,23052,10
MOL,0,20110114,110027,21900,25
OTP,0,20110114,110028,5350,25
OTP,0,20110114,110030,5340,1000
OTP,0,20110114,110042,5340,500
MTELEKOM,0,20110114,110049,544,1461
MTELEKOM,0,20110114,110049,544,1000
EGIS,0,20110114,110049,20950,6
EGIS,0,20110114,110049,20950,14
EGIS,0,20110114,110049,20910,10
EGIS,0,20110114,110049,20905,6
EGIS,0,20110114,110049,20900,50
EGIS,0,20110114,110049,20900,2
EGIS,0,20110114,110049,20900,50
EGIS,0,20110114,110049,20900,35
EGIS,0,20110114,110049,20900,10
EGIS,0,20110114,110049,20855,2
EGIS,0,20110114,110049,20850,21
RICHTER,0,20110114,110055,43150,20
BUX1112,0,20110114,110105,23050,2
ZWACK,0,20110114,110106,12900,1
ZWACK,0,20110114,110106,12900,4
ZWACK,0,20110114,110114,12900,10
OTP,0,20110114,110117,5342,100
OTP,0,20110114,110117,5341,500
OTP,0,20110114,110117,5340,500
OTP,0,20110114,110117,5340,100
RICHTER,0,20110114,110147,43070,5
ECONET,0,20110114,110148,87,10
ECONET,0,20110114,110148,87,4600
ECONET,0,20110114,110148,87,1314
OTP,0,20110114,110151,5345,180
OTP,0,20110114,110151,5345,320
RICHTER,0,20110114,110152,43140,7
BUX1112,0,20110114,110153,23050,1
RICHTER,0,20110114,110158,43150,260
OTP,0,20110114,110200,5345,600
RICHTER,0,20110114,110206,43070,27
OTP,0,20110114,110210,5340,30
RICHTER,0,20110114,110211,43070,32
OTP,0,20110114,110211,5340,20
OTP,0,20110114,110219,5340,30
MOL,0,20110114,110221,21900,32
MOL,0,20110114,110221,21900,18
ECONET,0,20110114,110232,87,2500
OTP,0,20110114,110232,5337,80
RICHTER,0,20110114,110238,43070,11
BUX1112,0,20110114,110245,23050,1
FOTEX,0,20110114,110246,382,200
RICHTER,0,20110114,110248,43055,2
FREESOFT,0,20110114,110251,2198,40
FREESOFT,0,20110114,110251,2199,90
BUX1112,0,20110114,110258,23050,1
OTP,0,20110114,110300,5342,30
BUX1112,0,20110114,110311,23050,4
OTP,0,20110114,110312,5339,40
OTP,0,20110114,110312,5337,20
OTP,0,20110114,110312,5336,500
OTP,0,20110114,110312,5336,90
OTP,0,20110114,110312,5336,650
OTP,0,20110114,110314,5336,50
ECONET,0,20110114,110314,87,1576
ECONET,0,20110114,110314,87,400
ECONET,0,20110114,110314,87,300
ECONET,0,20110114,110314,87,240
ECONET,0,20110114,110314,87,7484
OTP,0,20110114,110317,5335,500
OTP,0,20110114,110317,5335,100
MOL,0,20110114,110317,21860,5
MOL,0,20110114,110317,21855,200
MOL,0,20110114,110317,21850,350
MOL,0,20110114,110317,21830,4
MOL,0,20110114,110317,21810,18
MOL,0,20110114,110317,21810,100
BUX1112,0,20110114,110319,23049,10
MOL,0,20110114,110319,21825,3
MOL,0,20110114,110319,21850,3
OTP,0,20110114,110322,5333,100
OTP,0,20110114,110322,5332,50
MOL,0,20110114,110322,21890,3
MOL,0,20110114,110323,21850,344
MOL,0,20110114,110323,21850,34
OTP,0,20110114,110323,5339,13
BUX1112,0,20110114,110323,23049,1
MOL,0,20110114,110324,21850,350
MOL,0,20110114,110326,21850,28
RICHTER,0,20110114,110328,43150,2
OTP,0,20110114,110328,5336,500
MOL,0,20110114,110330,21850,322
MOL,0,20110114,110331,21850,28
MOL,0,20110114,110331,21850,22
MOL,0,20110114,110334,21850,54
MOL,0,20110114,110337,21850,146
BUX1112,0,20110114,110338,23041,4
MOL,0,20110114,110340,21850,104
BUX1112,0,20110114,110341,23041,6
MOL,0,20110114,110342,21810,46
OTP,0,20110114,110343,5332,250
OTP,0,20110114,110343,5332,17
OTP,0,20110114,110343,5332,26
OTP,0,20110114,110343,5331,50
OTP,0,20110114,110343,5331,48
OTP,0,20110114,110343,5330,80
OTP,0,20110114,110343,5330,11
OTP,0,20110114,110343,5330,100
OTP,0,20110114,110343,5330,200
OTP,0,20110114,110343,5330,40
OTP,0,20110114,110343,5330,11
OTP,0,20110114,110346,5326,700
OTP,0,20110114,110346,5326,262
OTP,0,20110114,110346,5325,40
OTP,0,20110114,110346,5325,70
OTP,0,20110114,110346,5325,15
OTP,0,20110114,110346,5325,30
OTP,0,20110114,110346,5325,20
OTP,0,20110114,110346,5325,15
OTP,0,20110114,110346,5322,500
OTP,0,20110114,110346,5321,4548
OTP,0,20110114,110348,5330,1000
OTP,0,20110114,110349,5330,1
OTP,0,20110114,110354,5321,452
OTP,0,20110114,110354,5320,25
OTP,0,20110114,110354,5320,23
OTP,0,20110114,110354,5320,227
OTP,0,20110114,110354,5320,18
OTP,0,20110114,110354,5320,80
OTP,0,20110114,110354,5320,85
OTP,0,20110114,110354,5320,65
OTP,0,20110114,110354,5320,11
OTP,0,20110114,110354,5320,100
OTP,0,20110114,110354,5320,114
OTP,0,20110114,110354,5320,30
OTP,0,20110114,110354,5320,30
OTP,0,20110114,110354,5320,26
OTP,0,20110114,110354,5320,73
OTP,0,20110114,110356,5325,627
OTP,0,20110114,110356,5320,6373
OTP,0,20110114,110358,5320,3554
OTP,0,20110114,110358,5320,40
OTP,0,20110114,110358,5320,100
OTP,0,20110114,110358,5320,13
OTP,0,20110114,110359,5320,4
OTP,0,20110114,110359,5320,616
OTP,0,20110114,110401,5322,124
OTP,0,20110114,110401,5318,376
OTP,0,20110114,110401,5318,124
BUX1112,0,20110114,110402,23036,1
BUX1112,0,20110114,110402,23030,1
BUX1112,0,20110114,110402,23025,1
BUX1112,0,20110114,110402,23023,1
BUX1112,0,20110114,110402,23020,1
RICHTER,0,20110114,110404,43055,78
RICHTER,0,20110114,110404,43030,5
RICHTER,0,20110114,110404,43010,100
RICHTER,0,20110114,110404,43005,200
RICHTER,0,20110114,110404,43000,117
OTP,0,20110114,110409,5316,500
EGIS,0,20110114,110410,20850,4
BUX1112,0,20110114,110410,23020,1
BUX1112,0,20110114,110412,23020,20
OTP,0,20110114,110418,5318,200
OTP,0,20110114,110418,5315,50
OTP,0,20110114,110418,5315,50
OTP,0,20110114,110418,5315,300
OTP,0,20110114,110429,5320,100
PANNERGY,0,20110114,110430,911,511
PANNERGY,0,20110114,110430,910,84
PANNERGY,0,20110114,110430,910,200
PANNERGY,0,20110114,110430,910,500
PANNERGY,0,20110114,110430,910,20
PANNERGY,0,20110114,110430,910,90
PANNERGY,0,20110114,110430,910,20
OTP,0,20110114,110438,5316,200
RICHTER,0,20110114,110438,43000,1
RICHTER,0,20110114,110438,43000,147
BUX1112,0,20110114,110441,23015,3
BUX1112,0,20110114,110441,23013,3
BUX1112,0,20110114,110441,23013,1
OTP,0,20110114,110441,5320,400
MTELEKOM,0,20110114,110443,543,505
MTELEKOM,0,20110114,110443,543,4400
MTELEKOM,0,20110114,110443,543,690
MTELEKOM,0,20110114,110443,543,405
MTELEKOM,0,20110114,110445,543,1595
MTELEKOM,0,20110114,110445,543,131
MTELEKOM,0,20110114,110445,543,2000
MTELEKOM,0,20110114,110445,543,500
MTELEKOM,0,20110114,110445,543,1000
MTELEKOM,0,20110114,110445,543,1841
MOL,0,20110114,110448,21810,36
MOL,0,20110114,110448,21805,50
MOL,0,20110114,110448,21800,6
MOL,0,20110114,110448,21800,100
MOL,0,20110114,110448,21800,5
MOL,0,20110114,110448,21800,100
MOL,0,20110114,110448,21800,50
MOL,0,20110114,110448,21800,20
OTP,0,20110114,110452,5318,98
OTP,0,20110114,110452,5317,150
OTP,0,20110114,110452,5316,100
OTP,0,20110114,110452,5315,200
OTP,0,20110114,110452,5315,200
MTELEKOM,0,20110114,110452,543,968
OTP,0,20110114,110453,5315,100
RABA,0,20110114,110456,833,30
RABA,0,20110114,110456,833,100
RABA,0,20110114,110456,830,170
OTP,0,20110114,110457,5314,50
OTP,0,20110114,110457,5313,50
GSPARK,0,20110114,110500,777,75
GSPARK,0,20110114,110500,777,100
GSPARK,0,20110114,110500,777,77
GSPARK,0,20110114,110500,776,500
GSPARK,0,20110114,110500,775,100
GSPARK,0,20110114,110500,775,300
OTP,0,20110114,110501,5315,1000
OTP,0,20110114,110502,5315,28
OTP,0,20110114,110502,5315,10
OTP,0,20110114,110502,5313,1550
OTP,0,20110114,110502,5312,40
MOL,0,20110114,110503,21780,3
OTP,0,20110114,110503,5314,50
OTP,0,20110114,110503,5320,2800
OTP,0,20110114,110503,5320,1500
OTP,0,20110114,110503,5320,150
OTP,0,20110114,110512,5319,97
OTP,0,20110114,110512,5319,500
OTP,0,20110114,110513,5319,20
OTP,0,20110114,110515,5320,405
OTP,0,20110114,110515,5321,95
OTP,0,20110114,110515,5319,100
OTP,0,20110114,110516,5319,318
OTP,0,20110114,110520,5319,60
OTP,0,20110114,110523,5319,390
OTP,0,20110114,110525,5321,405
OTP,0,20110114,110530,5321,100
BUX1112,0,20110114,110533,23015.5,1
BUX1112,0,20110114,110533,23013,5
BUX1112,0,20110114,110533,23013,2
BUX1112,0,20110114,110533,23012,10
BUX1112,0,20110114,110533,23011,7
PANNERGY,0,20110114,110546,908,50
PANNERGY,0,20110114,110546,906,98
OTP,0,20110114,110549,5321,100
KEG,0,20110114,110553,137,650
MTELEKOM,0,20110114,110555,542,150
MTELEKOM,0,20110114,110555,542,110
MTELEKOM,0,20110114,110555,542,2992
MTELEKOM,0,20110114,110555,542,500
MTELEKOM,0,20110114,110555,542,60
MTELEKOM,0,20110114,110555,542,1000
MTELEKOM,0,20110114,110555,542,500
MTELEKOM,0,20110114,110555,542,5000
MTELEKOM,0,20110114,110555,542,1500
MTELEKOM,0,20110114,110555,542,70
MTELEKOM,0,20110114,110555,542,2000
MTELEKOM,0,20110114,110555,542,110
MTELEKOM,0,20110114,110555,541,110
MTELEKOM,0,20110114,110555,541,2000
MTELEKOM,0,20110114,110555,541,200
MTELEKOM,0,20110114,110555,541,50
MTELEKOM,0,20110114,110555,541,300
MTELEKOM,0,20110114,110555,541,100
MTELEKOM,0,20110114,110555,541,900
MTELEKOM,0,20110114,110555,541,5000
MTELEKOM,0,20110114,110555,541,15000
MTELEKOM,0,20110114,110555,541,500
MTELEKOM,0,20110114,110555,541,100
MTELEKOM,0,20110114,110555,541,200
MTELEKOM,0,20110114,110555,541,4400
MTELEKOM,0,20110114,110555,541,2000
MTELEKOM,0,20110114,110555,541,1000
MTELEKOM,0,20110114,110555,541,500
MTELEKOM,0,20110114,110555,541,1832
MTELEKOM,0,20110114,110555,540,1000
MTELEKOM,0,20110114,110555,540,2000
MTELEKOM,0,20110114,110555,540,1500
MTELEKOM,0,20110114,110555,540,50
MTELEKOM,0,20110114,110555,540,10000
MTELEKOM,0,20110114,110555,540,555
MTELEKOM,0,20110114,110555,540,150
MTELEKOM,0,20110114,110555,540,1
MTELEKOM,0,20110114,110555,540,1000
MTELEKOM,0,20110114,110555,540,750
MTELEKOM,0,20110114,110555,540,100
MTELEKOM,0,20110114,110555,540,1500
MTELEKOM,0,20110114,110555,540,300
MTELEKOM,0,20110114,110555,540,1000
MTELEKOM,0,20110114,110555,540,1000
MTELEKOM,0,20110114,110555,540,100
MTELEKOM,0,20110114,110555,540,200
MTELEKOM,0,20110114,110555,540,3000
MTELEKOM,0,20110114,110555,540,100
MTELEKOM,0,20110114,110555,540,4000
MTELEKOM,0,20110114,110555,540,2000
MTELEKOM,0,20110114,110555,540,200
MTELEKOM,0,20110114,110555,540,500
MTELEKOM,0,20110114,110555,540,5000
MTELEKOM,0,20110114,110555,540,100
MTELEKOM,0,20110114,110555,540,200
MTELEKOM,0,20110114,110555,540,100
MTELEKOM,0,20110114,110555,540,1560
MTELEKOM,0,20110114,110555,540,500
MTELEKOM,0,20110114,110555,540,3350
MTELEKOM,0,20110114,110555,540,1900
MTELEKOM,0,20110114,110555,540,65
MTELEKOM,0,20110114,110555,539,1406
MTELEKOM,0,20110114,110555,539,129
MTELEKOM,0,20110114,110555,539,171
MTELEKOM,0,20110114,110555,539,329
MTELEKOM,0,20110114,110555,539,40
MTELEKOM,0,20110114,110555,539,131
MTELEKOM,0,20110114,110555,539,369
MTELEKOM,0,20110114,110555,539,117
MTELEKOM,0,20110114,110555,539,100
MTELEKOM,0,20110114,110555,539,1000
MTELEKOM,0,20110114,110555,539,328
MTELEKOM,0,20110114,110555,539,72
MTELEKOM,0,20110114,110555,539,928
MTELEKOM,0,20110114,110555,539,185
MTELEKOM,0,20110114,110555,539,2000
MTELEKOM,0,20110114,110555,538,1000
MTELEKOM,0,20110114,110555,538,373
MTELEKOM,0,20110114,110555,538,60
MTELEKOM,0,20110114,110555,538,126
MTELEKOM,0,20110114,110555,538,100
MTELEKOM,0,20110114,110555,538,5228
MTELEKOM,0,20110114,110555,538,300
MTELEKOM,0,20110114,110555,538,4900
MTELEKOM,0,20110114,110555,538,15000
BUX1112,0,20110114,110559,23011,6
BUX1112,0,20110114,110559,23010,2
BUX1112,0,20110114,110559,23010,3
BUX1112,0,20110114,110559,23009,1
BUX1112,0,20110114,110559,23009,1
BUX1112,0,20110114,110559,23005,6
BUX1112,0,20110114,110559,23004,10
BUX1112,0,20110114,110559,23003,2
BUX1112,0,20110114,110559,23003,13
BUX1112,0,20110114,110559,23003,1
BUX1112,0,20110114,110559,23003,50
BUX1112,0,20110114,110559,23002,2
BUX1112,0,20110114,110559,23002,3
BUX1112,0,20110114,110559,23002,14
BUX1112,0,20110114,110559,23001,4
BUX1112,0,20110114,110559,23001,1
BUX1112,0,20110114,110559,23001,1
BUX1112,0,20110114,110559,23001,5
BUX1112,0,20110114,110559,23001,1
BUX1112,0,20110114,110559,23000,2
BUX1112,0,20110114,110559,23000,2
BUX1112,0,20110114,110559,23000,15
BUX1112,0,20110114,110559,23000,10
BUX1112,0,20110114,110559,23000,10
BUX1112,0,20110114,110559,23012,5
OTP,0,20110114,110559,5320,5
OTP,0,20110114,110559,5320,20
ORC,0,20110114,110600,2000,1
ORC,0,20110114,110600,1990,20
ORC,0,20110114,110600,1985,41
BUX1112,0,20110114,110601,23012,1
MTELEKOM,0,20110114,110601,540,150
MTELEKOM,0,20110114,110601,540,1441
BUX1112,0,20110114,110601,23004.5,1
BUX1112,0,20110114,110601,23000,9
BUX1112,0,20110114,110601,23000,15
BUX1112,0,20110114,110601,23000,5
BUX1112,0,20110114,110601,23000,1
BUX1112,0,20110114,110601,23000,1
BUX1112,0,20110114,110601,23000,4
OTP,0,20110114,110602,5320,500
MTELEKOM,0,20110114,110603,540,559
MTELEKOM,0,20110114,110603,540,1000
MTELEKOM,0,20110114,110604,540,15242
BUX1112,0,20110114,110605,22990,1
BUX1112,0,20110114,110605,22986,2
BUX1112,0,20110114,110605,22986,1
MTELEKOM,0,20110114,110609,540,8199
OTP,0,20110114,110612,5320,475
MTELEKOM,0,20110114,110616,540,1000
OTP,0,20110114,110620,5315,25
OTP,0,20110114,110620,5315,141
BUX1112,0,20110114,110626,22980,1
BUX1112,0,20110114,110626,22980,4
BUX1112,0,20110114,110626,22980,5
BUX1112,0,20110114,110626,22975.5,1
BUX1112,0,20110114,110626,22970,1
BUX1112,0,20110114,110626,22967,10
BUX1112,0,20110114,110626,22966.5,11
BUX1112,0,20110114,110626,22965.5,2
BUX1112,0,20110114,110626,22965,1
BUX1112,0,20110114,110626,22965,2
BUX1112,0,20110114,110626,22960,2
BUX1112,0,20110114,110626,22960,2
BUX1112,0,20110114,110626,22960,3
MTELEKOM,0,20110114,110632,540,500
BUX1112,0,20110114,110636,22972,2
BUX1112,0,20110114,110636,22980,2
MTELEKOM,0,20110114,110638,540,1000
BUX1112,0,20110114,110642,22970,1
BUX1112,0,20110114,110642,22962,5
BUX1112,0,20110114,110642,22961,1
BUX1112,0,20110114,110642,22980,8
BUX1112,0,20110114,110648,22980,2
BUX1112,0,20110114,110648,22961,2
OTP,0,20110114,110650,5321,800
OTP,0,20110114,110650,5321,500
OTP,0,20110114,110650,5321,76
OTP,0,20110114,110654,5320,5000
OTP,0,20110114,110703,5321,600
OTP,0,20110114,110703,5321,20
OTP,0,20110114,110704,5320,59
OTP,0,20110114,110713,5316,50
SYNERGON,0,20110114,110718,490,593
RICHTER,0,20110114,110730,43000,3
RICHTER,0,20110114,110730,43000,59
ANY,0,20110114,110736,755,35
OTP,0,20110114,110743,5320,1000
MTELEKOM,0,20110114,110746,540,500
MTELEKOM,0,20110114,110746,540,1000
MTELEKOM,0,20110114,110753,539,4000
MTELEKOM,0,20110114,110753,539,500
MTELEKOM,0,20110114,110753,539,110
OTP,0,20110114,110758,5320,321
OTP,0,20110114,110758,5320,179
RICHTER,0,20110114,110802,43000,238
RICHTER,0,20110114,110802,43000,300
RICHTER,0,20110114,110802,43000,1
BUX1112,0,20110114,110802,22970,1
BUX1112,0,20110114,110802,22967,2
BUX1112,0,20110114,110802,22966,3
BUX1112,0,20110114,110802,22965,1
BUX1112,0,20110114,110802,22963,3
MTELEKOM,0,20110114,110802,539,400
RABA,0,20110114,110804,830,10
OTP,0,20110114,110804,5320,159
MTELEKOM,0,20110114,110805,539,694
RICHTER,0,20110114,110806,43000,61
OTP,0,20110114,110808,5320,100
OTP,0,20110114,110809,5320,100
OTP,0,20110114,110811,5320,400
MTELEKOM,0,20110114,110816,541,306
RICHTER,0,20110114,110816,42915,61
OTP,0,20110114,110822,5320,14
MTELEKOM,0,20110114,110823,538,147
OTP,0,20110114,110826,5316,50
OTP,0,20110114,110826,5316,30
OTP,0,20110114,110826,5316,50
OTP,0,20110114,110826,5315,400
OTP,0,20110114,110826,5315,8
OTP,0,20110114,110826,5315,100
OTP,0,20110114,110826,5315,70
OTP,0,20110114,110826,5315,50
OTP,0,20110114,110826,5315,742
MOL,0,20110114,110827,21800,4
BUX1112,0,20110114,110828,22972,1
BUX1112,0,20110114,110828,22963,2
BUX1112,0,20110114,110828,22961,2
BUX1112,0,20110114,110828,22961,1
BUX1112,0,20110114,110828,22961,5
BUX1112,0,20110114,110828,22960,7
BUX1112,0,20110114,110828,22960,1
BUX1112,0,20110114,110828,22959,1
BUX1112,0,20110114,110828,22955,1
BUX1112,0,20110114,110828,22955,2
BUX1112,0,20110114,110828,22955,5
BUX1112,0,20110114,110828,22954.5,4
BUX1112,0,20110114,110828,22951,1
BUX1112,0,20110114,110828,22950,2
BUX1112,0,20110114,110828,22950,5
BUX1112,0,20110114,110828,22941,1
BUX1112,0,20110114,110828,22940,2
BUX1112,0,20110114,110828,22940,5
BUX1112,0,20110114,110828,22936,1
BUX1112,0,20110114,110828,22931,13
BUX1112,0,20110114,110828,22930,3
BUX1112,0,20110114,110828,22927,10
BUX1112,0,20110114,110828,22921,40
BUX1112,0,20110114,110828,22920,2
BUX1112,0,20110114,110828,22915,3
BUX1112,0,20110114,110828,22911,11
BUX1112,0,20110114,110828,22911,1
BUX1112,0,20110114,110828,22910,1
BUX1112,0,20110114,110828,22910,1
BUX1112,0,20110114,110828,22905,4
BUX1112,0,20110114,110828,22903,1
BUX1112,0,20110114,110828,22902,1
BUX1112,0,20110114,110828,22901.5,3
BUX1112,0,20110114,110828,22901.5,1
BUX1112,0,20110114,110828,22901,5
BUX1112,0,20110114,110828,22901,1
BUX1112,0,20110114,110828,22901,2
BUX1112,0,20110114,110828,22900.5,1
BUX1112,0,20110114,110828,22900,5
BUX1112,0,20110114,110828,22900,15
BUX1112,0,20110114,110828,22900,5
BUX1112,0,20110114,110828,22888,5
BUX1112,0,20110114,110828,22880,2
BUX1112,0,20110114,110828,22880,3
BUX1112,0,20110114,110828,22880,1
BUX1112,0,20110114,110828,22880,2
RICHTER,0,20110114,110828,43000,1
ECONET,0,20110114,110828,87,2516
ECONET,0,20110114,110828,87,2284
MOL,0,20110114,110829,21780,27
BUX1112,0,20110114,110831,22885,5
BUX1112,0,20110114,110832,22940,10
MOL,0,20110114,110832,21775,43
OTP,0,20110114,110833,5320,48
OTP,0,20110114,110833,5320,452
BUX1112,0,20110114,110834,22940,5
SYNERGON,0,20110114,110837,490,50
OTP,0,20110114,110842,5320,48
BUX1112,0,20110114,110848,22950,10
MOL,0,20110114,110850,21775,2
MOL,0,20110114,110850,21770,9
BUX1112,0,20110114,110852,22950,1
RICHTER,0,20110114,110902,43000,24
ECONET,0,20110114,110906,87,916
ECONET,0,20110114,110906,87,2200
ECONET,0,20110114,110906,87,884
MOL,0,20110114,110906,21770,56
MOL,0,20110114,110906,21760,25
MOL,0,20110114,110906,21760,36
MOL,0,20110114,110909,21760,14
MOL,0,20110114,110909,21755,250
MOL,0,20110114,110909,21750,22
MOL,0,20110114,110909,21750,100
MOL,0,20110114,110909,21750,250
OTP,0,20110114,110909,5320,50
MOL,0,20110114,110910,21750,117
MOL,0,20110114,110911,21750,31
ECONET,0,20110114,110916,87,116
ECONET,0,20110114,110916,87,800
ECONET,0,20110114,110916,87,584
BUX1112,0,20110114,110916,22947,2
MOL,0,20110114,110921,21755,51
MOL,0,20110114,110923,21755,49
MOL,0,20110114,110926,21755,18
ECONET,0,20110114,110927,87,1416
ECONET,0,20110114,110927,87,1800
ECONET,0,20110114,110927,87,1000
ECONET,0,20110114,110927,87,784
MOL,0,20110114,110930,21755,82
MOL,0,20110114,110930,21755,200
MOL,0,20110114,110930,21750,500
MOL,0,20110114,110931,21750,134
MOL,0,20110114,110932,21750,84
MOL,0,20110114,110932,21750,43
MTELEKOM,0,20110114,110936,540,980
MOL,0,20110114,110937,21750,300
MOL,0,20110114,110940,21755,97
MOL,0,20110114,110942,21750,59
MOL,0,20110114,110944,21750,7
ZWACK,0,20110114,110945,12900,3
MTELEKOM,0,20110114,110950,540,687
MOL,0,20110114,110951,21755,20
FHB,0,20110114,110951,963,68
FHB,0,20110114,110951,963,212
BUX1112,0,20110114,110952,22892,2
BUX1112,0,20110114,110952,22891,2
BUX1112,0,20110114,110952,22891,1
MOL,0,20110114,110952,21750,7
MOL,0,20110114,110953,21750,32
MOL,0,20110114,110956,21755,83
MOL,0,20110114,110956,21755,167
MOL,0,20110114,110956,21750,200
MOL,0,20110114,110958,21750,200
MOL,0,20110114,110959,21750,68
MOL,0,20110114,111000,21750,32
ECONET,0,20110114,111001,87,1216
ECONET,0,20110114,111001,87,820
ECONET,0,20110114,111001,87,12000
MOL,0,20110114,111004,21750,468
MOL,0,20110114,111004,21750,40
ECONET,0,20110114,111006,86,10
ECONET,0,20110114,111006,86,200
ECONET,0,20110114,111006,86,280
MOL,0,20110114,111008,21750,62
MOL,0,20110114,111012,21715,51
MOL,0,20110114,111012,21715,13
MOL,0,20110114,111012,21715,16
ECONET,0,20110114,111017,87,600
MOL,0,20110114,111024,21715,20
MOL,0,20110114,111025,21710,5
MOL,0,20110114,111025,21710,200
MOL,0,20110114,111025,21705,50
MOL,0,20110114,111025,21705,100
MOL,0,20110114,111025,21700,6
MOL,0,20110114,111025,21700,195
MOL,0,20110114,111025,21700,5
MOL,0,20110114,111025,21700,200
MOL,0,20110114,111025,21655,85
MOL,0,20110114,111025,21655,35
MOL,0,20110114,111025,21650,3
MOL,0,20110114,111025,21650,4
MOL,0,20110114,111025,21650,58
MOL,0,20110114,111025,21650,215
MOL,0,20110114,111025,21650,45
MOL,0,20110114,111025,21650,64
RICHTER,0,20110114,111028,43100,50
MOL,0,20110114,111029,21650,31
MOL,0,20110114,111033,21680,53
MOL,0,20110114,111033,21700,40
MOL,0,20110114,111034,21650,61
MTELEKOM,0,20110114,111039,541,250
OTP,0,20110114,111045,5325,505
BUX1112,0,20110114,111056,22900,2
OTP,0,20110114,111056,5325,245
MOL,0,20110114,111101,21655,10
MOL,0,20110114,111101,21655,20
MOL,0,20110114,111101,21655,20
BUX1112,0,20110114,111103,22900,2
BUX1112,0,20110114,111104,22896,2
MOL,0,20110114,111104,21650,29
MOL,0,20110114,111105,21650,500
OTP,0,20110114,111107,5325,30
MOL,0,20110114,111109,21670,21
MOL,0,20110114,111111,21655,19
MOL,0,20110114,111114,21655,31
MOL,0,20110114,111116,21650,24
MOL,0,20110114,111118,21650,5
MOL,0,20110114,111121,21695,5
FOTEX,0,20110114,111122,382,100
OTP,0,20110114,111122,5325,25
MOL,0,20110114,111125,21655,47
EGIS,0,20110114,111127,20895,24
ECONET,0,20110114,111127,87,2000
BUX1112,0,20110114,111127,22900,1
MOL,0,20110114,111130,21655,50
OTP,0,20110114,111133,5321,100
OTP,0,20110114,111133,5320,150
OTP,0,20110114,111133,5320,100
OTP,0,20110114,111133,5320,50
MOL,0,20110114,111133,21655,3
MOL,0,20110114,111133,21650,43
OTP,0,20110114,111139,5320,70
OTP,0,20110114,111139,5320,430
OTP,0,20110114,111145,5320,570
OTP,0,20110114,111145,5320,383
OTP,0,20110114,111147,5320,47
ECONET,0,20110114,111157,87,1000
MTELEKOM,0,20110114,111158,541,594
MTELEKOM,0,20110114,111158,541,50
MOL,0,20110114,111209,21695,295
MOL,0,20110114,111209,21700,199
MOL,0,20110114,111209,21700,6
MOL,0,20110114,111210,21670,50
MOL,0,20110114,111215,21670,18
ECONET,0,20110114,111218,87,900
ECONET,0,20110114,111218,87,100
MOL,0,20110114,111233,21660,10
MOL,0,20110114,111233,21655,32
MOL,0,20110114,111233,21650,17
MTELEKOM,0,20110114,111243,541,540
OTP,0,20110114,111245,5325,35
BUX1112,0,20110114,111245,22920,1
ECONET,0,20110114,111250,87,2500
MOL,0,20110114,111250,21660,50
BUX1112,0,20110114,111259,22908,10
BUX1112,0,20110114,111300,22920,2
OTP,0,20110114,111310,5325,475
ECONET,0,20110114,111310,87,1000
OTP,0,20110114,111313,5328,1000
OTP,0,20110114,111313,5329,100
OTP,0,20110114,111313,5339,17
OTP,0,20110114,111313,5339,8
OTP,0,20110114,111313,5340,75
OTP,0,20110114,111313,5340,200
MTELEKOM,0,20110114,111324,542,1163
ECONET,0,20110114,111326,87,1400
MOL,0,20110114,111327,21695,4
OTP,0,20110114,111328,5340,14
RICHTER,0,20110114,111328,43150,2
OTP,0,20110114,111329,5340,30
OTP,0,20110114,111337,5331,4500
OTP,0,20110114,111338,5340,181
OTP,0,20110114,111338,5340,500
OTP,0,20110114,111338,5343,200
OTP,0,20110114,111338,5347,119
ZWACK,0,20110114,111356,12870,10
MOL,0,20110114,111359,21660,24
MOL,0,20110114,111359,21660,10
MOL,0,20110114,111359,21655,100
MOL,0,20110114,111359,21655,20
MOL,0,20110114,111359,21650,908
MOL,0,20110114,111359,21650,350
MOL,0,20110114,111359,21650,100
MOL,0,20110114,111359,21650,40
MOL,0,20110114,111401,21660,50
MOL,0,20110114,111409,21655,23
OTP,0,20110114,111414,5331,3500
MOL,0,20110114,111423,21660,1
MOL,0,20110114,111423,21660,199
MOL,0,20110114,111424,21660,87
BUX1112,0,20110114,111427,22935,2
BUX1112,0,20110114,111428,22935,3
BUX1112,0,20110114,111428,22945,1
BUX1112,0,20110114,111428,22949,1
BUX1112,0,20110114,111430,22950,1
BUX1112,0,20110114,111430,22965,7
BUX1112,0,20110114,111433,22955,2
MOL,0,20110114,111506,21700,50
MOL,0,20110114,111506,21700,20
MOL,0,20110114,111506,21705,106
MOL,0,20110114,111506,21705,89
OTP,0,20110114,111509,5335,25
OTP,0,20110114,111509,5335,300
MOL,0,20110114,111509,21710,5
MOL,0,20110114,111509,21705,25
MOL,0,20110114,111521,21700,48
MOL,0,20110114,111531,21700,300
BUX1112,0,20110114,111533,22969,3
BUX1112,0,20110114,111537,22950,3
BUX1112,0,20110114,111541,22950,2
MOL,0,20110114,111545,21700,3
PHYLAXIA,0,20110114,111554,44,12000
BUX1112,0,20110114,111558,22950,3
MOL,0,20110114,111602,21700,50
OTP,0,20110114,111620,5337,25
MOL,0,20110114,111623,21700,599
ZWACK,0,20110114,111636,12880,5
ZWACK,0,20110114,111636,12890,4
OTP,0,20110114,111638,5335,30
FHB,0,20110114,111641,963,70
OTP,0,20110114,111645,5337,25
OTP,0,20110114,111645,5339,200
OTP,0,20110114,111645,5340,381
OTP,0,20110114,111645,5340,2000
OTP,0,20110114,111645,5340,400
MTELEKOM,0,20110114,111646,542,666
MOL,0,20110114,111649,21705,89
MOL,0,20110114,111652,21705,158
BUX1112,0,20110114,111653,22940,1
OTP,0,20110114,111658,5342,370
OTP,0,20110114,111701,5342,730
PHYLAXIA,0,20110114,111702,44,6000
OTP,0,20110114,111703,5343,92
OTP,0,20110114,111708,5341,11000
BUX1112,0,20110114,111709,22949,1
OTP,0,20110114,111709,5343,100
ECONET,0,20110114,111722,87,600
ECONET,0,20110114,111722,86,400
BUX1112,0,20110114,111725,22949,5
OTP,0,20110114,111727,5343,10
OTP,0,20110114,111733,5343,100
OTP,0,20110114,111733,5343,698
OTP,0,20110114,111733,5343,300
MOL,0,20110114,111734,21750,50
BUX1112,0,20110114,111735,22941,1
MOL,0,20110114,111736,21710,65
OTP,0,20110114,111737,5343,2
OTP,0,20110114,111737,5342,270
OTP,0,20110114,111737,5342,100
OTP,0,20110114,111737,5340,918
BUX1112,0,20110114,111743,22941,1
MOL,0,20110114,111747,21750,250
MOL,0,20110114,111758,21715,100
BUX1112,0,20110114,111758,22949,4
OTP,0,20110114,111808,5345,200
BUX1112,0,20110114,111809,22950,5
OTP,0,20110114,111814,5343,75
BUX1112,0,20110114,111814,22950,7
MTELEKOM,0,20110114,111818,541,6000
BUX1112,0,20110114,111818,22949,1
OTP,0,20110114,111823,5345,40
OTP,0,20110114,111827,5345,14
RICHTER,0,20110114,111828,43150,2
MOL,0,20110114,111832,21765,3
OTP,0,20110114,111836,5345,20
BUX1112,0,20110114,111837,22960,7
BUX1112,0,20110114,111842,22963,1
MOL,0,20110114,111847,21765,12
RICHTER,0,20110114,111857,43010,10
RICHTER,0,20110114,111901,43010,14
OTP,0,20110114,111904,5345,200
MOL,0,20110114,111910,21715,43
OTP,0,20110114,111912,5345,250
RICHTER,0,20110114,111922,43050,18
OTP,0,20110114,111925,5344,308
BUX1112,0,20110114,111925,22960,1
OTP,0,20110114,111928,5345,100
OTP,0,20110114,111930,5345,10
OTP,0,20110114,111934,5345,40
OTP,0,20110114,111949,5345,40
OTP,0,20110114,112021,5343,125
OTP,0,20110114,112021,5343,75
PHYLAXIA,0,20110114,112023,44,1738
RABA,0,20110114,112028,830,410
OTP,0,20110114,112032,5343,100
PANNERGY,0,20110114,112033,906,2
PANNERGY,0,20110114,112033,905,298
MTELEKOM,0,20110114,112042,542,1000
OTP,0,20110114,112056,5345,86
OTP,0,20110114,112056,5345,9
BUX1112,0,20110114,112059,22950,2
BUX1112,0,20110114,112059,22949,1
BUX1112,0,20110114,112059,22949,3
OTP,0,20110114,112100,5343,25
OTP,0,20110114,112100,5343,50
OTP,0,20110114,112110,5340,500
OTP,0,20110114,112113,5340,20
OTP,0,20110114,112117,5340,1000
OTP,0,20110114,112121,5340,100
OTP,0,20110114,112121,5340,100
OTP,0,20110114,112121,5340,371
OTP,0,20110114,112121,5340,80
OTP,0,20110114,112121,5340,30
OTP,0,20110114,112140,5333,50
OTP,0,20110114,112140,5333,40
EGIS,0,20110114,112143,20890,4
EGIS,0,20110114,112143,20890,50
BUX1112,0,20110114,112147,22949,1
OTP,0,20110114,112152,5333,500
OTP,0,20110114,112158,5333,80
ECONET,0,20110114,112209,87,2450
GSPARK,0,20110114,112225,773,88
GSPARK,0,20110114,112225,772,51
GSPARK,0,20110114,112225,771,129
GSPARK,0,20110114,112225,768,72
GSPARK,0,20110114,112225,766,60
KEG,0,20110114,112226,137,105
BUX1112,0,20110114,112235,22940,1
OTP,0,20110114,112308,5333,30
OTP,0,20110114,112308,5331,770
RICHTER,0,20110114,112314,43050,18
MTELEKOM,0,20110114,112315,542,171
ANY,0,20110114,112321,755,100
OTP,0,20110114,112327,5340,13
RICHTER,0,20110114,112328,43100,1
RICHTER,0,20110114,112330,43050,24
OTP,0,20110114,112334,5331,100
MOL,0,20110114,112336,21720,20
MOL,0,20110114,112337,21750,4
BUX1112,0,20110114,112344,22940,1
BUX1112,0,20110114,112344,22940,1
RICHTER,0,20110114,112348,43015,3
MTELEKOM,0,20110114,112358,542,6769
MOL,0,20110114,112359,21750,7
MOL,0,20110114,112401,21725,200
MOL,0,20110114,112402,21725,77
MOL,0,20110114,112402,21720,10
MOL,0,20110114,112402,21720,13
RICHTER,0,20110114,112418,43045,300
RICHTER,0,20110114,112426,43050,26
GENESIS,0,20110114,112429,203,785
GENESIS,0,20110114,112429,202,215
MTELEKOM,0,20110114,112435,540,1000
MTELEKOM,0,20110114,112435,540,400
MTELEKOM,0,20110114,112435,540,200
MTELEKOM,0,20110114,112435,540,500
MTELEKOM,0,20110114,112435,540,1799
MTELEKOM,0,20110114,112435,540,201
OTP,0,20110114,112445,5332,45
OTP,0,20110114,112445,5332,122
OTP,0,20110114,112449,5340,506
OTP,0,20110114,112449,5340,600
OTP,0,20110114,112449,5340,400
OTP,0,20110114,112449,5340,100
MOL,0,20110114,112502,21750,4
ANY,0,20110114,112519,755,50
BUX1112,0,20110114,112522,22965,1
OTP,0,20110114,112600,5340,28
AAA,0,20110114,112604,250,130
AAA,0,20110114,112604,250,370
OTP,0,20110114,112607,5340,300
EGIS,0,20110114,112617,20830,4
EGIS,0,20110114,112617,20820,16
MTELEKOM,0,20110114,112617,542,370
GENESIS,0,20110114,112640,202,150
PHYLAXIA,0,20110114,112644,44,3000
OTP,0,20110114,112649,5340,20
MTELEKOM,0,20110114,112654,542,200
FHB,0,20110114,112706,963,130
BUX1112,0,20110114,112707,22946,1
ANY,0,20110114,112714,755,200
ZWACK,0,20110114,112715,12810,5
PANNERGY,0,20110114,112724,910,300
RICHTER,0,20110114,112728,43050,1
BUX1112,0,20110114,112744,22946,1
ANY,0,20110114,112811,755,200
OTP,0,20110114,112825,5343,187
OTP,0,20110114,112830,5340,46
OTP,0,20110114,112830,5334,154
OTP,0,20110114,112832,5343,14
RICHTER,0,20110114,112833,43100,1
OTP,0,20110114,112836,5334,46
OTP,0,20110114,112836,5333,15
OTP,0,20110114,112836,5332,863
MOL,0,20110114,112837,21745,4
OTP,0,20110114,112839,5343,40
OTP,0,20110114,112843,5343,113
RICHTER,0,20110114,112843,43150,1
BUX1112,0,20110114,112923,22968,1
RICHTER,0,20110114,112935,43055,64
RICHTER,0,20110114,112935,43050,86
PHYLAXIA,0,20110114,112945,44,262
PHYLAXIA,0,20110114,112945,44,2738
EGIS,0,20110114,113003,20820,8
EGIS,0,20110114,113003,20805,5
BUX1112,0,20110114,113005,22968,1
BUX1112,0,20110114,113005,22968,19
MOL,0,20110114,113006,21745,11
MOL,0,20110114,113021,21745,35
MOL,0,20110114,113021,21750,10
MOL,0,20110114,113021,21750,50
MOL,0,20110114,113033,21750,5
PHYLAXIA,0,20110114,113035,44,2260
BUX1112,0,20110114,113043,22953,1
MOL,0,20110114,113049,21765,15
MOL,0,20110114,113049,21765,150
OTP,0,20110114,113108,5343,50
OTP,0,20110114,113120,5340,100
MOL,0,20110114,113121,21765,35
MOL,0,20110114,113153,21755,7
MOL,0,20110114,113202,21765,65
MOL,0,20110114,113203,21770,100
MOL,0,20110114,113203,21780,23
MOL,0,20110114,113203,21795,27
MOL,0,20110114,113224,21795,100
MOL,0,20110114,113229,21795,28
OTP,0,20110114,113231,5343,20
OTP,0,20110114,113241,5343,1
OTP,0,20110114,113241,5343,40
OTP,0,20110114,113241,5343,300
OTP,0,20110114,113241,5345,41
OTP,0,20110114,113241,5349,1000
OTP,0,20110114,113241,5349,50
OTP,0,20110114,113241,5349,8
OTP,0,20110114,113241,5349,650
OTP,0,20110114,113241,5350,75
OTP,0,20110114,113241,5350,150
OTP,0,20110114,113241,5350,1000
OTP,0,20110114,113241,5355,50
OTP,0,20110114,113241,5355,100
OTP,0,20110114,113241,5355,850
MOL,0,20110114,113259,21795,42
MOL,0,20110114,113259,21800,3
MOL,0,20110114,113259,21800,205
RABA,0,20110114,113304,832,100
RABA,0,20110114,113304,833,100
RABA,0,20110114,113304,834,115
RABA,0,20110114,113304,834,450
RABA,0,20110114,113304,834,100
RABA,0,20110114,113304,835,307
RABA,0,20110114,113304,835,215
RABA,0,20110114,113304,835,340
RABA,0,20110114,113304,835,273
BUX1112,0,20110114,113316,22960,1
MOL,0,20110114,113323,21795,65
MOL,0,20110114,113324,21795,35
OTP,0,20110114,113332,5354,14
RICHTER,0,20110114,113333,43150,2
OTP,0,20110114,113337,5350,290
MOL,0,20110114,113337,21800,4
MOL,0,20110114,113341,21800,10
OTP,0,20110114,113343,5355,940
OTP,0,20110114,113402,5355,60
RABA,0,20110114,113407,835,400
RICHTER,0,20110114,113414,43200,1
RICHTER,0,20110114,113414,43200,25
RICHTER,0,20110114,113414,43200,14
RICHTER,0,20110114,113414,43200,50
RICHTER,0,20110114,113414,43200,40
OTP,0,20110114,113419,5355,200
MTELEKOM,0,20110114,113422,543,4032
MTELEKOM,0,20110114,113422,543,2968
OTP,0,20110114,113425,5355,280
OTP,0,20110114,113425,5357,726
OTP,0,20110114,113425,5358,500
OTP,0,20110114,113425,5359,50
OTP,0,20110114,113425,5359,3444
OTP,0,20110114,113443,5351,20
OTP,0,20110114,113443,5351,30
MTELEKOM,0,20110114,113447,543,32
MTELEKOM,0,20110114,113454,543,168
BUX1112,0,20110114,113504,22960,1
BUX1112,0,20110114,113506,22968,1
BUX1112,0,20110114,113506,22968.5,5
BUX1112,0,20110114,113506,22970,9
BUX1112,0,20110114,113514,22970,1
OTP,0,20110114,113520,5357,100
OTP,0,20110114,113520,5358,1000
OTP,0,20110114,113520,5359,1556
OTP,0,20110114,113520,5359,8
OTP,0,20110114,113520,5359,136
OTP,0,20110114,113523,5352,2000
MTELEKOM,0,20110114,113557,542,432
PANNERGY,0,20110114,113618,910,50
OTP,0,20110114,113618,5357,20
OTP,0,20110114,113706,5352,30
GSPARK,0,20110114,113707,770,200
RICHTER,0,20110114,113736,43245,50
RICHTER,0,20110114,113736,43250,90
RICHTER,0,20110114,113736,43250,11
OTP,0,20110114,113740,5356,40
OTP,0,20110114,113800,5356,10
OTP,0,20110114,113800,5357,1385
BUX1112,0,20110114,113805,22985,3
BUX1112,0,20110114,113805,22989,1
BUX1112,0,20110114,113805,22989,5
BUX1112,0,20110114,113805,22989.5,1
OTP,0,20110114,113825,5355,200
MOL,0,20110114,113829,21800,8
OTP,0,20110114,113832,5357,13
MOL,0,20110114,113837,21800,3
RICHTER,0,20110114,113838,43250,1
OTP,0,20110114,113839,5357,80
OTP,0,20110114,113850,5357,215
MTELEKOM,0,20110114,113852,542,68
MTELEKOM,0,20110114,113852,542,500
PANNERGY,0,20110114,113909,910,100
MOL,0,20110114,113914,21800,49
MOL,0,20110114,113925,21800,55
ZWACK,0,20110114,113953,12810,3
MOL,0,20110114,113957,21795,3
BUX1112,0,20110114,114007,22981,1
BUX1112,0,20110114,114049,22981,1
FHB,0,20110114,114058,963,45
OTP,0,20110114,114109,5357,50
MOL,0,20110114,114124,21795,47
MOL,0,20110114,114124,21800,166
MOL,0,20110114,114124,21800,37
OTP,0,20110114,114136,5355,800
OTP,0,20110114,114136,5351,970
OTP,0,20110114,114136,5351,80
OTP,0,20110114,114136,5350,20
OTP,0,20110114,114136,5350,33
OTP,0,20110114,114147,5350,97
OTP,0,20110114,114150,5350,903
ZWACK,0,20110114,114159,12810,1
ZWACK,0,20110114,114159,12800,10
ZWACK,0,20110114,114159,12800,50
ZWACK,0,20110114,114159,12800,2
MTELEKOM,0,20110114,114222,543,145
MTELEKOM,0,20110114,114222,543,1855
OTP,0,20110114,114226,5350,97
OTP,0,20110114,114226,5350,483
MOL,0,20110114,114305,21800,2
OTP,0,20110114,114311,5350,10
BUX1112,0,20110114,114312,22989,1
GENESIS,0,20110114,114332,203,200
OTP,0,20110114,114332,5350,14
MOL,0,20110114,114337,21800,4
RICHTER,0,20110114,114338,43250,2
MOL,0,20110114,114341,21765,4
MOL,0,20110114,114341,21765,6
MOL,0,20110114,114341,21755,14
SYNERGON,0,20110114,114354,490,29
OTP,0,20110114,114421,5350,493
OTP,0,20110114,114426,5350,1000
OTP,0,20110114,114427,5350,1000
OTP,0,20110114,114427,5350,1000
OTP,0,20110114,114428,5350,507
BUX1112,0,20110114,114514,22980,10
OTP,0,20110114,114532,5350,493
OTP,0,20110114,114534,5350,5000
OTP,0,20110114,114541,5350,2507
OTP,0,20110114,114541,5350,149
OTP,0,20110114,114542,5345,52
OTP,0,20110114,114547,5350,344
OTP,0,20110114,114551,5350,656
OTP,0,20110114,114553,5350,344
OTP,0,20110114,114556,5350,1000
OTP,0,20110114,114557,5350,656
OTP,0,20110114,114619,5350,14
OTP,0,20110114,114646,5350,330
OTP,0,20110114,114646,5350,237
MTELEKOM,0,20110114,114652,542,200
MTELEKOM,0,20110114,114652,541,70
OTP,0,20110114,114655,5350,1433
OTP,0,20110114,114658,5350,567
OTP,0,20110114,114706,5350,2433
MOL,0,20110114,114713,21765,200
OTP,0,20110114,114719,5345,555
OTP,0,20110114,114733,5350,67
OTP,0,20110114,114733,5350,2000
OTP,0,20110114,114739,5350,2500
OTP,0,20110114,114740,5350,433
OTP,0,20110114,114741,5350,42
OTP,0,20110114,114750,5350,1525
OTP,0,20110114,114806,5350,1840
MOL,0,20110114,114837,21790,4
OTP,0,20110114,114838,5350,14
RICHTER,0,20110114,114838,43250,1
OTP,0,20110114,114901,5350,60
OTP,0,20110114,115002,5350,86
OTP,0,20110114,115002,5350,30
OTP,0,20110114,115002,5350,50
OTP,0,20110114,115002,5350,50
OTP,0,20110114,115002,5350,1000
OTP,0,20110114,115004,5350,1000
OTP,0,20110114,115005,5350,1000
OTP,0,20110114,115005,5350,784
OTP,0,20110114,115012,5348,60
PANNERGY,0,20110114,115021,910,50
PANNERGY,0,20110114,115031,909,65
PANNERGY,0,20110114,115052,908,35
OTP,0,20110114,115106,5350,216
OTP,0,20110114,115110,5350,154
FOTEX,0,20110114,115139,382,75
OTP,0,20110114,115156,5350,50
FOTEX,0,20110114,115158,382,125
MOL,0,20110114,115201,21790,6
MTELEKOM,0,20110114,115208,543,20
MOL,0,20110114,115210,21795,35
MOL,0,20110114,115210,21795,13
OTP,0,20110114,115216,5350,20
GSPARK,0,20110114,115219,773,75
GSPARK,0,20110114,115219,773,150
GSPARK,0,20110114,115219,772,500
GSPARK,0,20110114,115219,770,100
GSPARK,0,20110114,115219,770,60
BUX1112,0,20110114,115220,22980,4
BUX1112,0,20110114,115220,22988,2
BUX1112,0,20110114,115220,22989.5,1
BUX1112,0,20110114,115220,22989.5,20
BUX1112,0,20110114,115220,22990,23
PANNUNION,0,20110114,115230,148,100
TVK,0,20110114,115232,3365,15
GSPARK,0,20110114,115233,770,350
MTELEKOM,0,20110114,115242,543,50
EGIS,0,20110114,115245,20895,10
GSPARK,0,20110114,115254,770,200
GSPARK,0,20110114,115301,770,65
OTP,0,20110114,115307,5350,30
BUX1112,0,20110114,115310,22990,27
OTP,0,20110114,115321,5350,800
PHYLAXIA,0,20110114,115323,44,250
OTP,0,20110114,115329,5350,249
MOL,0,20110114,115337,21795,3
OTP,0,20110114,115338,5350,14
RICHTER,0,20110114,115338,43250,2
PHYLAXIA,0,20110114,115341,44,3750
PHYLAXIA,0,20110114,115341,44,9000
PHYLAXIA,0,20110114,115341,44,1200
OTP,0,20110114,115353,5350,683
OTP,0,20110114,115353,5350,1000
OTP,0,20110114,115358,5350,1710
MTELEKOM,0,20110114,115403,543,75
MTELEKOM,0,20110114,115413,543,420
OTP,0,20110114,115416,5350,100
PHYLAXIA,0,20110114,115514,44,2000
OTP,0,20110114,115540,5350,190
OTP,0,20110114,115540,5350,50
BUX1112,0,20110114,115557,22965,20
OTP,0,20110114,115637,5350,12
MOL,0,20110114,115643,21795,10
OTP,0,20110114,115646,5350,988
OTP,0,20110114,115647,5357,12
FOTEX,0,20110114,115654,381,75
OTP,0,20110114,115654,5350,1000
OTP,0,20110114,115657,5350,1000
PHYLAXIA,0,20110114,115719,44,50
MTELEKOM,0,20110114,115719,543,100
OTP,0,20110114,115726,5357,8
ZWACK,0,20110114,115810,12850,1
MOL,0,20110114,115824,21795,107
MOL,0,20110114,115837,21795,4
OTP,0,20110114,115838,5355,13
RICHTER,0,20110114,115838,43240,2
OTP,0,20110114,115839,5355,42
MOL,0,20110114,115854,21795,13
OTP,0,20110114,115919,5358,150
OTP,0,20110114,115919,5358,60
OTP,0,20110114,115919,5358,40
OTP,0,20110114,115919,5359,113
PANNERGY,0,20110114,120007,910,400
MOL,0,20110114,120059,21800,10
MOL,0,20110114,120059,21800,10
PHYLAXIA,0,20110114,120107,44,1000
BUX1112,0,20110114,120120,22985,2
OTP,0,20110114,120251,5353,85
OTP,0,20110114,120307,5352,100
OTP,0,20110114,120307,5351,96
OTP,0,20110114,120307,5351,200
OTP,0,20110114,120307,5350,12
OTP,0,20110114,120307,5350,2000
OTP,0,20110114,120307,5350,92
OTP,0,20110114,120310,5350,2408
OTP,0,20110114,120310,5350,92
MOL,0,20110114,120324,21800,37
MOL,0,20110114,120324,21800,60
OTP,0,20110114,120327,5350,200
OTP,0,20110114,120327,5350,15
MOL,0,20110114,120337,21800,4
OTP,0,20110114,120338,5358,14
RICHTER,0,20110114,120338,43240,1
OTP,0,20110114,120417,5355,18
RICHTER,0,20110114,120509,43240,9
RICHTER,0,20110114,120509,43250,41
OTP,0,20110114,120525,5350,400
OTP,0,20110114,120543,5350,86
OTP,0,20110114,120557,5355,123
SYNERGON,0,20110114,120722,490,32
MOL,0,20110114,120724,21800,51
MOL,0,20110114,120724,21800,300
MOL,0,20110114,120724,21800,10
MOL,0,20110114,120724,21800,34
OTP,0,20110114,120731,5350,207
OTP,0,20110114,120731,5350,281
OTP,0,20110114,120731,5350,2500
MOL,0,20110114,120737,21800,100
ANY,0,20110114,120743,755,250
OTP,0,20110114,120748,5350,12
MOL,0,20110114,120749,21830,50
OTP,0,20110114,120750,5350,15
BUX1112,0,20110114,120754,22966,10
OTP,0,20110114,120756,5350,79
OTP,0,20110114,120756,5350,520
BUX1112,0,20110114,120800,22966,1
FHB,0,20110114,120805,966,247
ECONET,0,20110114,120811,88,100
EGIS,0,20110114,120812,20900,29
MOL,0,20110114,120821,21800,5
MOL,0,20110114,120837,21800,4
OTP,0,20110114,120838,5350,13
RICHTER,0,20110114,120838,43250,2
RICHTER,0,20110114,120841,43200,100
MTELEKOM,0,20110114,120842,543,2000
MOL,0,20110114,120846,21800,91
MTELEKOM,0,20110114,120850,542,100
MTELEKOM,0,20110114,120850,542,200
MTELEKOM,0,20110114,120853,542,1903
TVK,0,20110114,120926,3365,50
RICHTER,0,20110114,120933,43250,1
RICHTER,0,20110114,120933,43280,7
RICHTER,0,20110114,120933,43280,8
RICHTER,0,20110114,120933,43295,48
BUX1112,0,20110114,120939,22966,9
BUX1112,0,20110114,120939,22961,1
RICHTER,0,20110114,120955,43200,100
ECONET,0,20110114,120956,88,95
RICHTER,0,20110114,121008,43200,100
BUX1112,0,20110114,121009,22970,10
OTP,0,20110114,121021,5348,40
MOL,0,20110114,121029,21800,4
MOL,0,20110114,121029,21800,141
MOL,0,20110114,121029,21800,5
MOL,0,20110114,121033,21800,25
TVK,0,20110114,121039,3365,35
MOL,0,20110114,121135,21800,75
MOL,0,20110114,121135,21800,25
MOL,0,20110114,121135,21800,50
MOL,0,20110114,121135,21800,100
MOL,0,20110114,121139,21800,150
FREESOFT,0,20110114,121158,2200,5
RICHTER,0,20110114,121202,43200,200
OTP,0,20110114,121214,5345,10
OTP,0,20110114,121214,5343,20
OTP,0,20110114,121214,5343,30
OTP,0,20110114,121214,5341,940
GSPARK,0,20110114,121216,772,200
GSPARK,0,20110114,121216,772,200
GSPARK,0,20110114,121216,771,75
GSPARK,0,20110114,121216,771,1000
GSPARK,0,20110114,121216,770,200
RICHTER,0,20110114,121223,43200,400
OTP,0,20110114,121230,5341,190
OTP,0,20110114,121230,5341,310
OTP,0,20110114,121234,5341,690
OTP,0,20110114,121234,5340,20
ANY,0,20110114,121248,755,165
RICHTER,0,20110114,121301,43200,100
OTP,0,20110114,121309,5340,37
OTP,0,20110114,121309,5345,13
RFV,0,20110114,121309,8395,5
OTP,0,20110114,121322,5345,37
OTP,0,20110114,121329,5346,57
OTP,0,20110114,121330,5345,13
BUX1112,0,20110114,121334,22961,3
BUX1112,0,20110114,121334,22960,1
BUX1112,0,20110114,121334,22960,5
BUX1112,0,20110114,121334,22958,1
MOL,0,20110114,121337,21810,3
OTP,0,20110114,121338,5345,14
RICHTER,0,20110114,121339,43200,2
RICHTER,0,20110114,121400,43200,498
RICHTER,0,20110114,121417,43200,2
RICHTER,0,20110114,121417,43200,100
RICHTER,0,20110114,121417,43200,294
RICHTER,0,20110114,121426,43200,204
BUX1112,0,20110114,121440,22958,10
OTP,0,20110114,121446,5342,100
PANNERGY,0,20110114,121507,908,15
PANNERGY,0,20110114,121507,908,595
PANNERGY,0,20110114,121507,907,220
PANNERGY,0,20110114,121507,906,200
PANNERGY,0,20110114,121507,906,80
PANNERGY,0,20110114,121507,906,340
PANNERGY,0,20110114,121507,906,7
PANNERGY,0,20110114,121507,905,202
PANNERGY,0,20110114,121507,905,555
PANNERGY,0,20110114,121507,905,77
PANNERGY,0,20110114,121507,905,10
PANNERGY,0,20110114,121507,905,199
BUX1112,0,20110114,121508,22958,9
RICHTER,0,20110114,121509,43195,50
RICHTER,0,20110114,121509,43200,100
MTELEKOM,0,20110114,121558,541,500
GSPARK,0,20110114,121603,775,500
BUX1112,0,20110114,121608,22977,10
BUX1112,0,20110114,121611,22977,5
MOL,0,20110114,121701,21800,37
DANUBIUS,0,20110114,121711,4200,53
OTP,0,20110114,121712,5336,50
OTP,0,20110114,121712,5336,101
OTP,0,20110114,121712,5336,10
OTP,0,20110114,121712,5335,2343
OTP,0,20110114,121712,5335,150
MOL,0,20110114,121713,21800,15
RICHTER,0,20110114,121723,43150,25
MTELEKOM,0,20110114,121736,541,430
MTELEKOM,0,20110114,121736,541,500
MTELEKOM,0,20110114,121736,541,200
MTELEKOM,0,20110114,121736,541,100
MTELEKOM,0,20110114,121736,541,500
MTELEKOM,0,20110114,121736,541,200
MTELEKOM,0,20110114,121736,541,1000
MTELEKOM,0,20110114,121736,541,300
MTELEKOM,0,20110114,121736,541,1858
MTELEKOM,0,20110114,121740,541,1858
GSPARK,0,20110114,121741,770,6944
MTELEKOM,0,20110114,121746,541,667
MTELEKOM,0,20110114,121754,540,1799
MTELEKOM,0,20110114,121754,540,5000
MTELEKOM,0,20110114,121754,540,100
MTELEKOM,0,20110114,121754,540,250
MTELEKOM,0,20110114,121754,540,400
MTELEKOM,0,20110114,121754,540,1000
MTELEKOM,0,20110114,121754,540,200
MTELEKOM,0,20110114,121754,540,200
MTELEKOM,0,20110114,121754,540,7222
MTELEKOM,0,20110114,121754,540,50
MTELEKOM,0,20110114,121754,540,3000
MTELEKOM,0,20110114,121754,540,10000
MTELEKOM,0,20110114,121754,540,10000
MTELEKOM,0,20110114,121754,540,1852
OTP,0,20110114,121800,5330,100
OTP,0,20110114,121800,5330,10
OTP,0,20110114,121800,5330,90
MTELEKOM,0,20110114,121807,541,1460
RICHTER,0,20110114,121837,43190,100
MOL,0,20110114,121842,21800,4
OTP,0,20110114,121843,5335,14
RICHTER,0,20110114,121843,43195,1
RICHTER,0,20110114,121921,43155,69
MOL,0,20110114,122018,21800,81
BUX1112,0,20110114,122020,22951.5,10
MTELEKOM,0,20110114,122046,540,12160
RICHTER,0,20110114,122103,43155,31
OTP,0,20110114,122105,5330,700
OTP,0,20110114,122105,5335,10
RICHTER,0,20110114,122136,43150,25
RICHTER,0,20110114,122152,43150,54
MTELEKOM,0,20110114,122156,540,2000
MTELEKOM,0,20110114,122156,540,10000
GSPARK,0,20110114,122220,780,56
BUX1112,0,20110114,122252,22950,10
OTP,0,20110114,122307,5331,1946
MOL,0,20110114,122312,21800,200
MOL,0,20110114,122328,21795,87
OTP,0,20110114,122331,5335,322
OTP,0,20110114,122331,5335,1523
MOL,0,20110114,122343,21810,4
OTP,0,20110114,122343,5344,5
RICHTER,0,20110114,122343,43190,2
OTP,0,20110114,122349,5345,9
MOL,0,20110114,122406,21780,20
MOL,0,20110114,122406,21775,50
MOL,0,20110114,122406,21770,80
OTP,0,20110114,122416,5345,464
MTELEKOM,0,20110114,122418,540,200
OTP,0,20110114,122423,5345,1536
MOL,0,20110114,122425,21770,20
RICHTER,0,20110114,122428,43180,200
MTELEKOM,0,20110114,122613,540,657
PANNERGY,0,20110114,122622,906,500
PANNERGY,0,20110114,122622,906,100
PANNERGY,0,20110114,122622,905,1136
PANNERGY,0,20110114,122622,905,1000
PANNERGY,0,20110114,122622,905,105
GENESIS,0,20110114,122711,205,150
BUX1112,0,20110114,122711,22970,13
MOL,0,20110114,122847,21795,4
OTP,0,20110114,122848,5346,13
RICHTER,0,20110114,122848,43190,1
OTP,0,20110114,122858,5335,16
BUX1112,0,20110114,122911,22970,2
OTP,0,20110114,122918,5333,134
OTP,0,20110114,122928,5333,116
OTP,0,20110114,122948,5332,34
BUX1112,0,20110114,122948,22950,1
OTP,0,20110114,123016,5332,309
MOL,0,20110114,123023,21765,300
MOL,0,20110114,123023,21765,10
MOL,0,20110114,123023,21765,67
OTP,0,20110114,123036,5337,12
OTP,0,20110114,123037,5337,49
OTP,0,20110114,123050,5333,104
OTP,0,20110114,123050,5332,157
OTP,0,20110114,123050,5332,800
OTP,0,20110114,123050,5331,54
OTP,0,20110114,123050,5331,1000
OTP,0,20110114,123050,5331,1000
OTP,0,20110114,123050,5330,20
OTP,0,20110114,123050,5330,50
OTP,0,20110114,123050,5330,200
OTP,0,20110114,123050,5330,1000
OTP,0,20110114,123050,5330,615
TVK,0,20110114,123205,3365,10
PHYLAXIA,0,20110114,123253,44,834
MTELEKOM,0,20110114,123346,541,2000
MTELEKOM,0,20110114,123346,541,3000
MOL,0,20110114,123347,21795,3
OTP,0,20110114,123348,5337,14
RICHTER,0,20110114,123353,43190,2
FOTEX,0,20110114,123401,382,1000
PANNUNION,0,20110114,123402,148,80
BUX1112,0,20110114,123407,22945,1
BUX1112,0,20110114,123407,22945,5
BUX1112,0,20110114,123407,22943,8
BUX1112,0,20110114,123407,22942,2
BUX1112,0,20110114,123407,22936,1
BUX1112,0,20110114,123407,22935,3
MTELEKOM,0,20110114,123423,541,1637
MTELEKOM,0,20110114,123423,541,3000
OTP,0,20110114,123424,5335,1000
OTP,0,20110114,123432,5335,208
PANNERGY,0,20110114,123442,905,40
PANNERGY,0,20110114,123442,903,30
MOL,0,20110114,123445,21795,20
MOL,0,20110114,123445,21800,150
MOL,0,20110114,123445,21800,30
DANUBIUS,0,20110114,123519,4200,13
RFV,0,20110114,123544,8355,5
RFV,0,20110114,123544,8355,10
RFV,0,20110114,123544,8350,35
OTP,0,20110114,123546,5327,13000
MOL,0,20110114,123557,21800,1
OTP,0,20110114,123631,5332,100
OTP,0,20110114,123631,5331,500
OTP,0,20110114,123631,5330,385
OTP,0,20110114,123633,5330,15
PHYLAXIA,0,20110114,123635,44,856
PHYLAXIA,0,20110114,123635,44,4044
PHYLAXIA,0,20110114,123635,45,100
PANNERGY,0,20110114,123652,903,311
PANNERGY,0,20110114,123652,903,10
PANNERGY,0,20110114,123652,902,79
FHB,0,20110114,123717,963,96
FHB,0,20110114,123717,963,4
BUX1112,0,20110114,123725,22942.5,1
BUX1112,0,20110114,123725,22942,2
MTELEKOM,0,20110114,123755,542,1030
OTP,0,20110114,123841,5331,70
MOL,0,20110114,123847,21795,4
OTP,0,20110114,123848,5335,14
OTP,0,20110114,123850,5327,7000
RICHTER,0,20110114,123853,43190,2
OTP,0,20110114,123857,5331,15
OTP,0,20110114,123857,5330,50
MTELEKOM,0,20110114,123916,541,363
MTELEKOM,0,20110114,124016,540,123
MTELEKOM,0,20110114,124016,540,5000
MTELEKOM,0,20110114,124016,540,1000
BUX1112,0,20110114,124042,22967,5
BUX1112,0,20110114,124042,22968,4
BUX1112,0,20110114,124101,22951,10
RABA,0,20110114,124101,833,500
RABA,0,20110114,124101,830,250
RICHTER,0,20110114,124113,43155,9
RICHTER,0,20110114,124213,43155,11
MOL,0,20110114,124235,21795,37
BUX1112,0,20110114,124256,22950,5
BUX1112,0,20110114,124259,22950,10
RFV,0,20110114,124311,8350,27
RFV,0,20110114,124311,8350,3
BUX1112,0,20110114,124337,22950,10
MOL,0,20110114,124347,21795,4
OTP,0,20110114,124348,5335,13
RICHTER,0,20110114,124358,43190,1
OTP,0,20110114,124431,5330,1000
AAA,0,20110114,124452,245,6
MTELEKOM,0,20110114,124550,540,200
MTELEKOM,0,20110114,124550,540,200
MTELEKOM,0,20110114,124607,540,10000
MTELEKOM,0,20110114,124607,540,900
RICHTER,0,20110114,124614,43190,32
RICHTER,0,20110114,124614,43195,99
RICHTER,0,20110114,124614,43200,76
EGIS,0,20110114,124615,20860,20
EGIS,0,20110114,124615,20860,20
MTELEKOM,0,20110114,124623,540,1852
MTELEKOM,0,20110114,124630,540,1852
MTELEKOM,0,20110114,124637,540,1852
OTP,0,20110114,124641,5327,50
OTP,0,20110114,124641,5327,50
MTELEKOM,0,20110114,124758,541,600
MTELEKOM,0,20110114,124843,541,2000
MOL,0,20110114,124848,21795,3
OTP,0,20110114,124852,5336,14
RICHTER,0,20110114,124858,43200,2
MTELEKOM,0,20110114,124905,540,200
MTELEKOM,0,20110114,124905,540,5000
PHYLAXIA,0,20110114,124924,44,2500
FOTEX,0,20110114,124958,381,4
MTELEKOM,0,20110114,125000,541,37
MTELEKOM,0,20110114,125000,541,4000
MTELEKOM,0,20110114,125000,541,1916
GSPARK,0,20110114,125137,780,144
GSPARK,0,20110114,125137,786,56
PHYLAXIA,0,20110114,125151,43,1
MTELEKOM,0,20110114,125154,540,500
MTELEKOM,0,20110114,125154,540,100
RICHTER,0,20110114,125226,43200,200
OTP,0,20110114,125229,5336,36
MOL,0,20110114,125234,21795,59
OTP,0,20110114,125236,5327,50
OTP,0,20110114,125236,5327,100
OTP,0,20110114,125236,5327,100
OTP,0,20110114,125236,5326,150
OTP,0,20110114,125237,5337,96
RICHTER,0,20110114,125257,43200,100
MOL,0,20110114,125336,21770,50
MOL,0,20110114,125347,21795,4
OTP,0,20110114,125352,5337,14
RICHTER,0,20110114,125403,43200,2
BUX1112,0,20110114,125414,22950,20
PHYLAXIA,0,20110114,125526,44,300
MOL,0,20110114,125548,21795,50
CSEPEL,0,20110114,125620,266,75300
OTP,0,20110114,125631,5330,25
DANUBIUS,0,20110114,125643,4200,10
BUX1112,0,20110114,125710,22950,5
BUX1112,0,20110114,125710,22950,2
BUX1112,0,20110114,125720,22960,5
KEG,0,20110114,125744,136,5975
KEG,0,20110114,125744,136,1500
KEG,0,20110114,125744,136,690
KEG,0,20110114,125744,136,750
KEG,0,20110114,125744,136,1085
OTP,0,20110114,125822,5337,500
MOL,0,20110114,125847,21795,4
BUX1112,0,20110114,125851,22960,5
OTP,0,20110114,125852,5337,14
OTP,0,20110114,125905,5337,540
OTP,0,20110114,125905,5337,2500
RICHTER,0,20110114,125909,43200,1
OTP,0,20110114,125913,5337,30
OTP,0,20110114,125918,5337,170
RICHTER,0,20110114,125921,43200,19
RICHTER,0,20110114,125921,43200,100
RICHTER,0,20110114,125921,43200,31
OTP,0,20110114,125924,5340,213
MOL,0,20110114,125924,21795,110
OTP,0,20110114,125930,5340,785
MOL,0,20110114,125957,21795,125
MOL,0,20110114,125957,21795,50
MOL,0,20110114,125957,21800,306
MOL,0,20110114,125957,21800,200
MOL,0,20110114,125957,21800,5
MOL,0,20110114,125957,21800,60
MOL,0,20110114,125957,21800,200
BUX1112,0,20110114,130013,22959,5
BUX1112,0,20110114,130013,22960,5
BUX1112,0,20110114,130013,22965,5
BUX1112,0,20110114,130013,22970,5
BUX1112,0,20110114,130013,22970,2
ORC,0,20110114,130016,1985,200
ORC,0,20110114,130016,1985,30
ORC,0,20110114,130016,1985,20
MOL,0,20110114,130022,21800,54
MTELEKOM,0,20110114,130024,541,3084
MTELEKOM,0,20110114,130024,541,3000
MTELEKOM,0,20110114,130024,542,767
MTELEKOM,0,20110114,130024,542,3000
MTELEKOM,0,20110114,130024,542,203
MTELEKOM,0,20110114,130024,542,5000
MTELEKOM,0,20110114,130024,543,480
MTELEKOM,0,20110114,130024,544,500
MTELEKOM,0,20110114,130024,544,300
MTELEKOM,0,20110114,130024,545,1566
OTP,0,20110114,130024,5344,50
OTP,0,20110114,130024,5346,787
OTP,0,20110114,130024,5348,20
OTP,0,20110114,130024,5350,2000
OTP,0,20110114,130024,5350,100
OTP,0,20110114,130024,5350,16
RICHTER,0,20110114,130029,43200,50
BUX1112,0,20110114,130031,22975,9
OTP,0,20110114,130031,5358,1000
OTP,0,20110114,130031,5359,1151
OTP,0,20110114,130031,5359,200
OTP,0,20110114,130031,5359,40
OTP,0,20110114,130031,5359,150
OTP,0,20110114,130031,5360,1000
OTP,0,20110114,130031,5360,200
OTP,0,20110114,130031,5360,50
OTP,0,20110114,130031,5362,750
OTP,0,20110114,130031,5364,17
OTP,0,20110114,130031,5365,2000
OTP,0,20110114,130031,5365,1000
OTP,0,20110114,130031,5366,100
OTP,0,20110114,130031,5369,133
BUX1112,0,20110114,130047,22975,5
RICHTER,0,20110114,130110,43160,74
RICHTER,0,20110114,130110,43155,80
RICHTER,0,20110114,130110,43150,63
RICHTER,0,20110114,130110,43150,50
RICHTER,0,20110114,130118,43150,100
RICHTER,0,20110114,130119,43150,233
RICHTER,0,20110114,130202,43150,100
RICHTER,0,20110114,130203,43150,50
OTP,0,20110114,130203,5350,1500
OTP,0,20110114,130203,5364,250
OTP,0,20110114,130211,5364,300
OTP,0,20110114,130212,5365,3000
OTP,0,20110114,130212,5369,367
OTP,0,20110114,130212,5369,20
OTP,0,20110114,130212,5370,100
OTP,0,20110114,130212,5370,80
OTP,0,20110114,130212,5370,10
OTP,0,20110114,130212,5370,168
OTP,0,20110114,130212,5374,79
OTP,0,20110114,130212,5374,100
OTP,0,20110114,130212,5375,18
RICHTER,0,20110114,130216,43150,83
OTP,0,20110114,130217,5374,1076
OTP,0,20110114,130222,5364,100
OTP,0,20110114,130234,5364,170
OTP,0,20110114,130318,5364,100
OTP,0,20110114,130335,5364,15
MOL,0,20110114,130347,21800,4
OTP,0,20110114,130348,5364,65
OTP,0,20110114,130348,5364,35
OTP,0,20110114,130353,5369,13
OTP,0,20110114,130357,5364,65
OTP,0,20110114,130357,5364,100
RICHTER,0,20110114,130408,43195,2
OTP,0,20110114,130453,5360,600
OTP,0,20110114,130505,5360,20
BUX1112,0,20110114,130510,22950,5
OTP,0,20110114,130513,5360,165
OTP,0,20110114,130514,5360,200
ZWACK,0,20110114,130517,12850,10
ZWACK,0,20110114,130517,12850,15
OTP,0,20110114,130525,5360,91
OTP,0,20110114,130525,5360,9
OTP,0,20110114,130531,5360,35
OTP,0,20110114,130540,5360,55
MTELEKOM,0,20110114,130557,541,100
MTELEKOM,0,20110114,130604,540,100
MTELEKOM,0,20110114,130604,540,1000
MTELEKOM,0,20110114,130604,540,500
MTELEKOM,0,20110114,130604,540,505
MTELEKOM,0,20110114,130604,540,388
MTELEKOM,0,20110114,130604,540,700
MTELEKOM,0,20110114,130604,540,530
MTELEKOM,0,20110114,130604,540,184
MTELEKOM,0,20110114,130604,540,1841
MTELEKOM,0,20110114,130604,540,300
MTELEKOM,0,20110114,130604,540,100
OTP,0,20110114,130627,5360,15
ETFBUXOTP,0,20110114,130641,928,90
EBGOLD,0,20110114,130643,2843,175
MTELEKOM,0,20110114,130643,540,19
OTP,0,20110114,130643,5351,5
MOL,0,20110114,130644,21770,1
OTP,0,20110114,130646,5351,295
OTP,0,20110114,130646,5351,15
OTP,0,20110114,130646,5351,200
OTP,0,20110114,130646,5350,100
OTP,0,20110114,130646,5350,4390
MTELEKOM,0,20110114,130647,541,228
OTP,0,20110114,130656,5350,610
OTP,0,20110114,130656,5350,32
KEG,0,20110114,130712,136,1150
MOL,0,20110114,130724,21795,1000
BUX1112,0,20110114,130738,22940,1
BUX1112,0,20110114,130738,22935.5,1
BUX1112,0,20110114,130738,22935,3
PHYLAXIA,0,20110114,130745,44,700
OTP,0,20110114,130748,5346,25
MTELEKOM,0,20110114,130804,541,5192
MTELEKOM,0,20110114,130804,541,5000
