<TICKER>,<PER>,<DTYYYYMMDD>,<TIME>,<CLOSE>,<VOLUME>
AAA,0,20110111,090034,245,83
AAA,0,20110111,090034,245,87
AAA,0,20110111,090034,245,100
ANY,0,20110111,090034,739,97
ANY,0,20110111,090034,739,300
ANY,0,20110111,090034,739,96
ANY,0,20110111,090034,739,307
DANUBIUS,0,20110111,090034,4495,23
DANUBIUS,0,20110111,090034,4495,25
FOTEX,0,20110111,090034,383,12
FREESOFT,0,20110111,090034,2143,30
MOL,0,20110111,090034,21600,1
MOL,0,20110111,090034,21600,10
MOL,0,20110111,090034,21600,4
MOL,0,20110111,090034,21600,15
MOL,0,20110111,090034,21600,19
MOL,0,20110111,090034,21600,10
MOL,0,20110111,090034,21600,3
MTELEKOM,0,20110111,090034,550,39
MTELEKOM,0,20110111,090034,550,114
MTELEKOM,0,20110111,090034,550,49
MTELEKOM,0,20110111,090034,550,4951
MTELEKOM,0,20110111,090034,550,200
MTELEKOM,0,20110111,090034,550,559
MTELEKOM,0,20110111,090034,550,10
MTELEKOM,0,20110111,090034,550,5
MTELEKOM,0,20110111,090034,550,500
MTELEKOM,0,20110111,090034,550,926
MTELEKOM,0,20110111,090034,550,717
MTELEKOM,0,20110111,090034,550,100
MTELEKOM,0,20110111,090034,550,183
MTELEKOM,0,20110111,090034,550,1817
MTELEKOM,0,20110111,090034,550,183
MTELEKOM,0,20110111,090034,550,1326
MTELEKOM,0,20110111,090034,550,891
OTP,0,20110111,090034,5225,5
OTP,0,20110111,090034,5225,8
OTP,0,20110111,090034,5225,48
OTP,0,20110111,090034,5225,1
OTP,0,20110111,090034,5225,20
OTP,0,20110111,090034,5225,31
OTP,0,20110111,090034,5225,69
OTP,0,20110111,090034,5225,140
OTP,0,20110111,090034,5225,59
OTP,0,20110111,090034,5225,132
OTP,0,20110111,090034,5225,68
OTP,0,20110111,090034,5225,1
OTP,0,20110111,090034,5225,331
OTP,0,20110111,090034,5225,200
OTP,0,20110111,090034,5225,200
OTP,0,20110111,090034,5225,800
OTP,0,20110111,090034,5225,20
OTP,0,20110111,090034,5225,75
OTP,0,20110111,090034,5225,374
OTP,0,20110111,090034,5225,500
OTP,0,20110111,090034,5225,100
PANNERGY,0,20110111,090034,892,120
PANNERGY,0,20110111,090034,892,200
PANNERGY,0,20110111,090034,892,100
PANNERGY,0,20110111,090034,892,100
PANNERGY,0,20110111,090034,892,130
RFV,0,20110111,090034,8250,12
RFV,0,20110111,090034,8250,13
RFV,0,20110111,090034,8250,2
RICHTER,0,20110111,090034,43500,1
RICHTER,0,20110111,090034,43500,10
RICHTER,0,20110111,090034,43500,1
RICHTER,0,20110111,090034,43500,11
RICHTER,0,20110111,090034,43500,7
RICHTER,0,20110111,090034,43500,7
SYNERGON,0,20110111,090034,480,120
SYNERGON,0,20110111,090034,480,42
BUX1112,0,20110111,090042,22790,4
BUX1112,0,20110111,090042,22790,3
BUX1112,0,20110111,090042,22790,3
BUX1112,0,20110111,090042,22790,1
BUX1112,0,20110111,090042,22790,1
BUX1112,0,20110111,090042,22790,10
BUX1112,0,20110111,090042,22790,5
BUX1112,0,20110111,090042,22790,1
BUX1112,0,20110111,090042,22790,1
BUX1112,0,20110111,090042,22790,1
BUX1112,0,20110111,090042,22790,2
BUX1112,0,20110111,090042,22790,2
BUX1112,0,20110111,090042,22790,7
OTP,0,20110111,090201,5215,500
OTP,0,20110111,090201,5215,125
OTP,0,20110111,090210,5215,15
OTP,0,20110111,090221,5220,75
OTP,0,20110111,090221,5224,225
OTP,0,20110111,090224,5224,409
MTELEKOM,0,20110111,090259,549,2000
MTELEKOM,0,20110111,090300,550,1
OTP,0,20110111,090300,5220,740
OTP,0,20110111,090300,5220,450
MOL,0,20110111,090300,21550,10
OTP,0,20110111,090301,5217,679
MOL,0,20110111,090301,21600,2
MOL,0,20110111,090301,21600,3
RICHTER,0,20110111,090301,43600,1
RICHTER,0,20110111,090303,43550,6
MTELEKOM,0,20110111,090303,549,102
RICHTER,0,20110111,090303,43550,16
OTP,0,20110111,090303,5220,27
MTELEKOM,0,20110111,090304,550,59
MOL,0,20110111,090304,21600,2
MOL,0,20110111,090304,21550,25
OTP,0,20110111,090305,5220,6
MTELEKOM,0,20110111,090305,549,258
MTELEKOM,0,20110111,090305,549,1154
OTP,0,20110111,090309,5217,50
OTP,0,20110111,090309,5224,116
OTP,0,20110111,090309,5224,100
OTP,0,20110111,090309,5224,70
OTP,0,20110111,090309,5225,14
OTP,0,20110111,090310,5217,33
MOL,0,20110111,090315,21600,10
MOL,0,20110111,090315,21600,50
MOL,0,20110111,090315,21600,10
MTELEKOM,0,20110111,090326,549,300
OTP,0,20110111,090328,5217,30
MTELEKOM,0,20110111,090331,549,1000
OTP,0,20110111,090333,5220,40
OTP,0,20110111,090333,5223,50
OTP,0,20110111,090333,5225,172
OTP,0,20110111,090335,5225,212
OTP,0,20110111,090335,5225,19
MTELEKOM,0,20110111,090339,549,117
PANNERGY,0,20110111,090342,898,10
OTP,0,20110111,090343,5225,9
OTP,0,20110111,090343,5225,991
OTP,0,20110111,090347,5221,50
BUX1112,0,20110111,090348,22780,7
OTP,0,20110111,090353,5224,150
OTP,0,20110111,090353,5225,1409
OTP,0,20110111,090357,5221,29
OTP,0,20110111,090358,5221,81
OTP,0,20110111,090402,5221,19
OTP,0,20110111,090403,5220,200
BUX1112,0,20110111,090407,22775,1
RICHTER,0,20110111,090416,43600,2
HUMET,0,20110111,090427,9,10000
RICHTER,0,20110111,090428,43560,3
OTP,0,20110111,090433,5229,100
OTP,0,20110111,090441,5221,260
OTP,0,20110111,090443,5221,99
BUX1112,0,20110111,090502,22775.5,1
MOL,0,20110111,090525,21600,18
MTELEKOM,0,20110111,090529,547,567
MOL,0,20110111,090540,21605,5
MOL,0,20110111,090549,21605,7
MTELEKOM,0,20110111,090554,549,300
MOL,0,20110111,090554,21600,12
MOL,0,20110111,090554,21600,38
BUX1112,0,20110111,090554,22775.5,1
MOL,0,20110111,090606,21605,143
OTP,0,20110111,090606,5225,500
OTP,0,20110111,090606,5225,457
OTP,0,20110111,090611,5229,5
OTP,0,20110111,090611,5229,10
OTP,0,20110111,090611,5229,11
OTP,0,20110111,090611,5229,370
BUX1112,0,20110111,090616,22775.5,1
OTP,0,20110111,090618,5230,20
OTP,0,20110111,090618,5230,400
OTP,0,20110111,090624,5230,70
MOL,0,20110111,090630,21650,14
OTP,0,20110111,090636,5230,36
OTP,0,20110111,090639,5230,6
OTP,0,20110111,090640,5230,388
BUX1112,0,20110111,090640,22775.5,1
RICHTER,0,20110111,090644,43600,11
RICHTER,0,20110111,090644,43600,9
OTP,0,20110111,090646,5230,3
MOL,0,20110111,090656,21600,24
MOL,0,20110111,090656,21600,76
OTP,0,20110111,090700,5230,20
OTP,0,20110111,090700,5230,80
OTP,0,20110111,090701,5234,50
OTP,0,20110111,090701,5234,50
OTP,0,20110111,090701,5235,15
OTP,0,20110111,090701,5235,885
RICHTER,0,20110111,090706,43600,6
RICHTER,0,20110111,090718,43560,2
RICHTER,0,20110111,090718,43560,2
HUMET,0,20110111,090727,8,1
MTELEKOM,0,20110111,090737,548,200
MOL,0,20110111,090750,21600,24
MOL,0,20110111,090750,21600,25
MOL,0,20110111,090756,21550,2
RICHTER,0,20110111,090801,43600,1
OTP,0,20110111,090801,5235,16
MTELEKOM,0,20110111,090803,548,63
RICHTER,0,20110111,090803,43580,11
OTP,0,20110111,090804,5230,20
OTP,0,20110111,090804,5230,21
MOL,0,20110111,090804,21550,15
MTELEKOM,0,20110111,090805,548,237
OTP,0,20110111,090806,5230,5
BUX1112,0,20110111,090811,22775,1
BUX1112,0,20110111,090811,22771,1
MOL,0,20110111,090812,21605,2
OTP,0,20110111,090812,5230,50
MTELEKOM,0,20110111,090815,547,636
MOL,0,20110111,090816,21650,1
RICHTER,0,20110111,090838,43600,3
RICHTER,0,20110111,090843,43580,1
RICHTER,0,20110111,090843,43580,1
BUX1112,0,20110111,090855,22776,2
BUX1112,0,20110111,090855,22771,4
MOL,0,20110111,090856,21650,10
BUX1112,0,20110111,090859,22770,34
FHB,0,20110111,090908,969,1000
OTP,0,20110111,090912,5231,48
OTP,0,20110111,090956,5233,12
OTP,0,20110111,090958,5233,38
OTP,0,20110111,090958,5233,60
OTP,0,20110111,090959,5233,40
OTP,0,20110111,090959,5234,100
OTP,0,20110111,090959,5235,99
OTP,0,20110111,090959,5235,10
OTP,0,20110111,091011,5235,392
MOL,0,20110111,091016,21555,12
OTP,0,20110111,091028,5235,100
BUX1112,0,20110111,091030,22789,1
OTP,0,20110111,091038,5238,50
OTP,0,20110111,091038,5238,8
OTP,0,20110111,091038,5240,130
OTP,0,20110111,091038,5240,80
OTP,0,20110111,091038,5240,20
OTP,0,20110111,091038,5240,212
OTP,0,20110111,091043,5240,788
OTP,0,20110111,091043,5240,200
OTP,0,20110111,091043,5243,555
MTELEKOM,0,20110111,091046,548,200
OTP,0,20110111,091051,5240,12
BUX1112,0,20110111,091051,22789,2
BUX1112,0,20110111,091051,22790,2
BUX1112,0,20110111,091051,22790,3
OTP,0,20110111,091057,5240,500
OTP,0,20110111,091102,5240,488
RICHTER,0,20110111,091105,43600,5
ANY,0,20110111,091106,749,307
ANY,0,20110111,091106,750,300
OTP,0,20110111,091106,5243,45
OTP,0,20110111,091106,5243,420
RICHTER,0,20110111,091108,43600,76
PANNERGY,0,20110111,091114,896,100
PANNERGY,0,20110111,091114,895,76
BUX1112,0,20110111,091114,22790,3
BUX1112,0,20110111,091114,22790,4
OTP,0,20110111,091117,5245,5
OTP,0,20110111,091117,5245,150
OTP,0,20110111,091117,5247,200
OTP,0,20110111,091117,5247,20
OTP,0,20110111,091117,5247,40
OTP,0,20110111,091117,5248,20
OTP,0,20110111,091117,5248,230
OTP,0,20110111,091117,5248,273
OTP,0,20110111,091122,5245,30
BUX1112,0,20110111,091122,22790,5
MOL,0,20110111,091127,21640,10
OTP,0,20110111,091128,5245,470
RICHTER,0,20110111,091133,43600,12
RICHTER,0,20110111,091134,43600,12
RICHTER,0,20110111,091134,43600,20
OTP,0,20110111,091134,5246,50
KEG,0,20110111,091135,138,100
OTP,0,20110111,091138,5247,200
OTP,0,20110111,091144,5248,100
RICHTER,0,20110111,091144,43600,68
BUX1112,0,20110111,091150,22799.5,1
MTELEKOM,0,20110111,091202,549,83
MTELEKOM,0,20110111,091202,549,417
OTP,0,20110111,091203,5245,5
RICHTER,0,20110111,091205,43600,7
BUX1112,0,20110111,091212,22799,10
BUX1112,0,20110111,091212,22800,3
BUX1112,0,20110111,091212,22800,2
BUX1112,0,20110111,091212,22800,1
BUX1112,0,20110111,091214,22800,1
RICHTER,0,20110111,091216,43600,60
OTP,0,20110111,091222,5247,50
OTP,0,20110111,091222,5248,70
MTELEKOM,0,20110111,091223,549,183
BUX1112,0,20110111,091225,22790,1
OTP,0,20110111,091230,5245,19
OTP,0,20110111,091236,5245,6
OTP,0,20110111,091236,5240,512
OTP,0,20110111,091236,5240,488
OTP,0,20110111,091236,5240,12
OTP,0,20110111,091236,5240,40
OTP,0,20110111,091236,5240,248
OTP,0,20110111,091239,5240,52
OTP,0,20110111,091239,5240,98
MOL,0,20110111,091240,21600,4
OTP,0,20110111,091241,5241,497
OTP,0,20110111,091241,5240,53
OTP,0,20110111,091245,5240,149
OTP,0,20110111,091245,5240,400
ECONET,0,20110111,091245,90,3000
ECONET,0,20110111,091245,90,3000
ECONET,0,20110111,091245,90,4000
RICHTER,0,20110111,091258,43505,16
OTP,0,20110111,091301,5244,17
MTELEKOM,0,20110111,091303,549,64
OTP,0,20110111,091303,5244,73
OTP,0,20110111,091303,5247,5
OTP,0,20110111,091303,5248,92
OTP,0,20110111,091303,5237,41
MOL,0,20110111,091305,21600,16
RICHTER,0,20110111,091306,43500,11
MTELEKOM,0,20110111,091306,549,253
MOL,0,20110111,091306,21650,3
RICHTER,0,20110111,091306,43600,1
RICHTER,0,20110111,091308,43500,10
MTELEKOM,0,20110111,091316,548,300
MTELEKOM,0,20110111,091316,548,240
FOTEX,0,20110111,091320,382,1000
FOTEX,0,20110111,091321,382,23
FOTEX,0,20110111,091327,383,46
FOTEX,0,20110111,091330,383,31
KEG,0,20110111,091337,138,270
FOTEX,0,20110111,091340,383,1000
FOTEX,0,20110111,091341,383,57
FOTEX,0,20110111,091342,383,53
OTP,0,20110111,091342,5236,6
OTP,0,20110111,091346,5237,391
BUX1112,0,20110111,091351,22780,2
OTP,0,20110111,091352,5240,100
OTP,0,20110111,091422,5237,67
RICHTER,0,20110111,091423,43500,6
KEG,0,20110111,091424,139,76
OTP,0,20110111,091444,5240,20
OTP,0,20110111,091458,5242,16
OTP,0,20110111,091458,5243,20
OTP,0,20110111,091458,5245,20
OTP,0,20110111,091458,5246,44
OTP,0,20110111,091459,5240,100
BUX1112,0,20110111,091502,22780,2
MOL,0,20110111,091505,21600,3
OTP,0,20110111,091509,5240,10
OTP,0,20110111,091513,5240,120
MOL,0,20110111,091516,21600,50
OTP,0,20110111,091520,5240,250
OTP,0,20110111,091527,5240,250
OTP,0,20110111,091529,5240,100
OTP,0,20110111,091534,5240,150
OTP,0,20110111,091534,5240,500
OTP,0,20110111,091537,5240,250
OTP,0,20110111,091538,5240,155
OTP,0,20110111,091538,5240,95
OTP,0,20110111,091539,5240,503
OTP,0,20110111,091539,5240,233
OTP,0,20110111,091544,5241,19
RICHTER,0,20110111,091548,43500,1
MTELEKOM,0,20110111,091606,548,250
OTP,0,20110111,091608,5241,1
OTP,0,20110111,091608,5240,17
OTP,0,20110111,091608,5240,32
OTP,0,20110111,091611,5241,25
MOL,0,20110111,091613,21605,23
MOL,0,20110111,091613,21600,7
OTP,0,20110111,091625,5241,200
OTP,0,20110111,091626,5240,200
OTP,0,20110111,091628,5241,75
FOTEX,0,20110111,091644,383,500
ANY,0,20110111,091700,750,96
MOL,0,20110111,091716,21600,30
OTP,0,20110111,091721,5240,18
OTP,0,20110111,091721,5240,374
ECONET,0,20110111,091724,91,10
MOL,0,20110111,091730,21600,17
OTP,0,20110111,091737,5241,250
OTP,0,20110111,091744,5240,126
OTP,0,20110111,091745,5240,252
BUX1112,0,20110111,091755,22770,10
PHYLAXIA,0,20110111,091759,44,3090
OTP,0,20110111,091801,5244,15
MTELEKOM,0,20110111,091803,548,10
MTELEKOM,0,20110111,091803,548,53
OTP,0,20110111,091804,5240,40
OTP,0,20110111,091806,5245,1945
OTP,0,20110111,091806,5245,10
RICHTER,0,20110111,091806,43580,1
MOL,0,20110111,091806,21640,3
RICHTER,0,20110111,091808,43500,2
RICHTER,0,20110111,091808,43500,8
MOL,0,20110111,091809,21600,1
MOL,0,20110111,091809,21600,15
MTELEKOM,0,20110111,091810,548,81
OTP,0,20110111,091812,5246,1
OTP,0,20110111,091812,5245,45
OTP,0,20110111,091812,5240,5
OTP,0,20110111,091814,5245,50
OTP,0,20110111,091814,5246,20
MTELEKOM,0,20110111,091815,548,86
OTP,0,20110111,091819,5248,13
RICHTER,0,20110111,091838,43500,1
KEG,0,20110111,091845,139,2000
OTP,0,20110111,091909,5248,87
OTP,0,20110111,091909,5248,13
OTP,0,20110111,091911,5248,37
OTP,0,20110111,091911,5248,40
KEG,0,20110111,091914,139,1000
OTP,0,20110111,091914,5247,10
OTP,0,20110111,091920,5248,337
FHB,0,20110111,091922,970,20
BUX1112,0,20110111,091923,22770,2
OTP,0,20110111,091925,5249,200
OTP,0,20110111,091925,5249,5
OTP,0,20110111,091925,5249,8
OTP,0,20110111,091925,5249,30
OTP,0,20110111,091925,5249,250
OTP,0,20110111,091925,5249,1139
OTP,0,20110111,091925,5249,10
OTP,0,20110111,091925,5250,20
OTP,0,20110111,091925,5250,100
OTP,0,20110111,091925,5250,1
OTP,0,20110111,091925,5250,45
OTP,0,20110111,091925,5250,200
OTP,0,20110111,091925,5250,992
OTP,0,20110111,091928,5249,200
BUX1112,0,20110111,091929,22777,4
BUX1112,0,20110111,091929,22778,2
BUX1112,0,20110111,091929,22778,5
BUX1112,0,20110111,091929,22780,11
BUX1112,0,20110111,091929,22780,11
MTELEKOM,0,20110111,091933,549,200
OTP,0,20110111,091934,5250,1000
OTP,0,20110111,091935,5250,572
OTP,0,20110111,091940,5250,500
BUX1112,0,20110111,091940,22794,2
BUX1112,0,20110111,091940,22799,10
BUX1112,0,20110111,091940,22800,5
BUX1112,0,20110111,091941,22800,1
BUX1112,0,20110111,091941,22800,1
OTP,0,20110111,091942,5250,500
OTP,0,20110111,091944,5250,591
MOL,0,20110111,091945,21600,85
MOL,0,20110111,091945,21600,23
MOL,0,20110111,091945,21600,10
OTP,0,20110111,091946,5250,400
OTP,0,20110111,091947,5250,60
FHB,0,20110111,091949,970,300
OTP,0,20110111,091951,5250,385
OTP,0,20110111,091951,5250,100
OTP,0,20110111,091951,5250,50
OTP,0,20110111,091951,5250,10
OTP,0,20110111,091952,5249,50
MOL,0,20110111,091955,21590,23
BUX1112,0,20110111,091956,22780,10
OTP,0,20110111,091957,5250,20
OTP,0,20110111,091958,5250,80
OTP,0,20110111,091959,5253,20
OTP,0,20110111,091959,5254,49
OTP,0,20110111,091959,5254,25
OTP,0,20110111,091959,5255,100
OTP,0,20110111,091959,5255,100
OTP,0,20110111,091959,5259,48
OTP,0,20110111,091959,5259,48
OTP,0,20110111,091959,5259,10
OTP,0,20110111,092001,5259,21
MOL,0,20110111,092002,21600,132
FHB,0,20110111,092012,970,680
OTP,0,20110111,092030,5256,50
AAA,0,20110111,092040,245,213
MTELEKOM,0,20110111,092040,549,238
RICHTER,0,20110111,092049,43500,4
OTP,0,20110111,092056,5255,234
OTP,0,20110111,092057,5256,157
RABA,0,20110111,092104,822,55
OTP,0,20110111,092106,5252,75
AAA,0,20110111,092107,247,500
BUX1112,0,20110111,092115,22799,5
BUX1112,0,20110111,092115,22800,4
BUX1112,0,20110111,092115,22800,5
BUX1112,0,20110111,092119,22800,10
ANY,0,20110111,092120,750,97
OTP,0,20110111,092123,5259,7
OTP,0,20110111,092123,5260,200
OTP,0,20110111,092123,5260,10
OTP,0,20110111,092123,5260,100
OTP,0,20110111,092123,5260,50
OTP,0,20110111,092123,5261,93
OTP,0,20110111,092123,5263,30
OTP,0,20110111,092123,5263,118
OTP,0,20110111,092123,5265,192
OTP,0,20110111,092123,5265,1000
BUX1112,0,20110111,092126,22800,1
BUX1112,0,20110111,092126,22782,10
RICHTER,0,20110111,092128,43505,1
OTP,0,20110111,092129,5260,10
OTP,0,20110111,092132,5260,200
OTP,0,20110111,092137,5260,290
BUX1112,0,20110111,092137,22800,10
OTP,0,20110111,092142,5254,50
OTP,0,20110111,092148,5255,20
FHB,0,20110111,092151,970,50
OTP,0,20110111,092153,5259,53
OTP,0,20110111,092156,5261,255
OTP,0,20110111,092202,5264,1000
OTP,0,20110111,092204,5261,50
OTP,0,20110111,092206,5261,496
OTP,0,20110111,092206,5260,4
OTP,0,20110111,092209,5265,1708
OTP,0,20110111,092209,5265,100
OTP,0,20110111,092209,5265,629
OTP,0,20110111,092212,5261,532
OTP,0,20110111,092212,5260,443
OTP,0,20110111,092214,5260,580
OTP,0,20110111,092215,5260,500
OTP,0,20110111,092215,5260,45
OTP,0,20110111,092220,5261,13
OTP,0,20110111,092220,5260,1080
MOL,0,20110111,092220,21595,23
OTP,0,20110111,092223,5260,3907
MTELEKOM,0,20110111,092225,549,62
MTELEKOM,0,20110111,092225,549,500
MTELEKOM,0,20110111,092225,550,2049
MTELEKOM,0,20110111,092225,550,2389
OTP,0,20110111,092236,5264,20
OTP,0,20110111,092236,5266,130
OTP,0,20110111,092236,5267,200
OTP,0,20110111,092236,5268,200
OTP,0,20110111,092236,5268,20
OTP,0,20110111,092236,5269,3
OTP,0,20110111,092248,5260,20
OTP,0,20110111,092300,5264,400
OTP,0,20110111,092300,5265,150
OTP,0,20110111,092305,5265,100
MTELEKOM,0,20110111,092308,549,65
RICHTER,0,20110111,092308,43505,11
OTP,0,20110111,092308,5265,42
OTP,0,20110111,092309,5269,17
MOL,0,20110111,092309,21595,6
MTELEKOM,0,20110111,092310,549,435
MTELEKOM,0,20110111,092310,549,367
OTP,0,20110111,092310,5269,4980
OTP,0,20110111,092310,5269,8
OTP,0,20110111,092310,5270,39
OTP,0,20110111,092310,5270,25
OTP,0,20110111,092310,5270,22
OTP,0,20110111,092310,5270,13
OTP,0,20110111,092310,5270,2180
OTP,0,20110111,092310,5270,80
OTP,0,20110111,092310,5270,150
OTP,0,20110111,092310,5270,60
OTP,0,20110111,092310,5270,10
MOL,0,20110111,092312,21595,3
BUX1112,0,20110111,092315,22816.5,1
BUX1112,0,20110111,092315,22817,5
BUX1112,0,20110111,092315,22818,3
BUX1112,0,20110111,092315,22820,2
BUX1112,0,20110111,092315,22820,4
MTELEKOM,0,20110111,092315,549,48
MOL,0,20110111,092316,21590,6
OTP,0,20110111,092318,5270,17
OTP,0,20110111,092318,5270,83
OTP,0,20110111,092319,5271,500
OTP,0,20110111,092319,5272,105
OTP,0,20110111,092327,5272,195
OTP,0,20110111,092327,5275,15
OTP,0,20110111,092327,5275,66
OTP,0,20110111,092327,5275,220
OTP,0,20110111,092332,5275,280
FOTEX,0,20110111,092332,383,796
FOTEX,0,20110111,092333,385,8
FOTEX,0,20110111,092333,385,52
OTP,0,20110111,092333,5277,200
OTP,0,20110111,092333,5279,20
OTP,0,20110111,092333,5279,50
OTP,0,20110111,092333,5279,100
OTP,0,20110111,092333,5280,95
OTP,0,20110111,092333,5280,77
OTP,0,20110111,092333,5280,200
OTP,0,20110111,092333,5280,300
TVK,0,20110111,092335,3450,4000
FOTEX,0,20110111,092335,385,84
OTP,0,20110111,092336,5280,150
OTP,0,20110111,092338,5285,11
OTP,0,20110111,092338,5286,300
BUX1112,0,20110111,092339,22820,1
BUX1112,0,20110111,092340,22820,12
OTP,0,20110111,092340,5286,200
BUX1112,0,20110111,092341,22829,5
BUX1112,0,20110111,092341,22830,3
BUX1112,0,20110111,092341,22830,2
BUX1112,0,20110111,092341,22830.5,1
BUX1112,0,20110111,092341,22834,1
BUX1112,0,20110111,092341,22835,2
BUX1112,0,20110111,092341,22837,4
BUX1112,0,20110111,092341,22837,7
MTELEKOM,0,20110111,092342,550,1611
MTELEKOM,0,20110111,092342,550,450
MTELEKOM,0,20110111,092342,550,736
OTP,0,20110111,092343,5286,289
OTP,0,20110111,092345,5287,100
OTP,0,20110111,092345,5287,20
OTP,0,20110111,092345,5288,40
OTP,0,20110111,092345,5288,374
OTP,0,20110111,092347,5280,14
OTP,0,20110111,092357,5288,457
OTP,0,20110111,092357,5289,66
OTP,0,20110111,092359,5285,120
OTP,0,20110111,092359,5281,595
OTP,0,20110111,092359,5280,285
OTP,0,20110111,092400,5280,12
OTP,0,20110111,092400,5280,16
OTP,0,20110111,092402,5281,500
OTP,0,20110111,092402,5281,500
OTP,0,20110111,092410,5281,495
OTP,0,20110111,092410,5281,500
OTP,0,20110111,092410,5280,1981
OTP,0,20110111,092415,5281,38
OTP,0,20110111,092415,5280,500
OTP,0,20110111,092416,5280,333
OTP,0,20110111,092416,5280,129
OTP,0,20110111,092416,5285,371
RICHTER,0,20110111,092418,43500,2
FHB,0,20110111,092418,970,10
OTP,0,20110111,092422,5278,20
OTP,0,20110111,092425,5285,129
OTP,0,20110111,092428,5285,20
OTP,0,20110111,092431,5275,391
PANNERGY,0,20110111,092431,898,500
BUX1112,0,20110111,092432,22830,1
BUX1112,0,20110111,092432,22837,3
BUX1112,0,20110111,092432,22839,5
BUX1112,0,20110111,092432,22839.5,2
BUX1112,0,20110111,092432,22840,5
BUX1112,0,20110111,092435,22840,4
FHB,0,20110111,092439,970,270
BUX1112,0,20110111,092443,22817,4
MOL,0,20110111,092445,21590,5
OTP,0,20110111,092452,5275,101
BUX1112,0,20110111,092459,22840,1
BUX1112,0,20110111,092459,22844,5
BUX1112,0,20110111,092459,22845,2
BUX1112,0,20110111,092459,22845,1
BUX1112,0,20110111,092459,22845,5
BUX1112,0,20110111,092459,22845,1
BUX1112,0,20110111,092459,22845,1
OTP,0,20110111,092501,5270,100
OTP,0,20110111,092514,5281,88
OTP,0,20110111,092517,5280,50
OTP,0,20110111,092518,5280,35
OTP,0,20110111,092518,5280,415
OTP,0,20110111,092519,5275,500
OTP,0,20110111,092520,5275,443
OTP,0,20110111,092530,5280,57
OTP,0,20110111,092530,5279,203
OTP,0,20110111,092546,5278,100
OTP,0,20110111,092551,5280,400
OTP,0,20110111,092600,5280,50
OTP,0,20110111,092605,5280,50
OTP,0,20110111,092605,5280,4950
OTP,0,20110111,092615,5280,50
OTP,0,20110111,092615,5280,414
FOTEX,0,20110111,092618,385,264
FOTEX,0,20110111,092618,385,300
FOTEX,0,20110111,092618,387,36
OTP,0,20110111,092640,5280,10
OTP,0,20110111,092650,5283,179
OTP,0,20110111,092650,5284,20
OTP,0,20110111,092650,5284,240
OTP,0,20110111,092650,5285,100
OTP,0,20110111,092650,5285,100
OTP,0,20110111,092650,5285,361
OTP,0,20110111,092701,5285,39
OTP,0,20110111,092701,5285,629
OTP,0,20110111,092701,5285,200
OTP,0,20110111,092701,5285,100
OTP,0,20110111,092701,5285,20
OTP,0,20110111,092701,5289,12
OTP,0,20110111,092701,5289,122
OTP,0,20110111,092701,5289,50
OTP,0,20110111,092701,5289,50
OTP,0,20110111,092701,5289,20
OTP,0,20110111,092701,5289,16
OTP,0,20110111,092701,5290,57
OTP,0,20110111,092701,5290,164
OTP,0,20110111,092701,5290,200
OTP,0,20110111,092701,5290,40
OTP,0,20110111,092701,5290,200
OTP,0,20110111,092701,5290,81
OTP,0,20110111,092702,5290,19
OTP,0,20110111,092702,5290,45
OTP,0,20110111,092702,5290,936
OTP,0,20110111,092706,5289,202
OTP,0,20110111,092706,5290,64
OTP,0,20110111,092706,5290,234
ZWACK,0,20110111,092707,12600,1000
OTP,0,20110111,092708,5290,366
OTP,0,20110111,092708,5290,20
MOL,0,20110111,092710,21620,1
BUX1112,0,20110111,092713,22840,1
OTP,0,20110111,092713,5290,114
MTELEKOM,0,20110111,092713,550,264
MTELEKOM,0,20110111,092713,550,736
OTP,0,20110111,092715,5290,386
OTP,0,20110111,092716,5291,100
OTP,0,20110111,092719,5290,50
BUX1112,0,20110111,092724,22832,2
OTP,0,20110111,092729,5290,25
OTP,0,20110111,092729,5291,200
OTP,0,20110111,092730,5291,100
OTP,0,20110111,092736,5291,30
OTP,0,20110111,092742,5291,20
OTP,0,20110111,092742,5291,50
OTP,0,20110111,092742,5290,39
OTP,0,20110111,092742,5290,111
OTP,0,20110111,092751,5290,100
OTP,0,20110111,092752,5290,2000
OTP,0,20110111,092756,5290,9
OTP,0,20110111,092756,5290,91
OTP,0,20110111,092757,5290,275
OTP,0,20110111,092758,5290,625
OTP,0,20110111,092759,5290,200
OTP,0,20110111,092801,5291,16
OTP,0,20110111,092803,5290,175
OTP,0,20110111,092805,5290,75
OTP,0,20110111,092805,5290,10
OTP,0,20110111,092806,5290,392
RICHTER,0,20110111,092806,43580,1
MTELEKOM,0,20110111,092808,549,63
RICHTER,0,20110111,092808,43505,5
RICHTER,0,20110111,092808,43505,5
PANNERGY,0,20110111,092809,897,77
MTELEKOM,0,20110111,092810,549,706
OTP,0,20110111,092811,5290,23
MTELEKOM,0,20110111,092813,550,264
MTELEKOM,0,20110111,092813,550,236
OTP,0,20110111,092813,5283,41
MOL,0,20110111,092814,21620,16
OTP,0,20110111,092814,5290,27
MOL,0,20110111,092816,21635,3
OTP,0,20110111,092820,5290,200
OTP,0,20110111,092822,5291,20
OTP,0,20110111,092822,5290,470
OTP,0,20110111,092825,5290,40
OTP,0,20110111,092827,5291,14
EGIS,0,20110111,092828,20850,21
OTP,0,20110111,092830,5291,36
OTP,0,20110111,092830,5290,264
BUX1112,0,20110111,092831,22831.5,1
OTP,0,20110111,092832,5290,400
OTP,0,20110111,092832,5290,20
RICHTER,0,20110111,092833,43505,1
RICHTER,0,20110111,092833,43505,1
OTP,0,20110111,092839,5290,20
BUX1112,0,20110111,092844,22831.5,1
ANY,0,20110111,092845,750,100
MTELEKOM,0,20110111,092847,550,264
OTP,0,20110111,092851,5290,500
OTP,0,20110111,092853,5290,50
OTP,0,20110111,092855,5290,17
OTP,0,20110111,092855,5290,60
OTP,0,20110111,092859,5292,560
OTP,0,20110111,092905,5290,32
OTP,0,20110111,092905,5290,1000
OTP,0,20110111,092907,5290,74
FHB,0,20110111,092917,970,170
FHB,0,20110111,092917,970,404
MTELEKOM,0,20110111,092918,550,500
OTP,0,20110111,092927,5289,100
OTP,0,20110111,092927,5289,25
OTP,0,20110111,092927,5290,875
OTP,0,20110111,092930,5289,200
OTP,0,20110111,092930,5290,800
OTP,0,20110111,092930,5283,59
OTP,0,20110111,092932,5275,1000
MOL,0,20110111,092935,21620,2
OTP,0,20110111,092937,5275,113
OTP,0,20110111,092953,5275,4
OTP,0,20110111,092956,5275,15
OTP,0,20110111,093001,5275,408
OTP,0,20110111,093002,5280,92
ANY,0,20110111,093004,750,81
MOL,0,20110111,093007,21620,28
MOL,0,20110111,093007,21620,29
MOL,0,20110111,093007,21620,43
FOTEX,0,20110111,093011,387,304
OTP,0,20110111,093015,5280,50
OTP,0,20110111,093022,5283,1000
BUX1112,0,20110111,093036,22820,10
RABA,0,20110111,093049,825,92
BUX1112,0,20110111,093058,22820,1
OTP,0,20110111,093059,5281,200
OTP,0,20110111,093103,5280,50
MOL,0,20110111,093106,21620,7
MOL,0,20110111,093106,21620,5
BUX1112,0,20110111,093107,22820,10
MTELEKOM,0,20110111,093110,550,236
MTELEKOM,0,20110111,093110,550,264
MTELEKOM,0,20110111,093111,550,2
OTP,0,20110111,093141,5280,391
BUX1112,0,20110111,093144,22821,1
OTP,0,20110111,093145,5280,40
OTP,0,20110111,093158,5280,31
RICHTER,0,20110111,093158,43600,32
MOL,0,20110111,093200,21620,12
OTP,0,20110111,093203,5280,38
OTP,0,20110111,093203,5277,800
OTP,0,20110111,093203,5275,460
OTP,0,20110111,093203,5275,172
MTELEKOM,0,20110111,093207,550,200
MOL,0,20110111,093207,21600,4
MOL,0,20110111,093207,21600,10
OTP,0,20110111,093217,5280,480
OTP,0,20110111,093223,5280,20
OTP,0,20110111,093223,5276,600
OTP,0,20110111,093223,5275,380
RICHTER,0,20110111,093248,43510,5
OTP,0,20110111,093250,5280,16
OTP,0,20110111,093254,5280,284
OTP,0,20110111,093304,5280,216
RICHTER,0,20110111,093306,43690,1
OTP,0,20110111,093306,5282,17
MTELEKOM,0,20110111,093308,550,64
RICHTER,0,20110111,093308,43510,5
RICHTER,0,20110111,093308,43510,5
MTELEKOM,0,20110111,093315,550,65
MTELEKOM,0,20110111,093315,550,250
OTP,0,20110111,093316,5280,20
MOL,0,20110111,093316,21640,3
OTP,0,20110111,093318,5280,42
MOL,0,20110111,093319,21600,16
MTELEKOM,0,20110111,093325,548,96
OTP,0,20110111,093326,5280,500
MTELEKOM,0,20110111,093336,551,3050
MTELEKOM,0,20110111,093336,551,3100
MTELEKOM,0,20110111,093336,552,200
MTELEKOM,0,20110111,093336,552,200
MTELEKOM,0,20110111,093336,552,2000
MTELEKOM,0,20110111,093336,553,2000
MTELEKOM,0,20110111,093336,553,400
MTELEKOM,0,20110111,093336,553,1000
MTELEKOM,0,20110111,093336,553,300
MTELEKOM,0,20110111,093336,554,200
MTELEKOM,0,20110111,093336,554,198
BUX1112,0,20110111,093346,22821,1
OTP,0,20110111,093356,5280,222
OTP,0,20110111,093356,5280,800
OTP,0,20110111,093356,5280,1000
OTP,0,20110111,093356,5280,7978
MTELEKOM,0,20110111,093402,553,1000
OTP,0,20110111,093405,5280,500
PANNERGY,0,20110111,093408,896,220
RICHTER,0,20110111,093413,43510,3
MOL,0,20110111,093416,21600,8
MTELEKOM,0,20110111,093419,553,84
OTP,0,20110111,093420,5280,522
OTP,0,20110111,093420,5280,2000
OTP,0,20110111,093424,5280,7478
MOL,0,20110111,093425,21600,8
MTELEKOM,0,20110111,093429,553,1916
MTELEKOM,0,20110111,093429,554,2
MTELEKOM,0,20110111,093429,554,650
MTELEKOM,0,20110111,093429,554,500
MTELEKOM,0,20110111,093429,554,500
MTELEKOM,0,20110111,093429,554,1200
MTELEKOM,0,20110111,093429,554,232
OTP,0,20110111,093432,5280,22
BUX1112,0,20110111,093444,22821,5
FOTEX,0,20110111,093444,387,1
FOTEX,0,20110111,093444,387,400
FOTEX,0,20110111,093444,387,200
FOTEX,0,20110111,093444,387,199
OTP,0,20110111,093450,5280,28
OTP,0,20110111,093450,5280,100
OTP,0,20110111,093450,5280,200
OTP,0,20110111,093450,5280,172
OTP,0,20110111,093451,5280,500
OTP,0,20110111,093452,5280,328
OTP,0,20110111,093452,5280,172
OTP,0,20110111,093454,5280,328
OTP,0,20110111,093455,5280,172
BUX1112,0,20110111,093456,22821,3
BUX1112,0,20110111,093456,22820,9
OTP,0,20110111,093456,5280,500
OTP,0,20110111,093457,5280,500
MTELEKOM,0,20110111,093458,552,500
OTP,0,20110111,093501,5280,828
MOL,0,20110111,093502,21600,54
MOL,0,20110111,093502,21600,100
MOL,0,20110111,093502,21590,16
RICHTER,0,20110111,093503,43600,100
OTP,0,20110111,093506,5280,1672
OTP,0,20110111,093506,5280,328
BUX1112,0,20110111,093512,22815,5
BUX1112,0,20110111,093512,22820,3
BUX1112,0,20110111,093512,22820,12
OTP,0,20110111,093516,5280,392
OTP,0,20110111,093520,5280,20
OTP,0,20110111,093531,5282,3
OTP,0,20110111,093531,5282,12
OTP,0,20110111,093532,5282,18
OTP,0,20110111,093537,5282,70
RICHTER,0,20110111,093538,43510,15
OTP,0,20110111,093538,5282,14
MTELEKOM,0,20110111,093539,552,500
MOL,0,20110111,093542,21620,100
BUX1112,0,20110111,093547,22821,1
MOL,0,20110111,093547,21640,6
MOL,0,20110111,093547,21640,14
MOL,0,20110111,093547,21645,127
MOL,0,20110111,093547,21650,353
MOL,0,20110111,093548,21620,116
OTP,0,20110111,093548,5283,50
OTP,0,20110111,093552,5285,200
OTP,0,20110111,093552,5287,75
OTP,0,20110111,093552,5287,500
OTP,0,20110111,093552,5288,100
OTP,0,20110111,093552,5288,500
OTP,0,20110111,093552,5288,35
OTP,0,20110111,093552,5288,240
OTP,0,20110111,093552,5288,16
OTP,0,20110111,093552,5289,800
OTP,0,20110111,093552,5289,200
OTP,0,20110111,093552,5289,50
OTP,0,20110111,093552,5290,2219
OTP,0,20110111,093552,5290,20
OTP,0,20110111,093552,5290,45
BUX1112,0,20110111,093558,22821,1
BUX1112,0,20110111,093558,22825,2
OTP,0,20110111,093600,5290,701
OTP,0,20110111,093600,5290,20
OTP,0,20110111,093600,5290,30
OTP,0,20110111,093600,5290,600
OTP,0,20110111,093600,5290,15
OTP,0,20110111,093600,5290,15
MOL,0,20110111,093604,21650,20
MOL,0,20110111,093604,21650,20
OTP,0,20110111,093606,5290,24
OTP,0,20110111,093613,5290,1095
OTP,0,20110111,093613,5290,905
OTP,0,20110111,093614,5292,250
OTP,0,20110111,093614,5292,200
OTP,0,20110111,093614,5292,200
OTP,0,20110111,093614,5292,200
OTP,0,20110111,093614,5292,78
BUX1112,0,20110111,093615,22825,1
BUX1112,0,20110111,093616,22830,1
BUX1112,0,20110111,093616,22830,1
BUX1112,0,20110111,093616,22832,2
BUX1112,0,20110111,093616,22832,1
OTP,0,20110111,093618,5290,270
OTP,0,20110111,093620,5293,1000
OTP,0,20110111,093620,5293,231
OTP,0,20110111,093622,5295,100
OTP,0,20110111,093622,5295,75
OTP,0,20110111,093622,5295,25
OTP,0,20110111,093622,5295,600
OTP,0,20110111,093622,5295,16
OTP,0,20110111,093622,5295,13
OTP,0,20110111,093622,5296,60
OTP,0,20110111,093622,5296,50
OTP,0,20110111,093622,5297,1000
OTP,0,20110111,093622,5298,260
OTP,0,20110111,093622,5298,301
OTP,0,20110111,093623,5298,699
OTP,0,20110111,093623,5298,400
OTP,0,20110111,093623,5299,15
OTP,0,20110111,093623,5299,1000
OTP,0,20110111,093623,5299,25
OTP,0,20110111,093623,5299,200
OTP,0,20110111,093623,5299,161
OTP,0,20110111,093623,5299,39
OTP,0,20110111,093623,5300,45
OTP,0,20110111,093623,5300,58
OTP,0,20110111,093623,5300,200
OTP,0,20110111,093623,5300,96
OTP,0,20110111,093623,5300,400
OTP,0,20110111,093623,5300,292
OTP,0,20110111,093623,5300,1370
OTP,0,20110111,093623,5300,8
MOL,0,20110111,093623,21650,130
OTP,0,20110111,093623,5300,662
OTP,0,20110111,093623,5300,910
OTP,0,20110111,093623,5300,15
OTP,0,20110111,093623,5300,10
OTP,0,20110111,093623,5300,20
OTP,0,20110111,093623,5300,20
OTP,0,20110111,093623,5300,35
OTP,0,20110111,093623,5300,10
OTP,0,20110111,093623,5300,800
OTP,0,20110111,093623,5300,18
MOL,0,20110111,093625,21625,50
OTP,0,20110111,093625,5297,40
OTP,0,20110111,093625,5300,2
OTP,0,20110111,093625,5300,100
OTP,0,20110111,093625,5300,300
OTP,0,20110111,093625,5300,30
OTP,0,20110111,093625,5300,2028
OTP,0,20110111,093626,5300,2500
OTP,0,20110111,093626,5300,5472
OTP,0,20110111,093626,5300,120
OTP,0,20110111,093626,5300,200
OTP,0,20110111,093626,5300,100
OTP,0,20110111,093626,5300,190
BUX1112,0,20110111,093628,22832,1
BUX1112,0,20110111,093629,22832,1
OTP,0,20110111,093629,5300,30
OTP,0,20110111,093632,5300,5
OTP,0,20110111,093632,5303,10
OTP,0,20110111,093636,5301,300
BUX1112,0,20110111,093637,22830,3
KEG,0,20110111,093637,139,5000
MOL,0,20110111,093650,21650,1
OTP,0,20110111,093651,5303,10
MOL,0,20110111,093652,21650,50
OTP,0,20110111,093655,5305,140
OTP,0,20110111,093655,5307,25
OTP,0,20110111,093655,5309,36
OTP,0,20110111,093655,5310,49
RICHTER,0,20110111,093703,43510,2
BUX1112,0,20110111,093703,22839,1
HUMET,0,20110111,093703,9,5
BUX1112,0,20110111,093710,22840,10
BUX1112,0,20110111,093710,22845,16
BUX1112,0,20110111,093715,22845,1
BUX1112,0,20110111,093718,22839,1
OTP,0,20110111,093721,5302,50
AAA,0,20110111,093721,246,500
KEG,0,20110111,093723,139,500
MTELEKOM,0,20110111,093729,553,2000
BUX1112,0,20110111,093732,22845,4
MOL,0,20110111,093733,21650,73
OTP,0,20110111,093744,5304,102
OTP,0,20110111,093748,5303,100
RICHTER,0,20110111,093751,43600,100
OTP,0,20110111,093802,5304,80
OTP,0,20110111,093802,5304,20
RICHTER,0,20110111,093806,43690,1
OTP,0,20110111,093806,5305,10
OTP,0,20110111,093806,5305,6
BUX1112,0,20110111,093808,22840,4
RICHTER,0,20110111,093808,43525,10
OTP,0,20110111,093809,5304,20
BUX1112,0,20110111,093811,22840,1
BUX1112,0,20110111,093811,22845,1
OTP,0,20110111,093812,5305,34
MTELEKOM,0,20110111,093813,552,64
MTELEKOM,0,20110111,093815,552,982
MOL,0,20110111,093816,21675,3
MOL,0,20110111,093819,21650,15
OTP,0,20110111,093819,5304,40
OTP,0,20110111,093823,5304,41
MTELEKOM,0,20110111,093825,551,488
MTELEKOM,0,20110111,093827,551,874
RICHTER,0,20110111,093828,43525,1
OTP,0,20110111,093829,5304,3
OTP,0,20110111,093829,5303,50
OTP,0,20110111,093829,5302,100
OTP,0,20110111,093829,5301,25
OTP,0,20110111,093831,5302,47
OTP,0,20110111,093831,5309,16
OTP,0,20110111,093831,5309,74
OTP,0,20110111,093831,5309,199
BUX1112,0,20110111,093832,22844.5,1
BUX1112,0,20110111,093832,22845,4
RICHTER,0,20110111,093838,43520,16
MTELEKOM,0,20110111,093841,551,566
OTP,0,20110111,093848,5309,100
FOTEX,0,20110111,093850,387,144
OTP,0,20110111,093851,5301,391
OTP,0,20110111,093855,5309,50
MOL,0,20110111,093856,21655,8
BUX1112,0,20110111,093901,22830,1
BUX1112,0,20110111,093901,22818,5
BUX1112,0,20110111,093901,22816.5,1
BUX1112,0,20110111,093901,22816,3
BUX1112,0,20110111,093901,22816,11
BUX1112,0,20110111,093901,22815,3
MOL,0,20110111,093915,21650,22
OTP,0,20110111,093917,5302,30
OTP,0,20110111,093918,5302,20
OTP,0,20110111,093918,5301,980
OTP,0,20110111,093922,5301,13
OTP,0,20110111,093931,5301,13
OTP,0,20110111,093937,5305,13
OTP,0,20110111,093946,5302,250
OTP,0,20110111,093946,5301,50
MTELEKOM,0,20110111,093947,553,1000
MTELEKOM,0,20110111,093947,553,1000
MTELEKOM,0,20110111,093947,553,250
MTELEKOM,0,20110111,093947,553,1000
MTELEKOM,0,20110111,093947,553,500
MTELEKOM,0,20110111,093947,553,1250
MTELEKOM,0,20110111,093948,553,169
RICHTER,0,20110111,093953,43525,2
OTP,0,20110111,093954,5301,1001
MTELEKOM,0,20110111,093959,553,581
OTP,0,20110111,094010,5301,50
BUX1112,0,20110111,094011,22843,1
BUX1112,0,20110111,094011,22848.5,1
BUX1112,0,20110111,094011,22849,1
MOL,0,20110111,094012,21655,2
MOL,0,20110111,094012,21655,48
BUX1112,0,20110111,094016,22849,19
BUX1112,0,20110111,094016,22849.5,1
BUX1112,0,20110111,094020,22850,2
BUX1112,0,20110111,094020,22850,2
BUX1112,0,20110111,094020,22850,2
BUX1112,0,20110111,094020,22850,1
BUX1112,0,20110111,094020,22850,1
BUX1112,0,20110111,094020,22859,1
BUX1112,0,20110111,094020,22859,3
BUX1112,0,20110111,094020,22860,2
BUX1112,0,20110111,094020,22870,1
BUX1112,0,20110111,094020,22874.5,2
BUX1112,0,20110111,094020,22875,1
BUX1112,0,20110111,094020,22875,2
BUX1112,0,20110111,094034,22870,5
OTP,0,20110111,094047,5303,5
OTP,0,20110111,094048,5305,16
OTP,0,20110111,094048,5305,45
OTP,0,20110111,094048,5305,100
OTP,0,20110111,094048,5305,39
OTP,0,20110111,094048,5305,15
FHB,0,20110111,094048,970,100
OTP,0,20110111,094054,5307,30
RICHTER,0,20110111,094100,43520,20
BUX1112,0,20110111,094100,22870,7
BUX1112,0,20110111,094100,22870,3
BUX1112,0,20110111,094106,22870,17
RICHTER,0,20110111,094118,43515,3
FHB,0,20110111,094128,970,100
MOL,0,20110111,094140,21650,10
OTP,0,20110111,094144,5305,35
EGIS,0,20110111,094151,20850,39
OTP,0,20110111,094153,5305,465
OTP,0,20110111,094153,5305,35
OTP,0,20110111,094155,5305,200
EGIS,0,20110111,094200,20885,5
EGIS,0,20110111,094200,20885,11
OTP,0,20110111,094204,5303,300
MTELEKOM,0,20110111,094214,553,212
OTP,0,20110111,094214,5303,53
OTP,0,20110111,094214,5301,677
OTP,0,20110111,094214,5301,313
OTP,0,20110111,094214,5301,2000
OTP,0,20110111,094214,5300,1957
OTP,0,20110111,094218,5300,250
OTP,0,20110111,094221,5300,293
OTP,0,20110111,094221,5300,207
BUX1112,0,20110111,094221,22860,5
OTP,0,20110111,094221,5300,40
OTP,0,20110111,094222,5300,400
BUX1112,0,20110111,094224,22860,5
OTP,0,20110111,094226,5300,392
OTP,0,20110111,094226,5300,1000
OTP,0,20110111,094226,5300,961
OTP,0,20110111,094226,5300,100
BUX1112,0,20110111,094228,22861,1
OTP,0,20110111,094228,5292,30
OTP,0,20110111,094235,5300,939
OTP,0,20110111,094235,5300,2000
OTP,0,20110111,094235,5300,100
OTP,0,20110111,094235,5300,100
OTP,0,20110111,094236,5300,725
OTP,0,20110111,094236,5300,100
OTP,0,20110111,094237,5300,996
OTP,0,20110111,094239,5300,2000
BUX1112,0,20110111,094239,22860,4
BUX1112,0,20110111,094239,22873,5
ANY,0,20110111,094240,750,100
RICHTER,0,20110111,094241,43550,20
BUX1112,0,20110111,094241,22874,2
OTP,0,20110111,094243,5300,7004
OTP,0,20110111,094243,5300,3000
RICHTER,0,20110111,094243,43515,3
OTP,0,20110111,094244,5292,30
OTP,0,20110111,094303,5300,100
OTP,0,20110111,094303,5300,200
OTP,0,20110111,094303,5300,100
OTP,0,20110111,094303,5300,2100
OTP,0,20110111,094305,5300,2500
OTP,0,20110111,094307,5300,2500
RICHTER,0,20110111,094308,43530,10
OTP,0,20110111,094308,5300,2500
OTP,0,20110111,094309,5300,50
OTP,0,20110111,094311,5300,17
MTELEKOM,0,20110111,094312,552,103
MTELEKOM,0,20110111,094312,552,1235
OTP,0,20110111,094315,5299,2000
OTP,0,20110111,094315,5300,333
OTP,0,20110111,094315,5300,100
OTP,0,20110111,094316,5300,1000
MOL,0,20110111,094316,21655,2
MTELEKOM,0,20110111,094318,551,64
MTELEKOM,0,20110111,094320,551,8
MTELEKOM,0,20110111,094320,551,880
OTP,0,20110111,094320,5300,30
OTP,0,20110111,094322,5300,37
OTP,0,20110111,094322,5300,638
OTP,0,20110111,094322,5300,862
OTP,0,20110111,094323,5300,50
MTELEKOM,0,20110111,094323,552,662
MTELEKOM,0,20110111,094323,553,288
MTELEKOM,0,20110111,094323,553,1999
MTELEKOM,0,20110111,094323,553,2051
OTP,0,20110111,094323,5293,70
MOL,0,20110111,094324,21650,16
OTP,0,20110111,094325,5300,92
OTP,0,20110111,094325,5300,67
MOL,0,20110111,094326,21675,1
OTP,0,20110111,094328,5300,42
OTP,0,20110111,094337,5300,1000
RICHTER,0,20110111,094342,43550,23
OTP,0,20110111,094346,5300,100
OTP,0,20110111,094348,5300,200
OTP,0,20110111,094351,5300,499
OTP,0,20110111,094351,5300,20
BUX1112,0,20110111,094357,22853,10
OTP,0,20110111,094358,5300,881
OTP,0,20110111,094358,5300,119
EGIS,0,20110111,094400,20890,9
MOL,0,20110111,094405,21650,4
RICHTER,0,20110111,094408,43550,5
ANY,0,20110111,094412,750,74
BUX1112,0,20110111,094428,22853,1
MTELEKOM,0,20110111,094429,553,505
OTP,0,20110111,094429,5295,40
OTP,0,20110111,094429,5293,360
OTP,0,20110111,094439,5300,50
OTP,0,20110111,094441,5300,250
OTP,0,20110111,094441,5300,750
OTP,0,20110111,094442,5300,40
OTP,0,20110111,094448,5300,210
OTP,0,20110111,094448,5300,790
OTP,0,20110111,094451,5300,210
MTELEKOM,0,20110111,094453,553,60
MTELEKOM,0,20110111,094500,552,1500
KEG,0,20110111,094513,139,43
OTP,0,20110111,094522,5296,90
OTP,0,20110111,094527,5296,50
RICHTER,0,20110111,094533,43550,1
BUX1112,0,20110111,094534,22854,3
BUX1112,0,20110111,094534,22853,17
BUX1112,0,20110111,094536,22853,3
BUX1112,0,20110111,094536,22851,1
BUX1112,0,20110111,094536,22851,16
BUX1112,0,20110111,094537,22851,4
BUX1112,0,20110111,094537,22850,1
BUX1112,0,20110111,094537,22850,10
BUX1112,0,20110111,094537,22850,5
OTP,0,20110111,094546,5296,100
PANNERGY,0,20110111,094547,896,15
OTP,0,20110111,094551,5296,1200
OTP,0,20110111,094554,5296,100
OTP,0,20110111,094554,5296,900
OTP,0,20110111,094557,5295,30
OTP,0,20110111,094557,5293,70
KEG,0,20110111,094559,139,200
OTP,0,20110111,094601,5293,391
OTP,0,20110111,094603,5296,201
OTP,0,20110111,094603,5296,138
OTP,0,20110111,094610,5296,5
OTP,0,20110111,094612,5296,150
BUX1112,0,20110111,094616,22852,1
MOL,0,20110111,094617,21655,30
BUX1112,0,20110111,094617,22851,12
BUX1112,0,20110111,094617,22850,5
BUX1112,0,20110111,094617,22850,3
OTP,0,20110111,094626,5296,106
OTP,0,20110111,094626,5293,94
OTP,0,20110111,094629,5293,1015
MOL,0,20110111,094630,21650,6
MOL,0,20110111,094631,21655,120
MTELEKOM,0,20110111,094639,551,120
MTELEKOM,0,20110111,094639,551,180
BUX1112,0,20110111,094650,22865,1
OTP,0,20110111,094712,5286,150
OTP,0,20110111,094712,5286,345
MTELEKOM,0,20110111,094722,551,20
MTELEKOM,0,20110111,094722,550,1000
MTELEKOM,0,20110111,094722,550,1200
MTELEKOM,0,20110111,094722,550,2000
MTELEKOM,0,20110111,094722,550,3000
BUX1112,0,20110111,094740,22870,1
BUX1112,0,20110111,094740,22870,1
OTP,0,20110111,094741,5286,200
MOL,0,20110111,094741,21660,6
MOL,0,20110111,094741,21650,54
MOL,0,20110111,094741,21650,100
MOL,0,20110111,094741,21650,50
MOL,0,20110111,094741,21650,300
ANY,0,20110111,094744,750,26
BUX1112,0,20110111,094746,22870,1
RICHTER,0,20110111,094806,43600,1
RICHTER,0,20110111,094808,43550,11
OTP,0,20110111,094811,5293,200
OTP,0,20110111,094811,5293,19
FHB,0,20110111,094815,969,30
FHB,0,20110111,094815,969,40
FHB,0,20110111,094815,969,50
MOL,0,20110111,094816,21675,3
OTP,0,20110111,094816,5293,17
MTELEKOM,0,20110111,094818,550,64
MTELEKOM,0,20110111,094818,550,1700
MTELEKOM,0,20110111,094820,550,874
MOL,0,20110111,094822,21650,100
MTELEKOM,0,20110111,094822,550,300
RICHTER,0,20110111,094823,43575,2
MOL,0,20110111,094824,21630,15
OTP,0,20110111,094828,5286,41
MOL,0,20110111,094838,21675,7
MOL,0,20110111,094838,21675,3
MOL,0,20110111,094855,21630,85
MOL,0,20110111,094855,21630,29
RICHTER,0,20110111,094914,43575,4
MOL,0,20110111,094921,21630,20
OTP,0,20110111,094923,5286,108
OTP,0,20110111,094923,5285,892
OTP,0,20110111,094936,5285,108
OTP,0,20110111,094939,5285,284
OTP,0,20110111,094939,5293,64
OTP,0,20110111,094939,5293,500
OTP,0,20110111,094939,5295,152
RABA,0,20110111,094941,826,100
RICHTER,0,20110111,094948,43575,1
OTP,0,20110111,094950,5290,70
OTP,0,20110111,095016,5290,38
MOL,0,20110111,095017,21630,51
MOL,0,20110111,095017,21630,41
OTP,0,20110111,095026,5290,500
OTP,0,20110111,095043,5290,385
MOL,0,20110111,095049,21625,28
PHYLAXIA,0,20110111,095055,45,200
RICHTER,0,20110111,095059,43600,99
MTELEKOM,0,20110111,095112,551,1000
RICHTER,0,20110111,095113,43630,7
RICHTER,0,20110111,095120,43575,8
MOL,0,20110111,095120,21625,38
SYNERGON,0,20110111,095127,480,158
SYNERGON,0,20110111,095127,480,42
OTP,0,20110111,095146,5290,7
OTP,0,20110111,095146,5283,108
BUX1112,0,20110111,095209,22866.5,1
OTP,0,20110111,095217,5294,80
OTP,0,20110111,095217,5295,48
OTP,0,20110111,095217,5295,172
MOL,0,20110111,095223,21630,50
MOL,0,20110111,095223,21630,30
AAA,0,20110111,095226,246,100
MTELEKOM,0,20110111,095236,552,250
RICHTER,0,20110111,095238,43580,2
BUX1112,0,20110111,095252,22860,1
RICHTER,0,20110111,095304,43600,20
RICHTER,0,20110111,095306,43600,1
OTP,0,20110111,095311,5283,92
OTP,0,20110111,095311,5283,174
RICHTER,0,20110111,095313,43580,10
OTP,0,20110111,095314,5283,18
OTP,0,20110111,095315,5283,107
OTP,0,20110111,095315,5295,228
OTP,0,20110111,095315,5295,100
MTELEKOM,0,20110111,095318,551,30
MTELEKOM,0,20110111,095318,551,33
MTELEKOM,0,20110111,095320,551,217
OTP,0,20110111,095320,5296,10
MOL,0,20110111,095321,21650,3
MOL,0,20110111,095324,21630,16
OTP,0,20110111,095326,5296,10
OTP,0,20110111,095326,5296,7
MTELEKOM,0,20110111,095327,550,656
OTP,0,20110111,095328,5295,41
MOL,0,20110111,095338,21630,100
MOL,0,20110111,095345,21630,36
MTELEKOM,0,20110111,095349,552,2450
MTELEKOM,0,20110111,095349,552,646
OTP,0,20110111,095351,5295,24
OTP,0,20110111,095357,5296,53
OTP,0,20110111,095357,5299,800
OTP,0,20110111,095357,5299,120
OTP,0,20110111,095357,5299,100
OTP,0,20110111,095357,5300,10
OTP,0,20110111,095357,5300,1000
OTP,0,20110111,095357,5300,50
OTP,0,20110111,095357,5300,100
OTP,0,20110111,095357,5300,200
OTP,0,20110111,095357,5300,200
OTP,0,20110111,095357,5300,200
OTP,0,20110111,095357,5300,200
OTP,0,20110111,095357,5300,15
OTP,0,20110111,095357,5300,700
OTP,0,20110111,095357,5300,1000
OTP,0,20110111,095357,5300,25
OTP,0,20110111,095357,5300,16
OTP,0,20110111,095357,5300,20
OTP,0,20110111,095357,5300,191
RICHTER,0,20110111,095403,43580,5
BUX1112,0,20110111,095404,22860,1
FHB,0,20110111,095405,969,380
FHB,0,20110111,095405,970,295
MOL,0,20110111,095415,21630,268
MOL,0,20110111,095415,21630,82
TVK,0,20110111,095418,3455,29
RABA,0,20110111,095447,827,9
RICHTER,0,20110111,095528,43580,1
OTP,0,20110111,095528,5300,9
OTP,0,20110111,095528,5300,91
BOOK,0,20110111,095535,477,20
BOOK,0,20110111,095535,478,10
OTP,0,20110111,095557,5295,5
MOL,0,20110111,095611,21630,18
MOL,0,20110111,095613,21630,8
MOL,0,20110111,095620,21625,31
OTP,0,20110111,095646,5285,392
MOL,0,20110111,095646,21650,50
EGIS,0,20110111,095709,20890,1
BUX1112,0,20110111,095710,22859,1
BUX1112,0,20110111,095710,22860,1
OTP,0,20110111,095727,5285,138
BUX1112,0,20110111,095734,22862,1
BUX1112,0,20110111,095755,22865,1
OTP,0,20110111,095757,5285,100
KEG,0,20110111,095800,139,757
KEG,0,20110111,095800,139,1243
RICHTER,0,20110111,095811,43600,1
RICHTER,0,20110111,095813,43580,10
OTP,0,20110111,095816,5295,16
MTELEKOM,0,20110111,095818,551,64
RICHTER,0,20110111,095818,43580,2
MTELEKOM,0,20110111,095820,551,186
MTELEKOM,0,20110111,095820,551,90
BUX1112,0,20110111,095820,22868,1
BUX1112,0,20110111,095820,22870,1
MOL,0,20110111,095821,21645,3
MOL,0,20110111,095824,21625,3
MOL,0,20110111,095824,21625,12
KEG,0,20110111,095825,139,500
RICHTER,0,20110111,095826,43600,10
OTP,0,20110111,095828,5285,41
MTELEKOM,0,20110111,095830,550,598
MOL,0,20110111,095835,21625,19
BUX1112,0,20110111,095842,22865,1
BUX1112,0,20110111,095905,22865,1
OTP,0,20110111,095908,5285,300
BUX1112,0,20110111,095913,22865,3
BUX1112,0,20110111,095913,22865,1
OTP,0,20110111,095919,5295,29
OTP,0,20110111,095919,5298,130
OTP,0,20110111,095919,5299,5000
OTP,0,20110111,095919,5300,309
OTP,0,20110111,095919,5300,532
BUX1112,0,20110111,095923,22862,1
EGIS,0,20110111,095923,20900,2
MTELEKOM,0,20110111,095924,551,500
BUX1112,0,20110111,095938,22869.5,1
BUX1112,0,20110111,095938,22870,2
OTP,0,20110111,095939,5285,16
OTP,0,20110111,095942,5285,13
OTP,0,20110111,095942,5285,66
OTP,0,20110111,095942,5282,20
OTP,0,20110111,095942,5281,101
RICHTER,0,20110111,095943,43580,2
MOL,0,20110111,095953,21625,69
FHB,0,20110111,095955,970,300
MOL,0,20110111,095956,21625,4
MTELEKOM,0,20110111,100002,551,75
MTELEKOM,0,20110111,100002,551,1925
OTP,0,20110111,100021,5282,200
OTP,0,20110111,100021,5282,191
OTP,0,20110111,100021,5295,50
BUX1112,0,20110111,100024,22869.5,1
BUX1112,0,20110111,100024,22870,3
MTELEKOM,0,20110111,100037,551,75
MOL,0,20110111,100039,21625,100
KEG,0,20110111,100040,139,902
KEG,0,20110111,100040,140,8
MOL,0,20110111,100042,21625,100
MOL,0,20110111,100052,21625,91
MOL,0,20110111,100052,21625,51
MOL,0,20110111,100052,21625,14
MOL,0,20110111,100100,21625,68
MTELEKOM,0,20110111,100123,551,2000
EGIS,0,20110111,100125,20950,2
ZWACK,0,20110111,100143,12510,20
ZWACK,0,20110111,100143,12505,20
ZWACK,0,20110111,100143,12505,200
ZWACK,0,20110111,100143,12500,60
BUX1112,0,20110111,100152,22865,2
MOL,0,20110111,100204,21625,26
MOL,0,20110111,100204,21620,344
MOL,0,20110111,100204,21620,50
MTELEKOM,0,20110111,100208,551,4300
MOL,0,20110111,100215,21605,50
MOL,0,20110111,100215,21605,16
MTELEKOM,0,20110111,100219,552,207
OTP,0,20110111,100229,5290,300
OTP,0,20110111,100247,5290,100
OTP,0,20110111,100247,5295,250
OTP,0,20110111,100258,5290,309
RICHTER,0,20110111,100313,43580,10
MTELEKOM,0,20110111,100318,550,63
MTELEKOM,0,20110111,100320,550,745
MTELEKOM,0,20110111,100320,550,129
MOL,0,20110111,100321,21640,3
OTP,0,20110111,100321,5294,17
MOL,0,20110111,100324,21605,16
MOL,0,20110111,100325,21605,18
OTP,0,20110111,100328,5282,40
RICHTER,0,20110111,100329,43600,11
MOL,0,20110111,100330,21605,50
MOL,0,20110111,100330,21605,100
MOL,0,20110111,100330,21605,100
MOL,0,20110111,100330,21600,200
MOL,0,20110111,100330,21600,50
EGIS,0,20110111,100343,20995,27
FOTEX,0,20110111,100356,383,200
FOTEX,0,20110111,100356,383,245
FOTEX,0,20110111,100356,382,165
OTP,0,20110111,100356,5282,19
OTP,0,20110111,100356,5282,372
RICHTER,0,20110111,100358,43580,4
BUX1112,0,20110111,100405,22862,2
OTP,0,20110111,100405,5283,400
BUX1112,0,20110111,100416,22862,4
ANY,0,20110111,100420,750,119
OTP,0,20110111,100430,5283,15
MOL,0,20110111,100432,21600,8
MOL,0,20110111,100439,21600,42
MOL,0,20110111,100439,21600,100
MOL,0,20110111,100439,21600,50
MOL,0,20110111,100439,21600,50
OTP,0,20110111,100442,5293,200
OTP,0,20110111,100442,5293,100
OTP,0,20110111,100442,5294,70
OTP,0,20110111,100444,5294,37
MOL,0,20110111,100449,21600,8
MOL,0,20110111,100450,21600,41
MTELEKOM,0,20110111,100459,551,900
MTELEKOM,0,20110111,100501,551,181
MOL,0,20110111,100508,21600,1
MOL,0,20110111,100508,21600,199
MTELEKOM,0,20110111,100510,551,1000
MOL,0,20110111,100512,21600,1
MOL,0,20110111,100518,21600,100
MOL,0,20110111,100522,21600,50
RICHTER,0,20110111,100523,43580,1
BUX1112,0,20110111,100526,22850,10
ZWACK,0,20110111,100536,12300,2587
MOL,0,20110111,100542,21600,49
MOL,0,20110111,100545,21600,1
MOL,0,20110111,100550,21590,10
MOL,0,20110111,100550,21590,100
MOL,0,20110111,100557,21580,76
ANY,0,20110111,100601,745,400
MTELEKOM,0,20110111,100617,551,303
MTELEKOM,0,20110111,100617,551,497
OTP,0,20110111,100620,5290,275
OTP,0,20110111,100636,5285,300
OTP,0,20110111,100636,5285,148
BUX1112,0,20110111,100636,22840,10
RABA,0,20110111,100644,826,100
OTP,0,20110111,100647,5285,252
OTP,0,20110111,100654,5285,142
KEG,0,20110111,100659,139,500
BUX1112,0,20110111,100703,22838,1
MTELEKOM,0,20110111,100709,550,280
BUX1112,0,20110111,100722,22840,10
MTELEKOM,0,20110111,100730,551,3
OTP,0,20110111,100731,5282,392
OTP,0,20110111,100738,5282,236
BUX1112,0,20110111,100753,22850,4
BUX1112,0,20110111,100753,22860,1
BUX1112,0,20110111,100753,22860,1
OTP,0,20110111,100803,5288,302
OTP,0,20110111,100803,5289,200
OTP,0,20110111,100803,5289,358
OTP,0,20110111,100803,5290,123
BUX1112,0,20110111,100806,22860,2
OTP,0,20110111,100809,5281,99
OTP,0,20110111,100809,5281,75
OTP,0,20110111,100809,5280,500
OTP,0,20110111,100809,5280,1
OTP,0,20110111,100809,5280,1000
OTP,0,20110111,100809,5278,2000
OTP,0,20110111,100810,5278,325
BUX1112,0,20110111,100811,22860,2
RICHTER,0,20110111,100813,43580,10
RICHTER,0,20110111,100813,43580,1
MOL,0,20110111,100815,21580,24
MOL,0,20110111,100815,21580,2
MOL,0,20110111,100815,21580,2
RICHTER,0,20110111,100816,43600,1
MTELEKOM,0,20110111,100818,551,63
MOL,0,20110111,100819,21595,200
MTELEKOM,0,20110111,100820,551,184
MTELEKOM,0,20110111,100820,551,689
MOL,0,20110111,100821,21600,3
OTP,0,20110111,100821,5288,16
OTP,0,20110111,100822,5288,784
OTP,0,20110111,100827,5280,70
OTP,0,20110111,100828,5280,41
MOL,0,20110111,100829,21580,15
OTP,0,20110111,100845,5288,11
MTELEKOM,0,20110111,100845,552,3147
MTELEKOM,0,20110111,100845,552,671
OTP,0,20110111,100845,5288,224
OTP,0,20110111,100853,5288,398
MOL,0,20110111,100901,21580,13
MOL,0,20110111,100901,21580,8
PANNERGY,0,20110111,100911,897,100
PANNERGY,0,20110111,100911,896,1315
PANNERGY,0,20110111,100911,895,29
PANNERGY,0,20110111,100911,895,1000
PANNERGY,0,20110111,100911,895,40
RICHTER,0,20110111,100938,43580,2
MTELEKOM,0,20110111,100940,551,100
OTP,0,20110111,100954,5280,236
OTP,0,20110111,100954,5280,150
OTP,0,20110111,100954,5276,8
OTP,0,20110111,100954,5276,100
OTP,0,20110111,100954,5275,6
OTP,0,20110111,100954,5275,6
OTP,0,20110111,100954,5275,94
OTP,0,20110111,101002,5275,100
OTP,0,20110111,101024,5275,225
MOL,0,20110111,101040,21580,11
MOL,0,20110111,101047,21575,21
BUX1112,0,20110111,101057,22840,5
MOL,0,20110111,101100,21570,7
BUX1112,0,20110111,101103,22840,1
OTP,0,20110111,101106,5275,391
MTELEKOM,0,20110111,101124,551,100
GENESIS,0,20110111,101224,220,33
OTP,0,20110111,101226,5276,100
OTP,0,20110111,101229,5275,190
OTP,0,20110111,101229,5272,50
OTP,0,20110111,101229,5272,50
OTP,0,20110111,101229,5272,110
OTP,0,20110111,101229,5272,11
KEG,0,20110111,101229,140,300
MOL,0,20110111,101232,21570,43
MOL,0,20110111,101232,21555,50
MOL,0,20110111,101232,21555,100
MOL,0,20110111,101232,21550,48
MOL,0,20110111,101232,21550,100
MOL,0,20110111,101232,21550,10
MOL,0,20110111,101232,21545,25
MOL,0,20110111,101234,21550,49
MOL,0,20110111,101234,21575,1
BUX1112,0,20110111,101235,22838,9
BUX1112,0,20110111,101238,22848,1
BUX1112,0,20110111,101238,22850,3
BUX1112,0,20110111,101238,22860,1
BUX1112,0,20110111,101238,22860,1
BUX1112,0,20110111,101238,22860,3
BUX1112,0,20110111,101238,22860,1
OTP,0,20110111,101239,5272,800
OTP,0,20110111,101246,5272,79
OTP,0,20110111,101300,5271,876
FHB,0,20110111,101300,968,200
FHB,0,20110111,101300,968,300
MOL,0,20110111,101305,21550,50
MOL,0,20110111,101305,21550,20
OTP,0,20110111,101306,5272,1000
RICHTER,0,20110111,101313,43580,10
OTP,0,20110111,101314,5271,124
OTP,0,20110111,101314,5271,276
RICHTER,0,20110111,101316,43600,1
MTELEKOM,0,20110111,101318,551,64
MTELEKOM,0,20110111,101320,551,687
OTP,0,20110111,101320,5271,800
MTELEKOM,0,20110111,101326,550,187
MOL,0,20110111,101326,21575,3
OTP,0,20110111,101326,5276,17
OTP,0,20110111,101326,5271,521
OTP,0,20110111,101328,5271,500
MOL,0,20110111,101329,21550,16
OTP,0,20110111,101332,5271,2000
OTP,0,20110111,101333,5271,42
MOL,0,20110111,101339,21550,14
MOL,0,20110111,101339,21550,34
MOL,0,20110111,101339,21550,7
MOL,0,20110111,101342,21575,2
MTELEKOM,0,20110111,101345,551,500
OTP,0,20110111,101346,5271,100
MOL,0,20110111,101350,21550,23
MOL,0,20110111,101350,21550,100
MOL,0,20110111,101351,21550,7
MOL,0,20110111,101352,21550,50
RICHTER,0,20110111,101353,43580,2
OTP,0,20110111,101355,5276,63
MOL,0,20110111,101357,21550,20
MOL,0,20110111,101357,21550,44
RICHTER,0,20110111,101358,43600,3
FHB,0,20110111,101409,969,100
MOL,0,20110111,101412,21550,36
MOL,0,20110111,101412,21550,50
MOL,0,20110111,101417,21550,100
MOL,0,20110111,101419,21550,14
OTP,0,20110111,101428,5271,97
OTP,0,20110111,101439,5280,5
OTP,0,20110111,101440,5280,45
OTP,0,20110111,101440,5280,1211
OTP,0,20110111,101440,5280,240
OTP,0,20110111,101441,5271,392
OTP,0,20110111,101445,5275,5
OTP,0,20110111,101447,5275,45
BUX1112,0,20110111,101456,22849,15
BUX1112,0,20110111,101456,22849.5,5
BUX1112,0,20110111,101456,22850,10
BUX1112,0,20110111,101459,22850,20
OTP,0,20110111,101505,5271,291
OTP,0,20110111,101505,5271,131
OTP,0,20110111,101505,5271,354
OTP,0,20110111,101505,5271,20
OTP,0,20110111,101505,5271,141
OTP,0,20110111,101510,5270,40
OTP,0,20110111,101510,5270,100
OTP,0,20110111,101510,5270,15
OTP,0,20110111,101510,5270,845
OTP,0,20110111,101511,5270,155
OTP,0,20110111,101512,5270,1000
OTP,0,20110111,101524,5267,8
OTP,0,20110111,101524,5267,12
MOL,0,20110111,101530,21550,50
MOL,0,20110111,101540,21545,25
MOL,0,20110111,101540,21545,13
MTELEKOM,0,20110111,101546,551,400
BUX1112,0,20110111,101553,22831,2
OTP,0,20110111,101602,5268,100
OTP,0,20110111,101637,5274,500
MOL,0,20110111,101641,21550,50
MOL,0,20110111,101650,21550,100
MOL,0,20110111,101654,21550,50
OTP,0,20110111,101713,5274,500
BUX1112,0,20110111,101718,22830.5,1
RFV,0,20110111,101725,8250,20
BUX1112,0,20110111,101726,22830.5,1
MOL,0,20110111,101730,21550,100
MOL,0,20110111,101731,21550,50
MOL,0,20110111,101744,21550,50
MOL,0,20110111,101744,21550,50
MOL,0,20110111,101745,21545,12
MOL,0,20110111,101745,21545,38
MOL,0,20110111,101745,21550,100
MOL,0,20110111,101755,21545,32
MOL,0,20110111,101802,21540,16
MOL,0,20110111,101802,21540,17
MTELEKOM,0,20110111,101807,551,500
MTELEKOM,0,20110111,101807,551,900
MOL,0,20110111,101807,21540,42
OTP,0,20110111,101809,5274,16
BUX1112,0,20110111,101810,22830.5,1
MOL,0,20110111,101810,21540,43
RICHTER,0,20110111,101813,43580,10
OTP,0,20110111,101816,5272,100
OTP,0,20110111,101816,5272,291
RICHTER,0,20110111,101816,43600,1
MTELEKOM,0,20110111,101818,550,4
MTELEKOM,0,20110111,101818,550,59
RFV,0,20110111,101819,8250,20
MTELEKOM,0,20110111,101820,550,873
OTP,0,20110111,101823,5272,10
OTP,0,20110111,101826,5274,17
MOL,0,20110111,101829,21535,15
MOL,0,20110111,101831,21550,3
OTP,0,20110111,101838,5272,41
BUX1112,0,20110111,101919,22830.5,2
BUX1112,0,20110111,101919,22830,3
OTP,0,20110111,101920,5272,13
OTP,0,20110111,101920,5270,7
OTP,0,20110111,101931,5270,93
OTP,0,20110111,101931,5270,1000
OTP,0,20110111,101931,5270,907
RICHTER,0,20110111,101933,43580,2
BUX1112,0,20110111,101941,22830,1
EGIS,0,20110111,101949,20965,31
OTP,0,20110111,101950,5270,25
BUX1112,0,20110111,102007,22830,14
OTP,0,20110111,102016,5273,15
OTP,0,20110111,102016,5274,85
MOL,0,20110111,102020,21540,24
OTP,0,20110111,102027,5270,50
OTP,0,20110111,102034,5270,10
OTP,0,20110111,102045,5270,8
OTP,0,20110111,102045,5270,60
OTP,0,20110111,102059,5274,382
ZWACK,0,20110111,102119,12500,40
BUX1112,0,20110111,102119,22829,1
OTP,0,20110111,102151,5274,50
OTP,0,20110111,102157,5271,342
OTP,0,20110111,102159,5275,50
OTP,0,20110111,102159,5277,50
OTP,0,20110111,102207,5277,250
OTP,0,20110111,102207,5278,30
OTP,0,20110111,102207,5278,720
PANNERGY,0,20110111,102221,893,16
RICHTER,0,20110111,102222,43595,8
RICHTER,0,20110111,102222,43595,2
BUX1112,0,20110111,102224,22831,2
RFV,0,20110111,102225,8250,38
RFV,0,20110111,102225,8201,25
RFV,0,20110111,102225,8201,40
RFV,0,20110111,102225,8200,200
RFV,0,20110111,102225,8200,190
RFV,0,20110111,102225,8200,7
OTP,0,20110111,102228,5278,50
MOL,0,20110111,102245,21540,4
PANNERGY,0,20110111,102250,893,84
PANNERGY,0,20110111,102250,892,370
PANNERGY,0,20110111,102250,892,800
PANNERGY,0,20110111,102250,891,600
PANNERGY,0,20110111,102250,891,500
PANNERGY,0,20110111,102250,890,500
PANNERGY,0,20110111,102250,890,2225
PANNERGY,0,20110111,102250,890,220
PANNERGY,0,20110111,102250,890,110
RICHTER,0,20110111,102313,43585,10
MTELEKOM,0,20110111,102320,550,874
MTELEKOM,0,20110111,102323,550,65
OTP,0,20110111,102331,5278,17
MOL,0,20110111,102334,21535,16
MOL,0,20110111,102336,21550,3
BUX1112,0,20110111,102338,22830,1
OTP,0,20110111,102343,5272,42
RICHTER,0,20110111,102348,43585,3
RICHTER,0,20110111,102356,43585,5
MOL,0,20110111,102402,21550,94
MOL,0,20110111,102402,21550,6
MTELEKOM,0,20110111,102408,550,129
MTELEKOM,0,20110111,102408,550,71
MOL,0,20110111,102417,21550,33
MOL,0,20110111,102417,21550,67
PHYLAXIA,0,20110111,102426,45,100
MTELEKOM,0,20110111,102446,550,100
MTELEKOM,0,20110111,102447,551,1429
MTELEKOM,0,20110111,102447,551,1000
MTELEKOM,0,20110111,102447,551,250
MTELEKOM,0,20110111,102447,551,1000
MOL,0,20110111,102510,21535,33
RICHTER,0,20110111,102513,43585,1
OTP,0,20110111,102526,5272,58
OTP,0,20110111,102526,5272,333
GENESIS,0,20110111,102530,222,500
PANNERGY,0,20110111,102535,888,50
PANNERGY,0,20110111,102535,888,100
BUX1112,0,20110111,102554,22828.5,1
BUX1112,0,20110111,102554,22828,1
MTELEKOM,0,20110111,102557,551,300
RICHTER,0,20110111,102600,43585,2
RICHTER,0,20110111,102600,43580,9
OTP,0,20110111,102627,5272,100
OTP,0,20110111,102627,5272,167
OTP,0,20110111,102627,5272,129
OTP,0,20110111,102627,5270,940
OTP,0,20110111,102627,5270,100
OTP,0,20110111,102627,5270,64
OTP,0,20110111,102630,5270,209
OTP,0,20110111,102630,5270,1000
RICHTER,0,20110111,102638,43580,1
OTP,0,20110111,102644,5265,20
OTP,0,20110111,102644,5265,80
OTP,0,20110111,102644,5265,100
OTP,0,20110111,102644,5265,69
OTP,0,20110111,102648,5265,151
PANNERGY,0,20110111,102717,888,250
PANNERGY,0,20110111,102717,888,26
PANNERGY,0,20110111,102717,885,1000
PANNERGY,0,20110111,102717,885,274
PANNERGY,0,20110111,102717,885,25
PANNERGY,0,20110111,102717,885,26
MOL,0,20110111,102735,21535,5
MTELEKOM,0,20110111,102752,551,21
MOL,0,20110111,102756,21550,33
MOL,0,20110111,102756,21550,34
MOL,0,20110111,102756,21550,159
RICHTER,0,20110111,102813,43580,11
BUX1112,0,20110111,102816,22830,5
RICHTER,0,20110111,102821,43585,1
MTELEKOM,0,20110111,102823,550,63
MTELEKOM,0,20110111,102825,550,888
OTP,0,20110111,102831,5275,16
MOL,0,20110111,102836,21550,3
MOL,0,20110111,102839,21535,16
OTP,0,20110111,102848,5266,41
OTP,0,20110111,102901,5270,392
PANNERGY,0,20110111,102913,886,300
BUX1112,0,20110111,102915,22827,5
MOL,0,20110111,102917,21535,15
RICHTER,0,20110111,102928,43580,2
MOL,0,20110111,103000,21535,39
BUX1112,0,20110111,103018,22827,5
OTP,0,20110111,103034,5270,236
MOL,0,20110111,103037,21550,97
MOL,0,20110111,103037,21550,3
OTP,0,20110111,103050,5272,20
OTP,0,20110111,103110,5272,117
OTP,0,20110111,103110,5272,88
RICHTER,0,20110111,103150,43580,17
RICHTER,0,20110111,103154,43580,22
BUX1112,0,20110111,103202,22827,5
RICHTER,0,20110111,103218,43580,6
FHB,0,20110111,103219,970,8
MOL,0,20110111,103225,21535,21
MOL,0,20110111,103231,21535,12
MOL,0,20110111,103231,21530,28
OTP,0,20110111,103236,5271,20
RFV,0,20110111,103239,8200,13
OTP,0,20110111,103242,5270,221
OTP,0,20110111,103242,5270,150
OTP,0,20110111,103246,5270,850
OTP,0,20110111,103246,5270,205
OTP,0,20110111,103246,5270,100
MOL,0,20110111,103247,21525,90
OTP,0,20110111,103259,5270,6
BUX1112,0,20110111,103259,22826,1
RABA,0,20110111,103306,827,291
MOL,0,20110111,103309,21530,8
RICHTER,0,20110111,103318,43580,5
MOL,0,20110111,103319,21525,200
RICHTER,0,20110111,103321,43580,1
MTELEKOM,0,20110111,103325,550,874
MTELEKOM,0,20110111,103328,550,65
RICHTER,0,20110111,103328,43575,4
OTP,0,20110111,103331,5274,17
MOL,0,20110111,103336,21530,3
RICHTER,0,20110111,103343,43575,3
MOL,0,20110111,103344,21525,10
RICHTER,0,20110111,103346,43575,8
RICHTER,0,20110111,103346,43575,7
OTP,0,20110111,103349,5274,8
OTP,0,20110111,103349,5275,484
OTP,0,20110111,103349,5275,10
OTP,0,20110111,103349,5275,240
RICHTER,0,20110111,103349,43575,10
MOL,0,20110111,103351,21510,5
MOL,0,20110111,103352,21510,100
OTP,0,20110111,103353,5275,42
BUX1112,0,20110111,103354,22830,10
ZWACK,0,20110111,103356,12500,20
OTP,0,20110111,103356,5275,34
OTP,0,20110111,103403,5275,182
OTP,0,20110111,103403,5275,128
OTP,0,20110111,103412,5278,235
OTP,0,20110111,103412,5280,1000
OTP,0,20110111,103412,5280,20
OTP,0,20110111,103412,5280,396
BUX1112,0,20110111,103428,22826,9
BUX1112,0,20110111,103428,22820,1
BUX1112,0,20110111,103437,22820,1
OTP,0,20110111,103437,5282,2
MOL,0,20110111,103450,21515,72
RABA,0,20110111,103456,828,250
MOL,0,20110111,103504,21530,27
MOL,0,20110111,103504,21530,23
OTP,0,20110111,103506,5285,174
OTP,0,20110111,103506,5285,13
OTP,0,20110111,103506,5285,162
RICHTER,0,20110111,103508,43575,4
OTP,0,20110111,103516,5282,16
OTP,0,20110111,103516,5282,208
OTP,0,20110111,103612,5272,391
RICHTER,0,20110111,103633,43575,1
MTELEKOM,0,20110111,103636,550,200
OTP,0,20110111,103712,5272,50
MOL,0,20110111,103715,21520,15
MOL,0,20110111,103715,21520,3
EGIS,0,20110111,103724,20965,10
EGIS,0,20110111,103724,20965,11
MTELEKOM,0,20110111,103725,550,2000
MOL,0,20110111,103811,21525,16
RICHTER,0,20110111,103823,43575,3
MTELEKOM,0,20110111,103825,550,873
RICHTER,0,20110111,103826,43575,1
MTELEKOM,0,20110111,103828,550,63
RICHTER,0,20110111,103830,43560,6
RICHTER,0,20110111,103832,43560,4
MOL,0,20110111,103836,21550,3
OTP,0,20110111,103836,5280,16
MOL,0,20110111,103844,21520,16
OTP,0,20110111,103859,5275,41
OTP,0,20110111,103905,5280,204
RICHTER,0,20110111,103923,43520,2
MOL,0,20110111,103940,21520,6
RICHTER,0,20110111,103942,43575,8
OTP,0,20110111,103946,5280,392
EGIS,0,20110111,103946,20990,5
EGIS,0,20110111,103946,20990,8
RFV,0,20110111,103949,8200,200
RICHTER,0,20110111,104048,43520,1
OTP,0,20110111,104106,5280,100
OTP,0,20110111,104114,5285,100
PANNERGY,0,20110111,104119,888,300
OTP,0,20110111,104121,5280,160
OTP,0,20110111,104123,5280,2
MTELEKOM,0,20110111,104154,551,2600
MOL,0,20110111,104205,21520,1
MOL,0,20110111,104208,21520,4
MOL,0,20110111,104208,21515,28
MOL,0,20110111,104208,21515,50
MOL,0,20110111,104208,21510,43
MTELEKOM,0,20110111,104219,551,200
OTP,0,20110111,104219,5285,15
MOL,0,20110111,104228,21510,52
MOL,0,20110111,104228,21510,150
MOL,0,20110111,104228,21510,48
MTELEKOM,0,20110111,104228,551,1707
RFV,0,20110111,104238,8200,37
OTP,0,20110111,104247,5280,500
OTP,0,20110111,104249,5280,60
OTP,0,20110111,104312,5281,760
OTP,0,20110111,104312,5281,151
OTP,0,20110111,104312,5281,111
OTP,0,20110111,104321,5280,391
RICHTER,0,20110111,104323,43520,2
MTELEKOM,0,20110111,104325,550,874
RICHTER,0,20110111,104326,43520,1
OTP,0,20110111,104330,5280,12
PANNERGY,0,20110111,104332,888,130
PANNERGY,0,20110111,104332,886,70
MTELEKOM,0,20110111,104334,550,65
RICHTER,0,20110111,104334,43505,8
OTP,0,20110111,104336,5285,17
RICHTER,0,20110111,104338,43505,1
MOL,0,20110111,104341,21545,3
MOL,0,20110111,104344,21515,15
MTELEKOM,0,20110111,104351,550,1000
OTP,0,20110111,104403,5280,42
RFV,0,20110111,104417,8200,63
OTP,0,20110111,104425,5280,100
MOL,0,20110111,104430,21520,59
RICHTER,0,20110111,104500,43505,7
RICHTER,0,20110111,104503,43505,1
OTP,0,20110111,104531,5280,10
MOL,0,20110111,104542,21520,91
RICHTER,0,20110111,104609,43595,184
RICHTER,0,20110111,104611,43500,28
RICHTER,0,20110111,104628,43505,4
OTP,0,20110111,104644,5280,27
OTP,0,20110111,104644,5280,20
OTP,0,20110111,104644,5280,53
OTP,0,20110111,104646,5280,10
MOL,0,20110111,104655,21520,33
MOL,0,20110111,104655,21515,23
OTP,0,20110111,104656,5280,157
OTP,0,20110111,104656,5280,235
MOL,0,20110111,104659,21520,5
MOL,0,20110111,104704,21525,33
MOL,0,20110111,104712,21515,12
MOL,0,20110111,104712,21515,88
KEG,0,20110111,104716,139,4904
KEG,0,20110111,104716,139,96
OTP,0,20110111,104717,5280,436
MOL,0,20110111,104723,21520,100
RICHTER,0,20110111,104753,43510,1
MOL,0,20110111,104808,21540,70
MTELEKOM,0,20110111,104811,550,1000
RFV,0,20110111,104820,8200,187
GENESIS,0,20110111,104822,220,67
GENESIS,0,20110111,104822,219,213
MTELEKOM,0,20110111,104825,550,844
RICHTER,0,20110111,104828,43510,10
MTELEKOM,0,20110111,104833,550,20
MTELEKOM,0,20110111,104833,550,43
OTP,0,20110111,104836,5280,17
PANNERGY,0,20110111,104839,886,91
MOL,0,20110111,104844,21515,12
MOL,0,20110111,104844,21515,4
MOL,0,20110111,104846,21550,3
KEG,0,20110111,104851,139,904
PANNERGY,0,20110111,104901,886,339
PANNERGY,0,20110111,104901,886,110
PANNERGY,0,20110111,104901,886,1000
PANNERGY,0,20110111,104901,885,75
PANNERGY,0,20110111,104901,885,60
PANNERGY,0,20110111,104901,885,100
PANNERGY,0,20110111,104901,885,316
OTP,0,20110111,104903,5273,30
OTP,0,20110111,104903,5273,11
RICHTER,0,20110111,104918,43510,2
MOL,0,20110111,104920,21515,58
OTP,0,20110111,104921,5273,100
DANUBIUS,0,20110111,104922,4450,12
MTELEKOM,0,20110111,104946,550,257
MTELEKOM,0,20110111,104946,550,90
MTELEKOM,0,20110111,104946,550,250
MTELEKOM,0,20110111,104946,550,300
MTELEKOM,0,20110111,104946,550,250
MTELEKOM,0,20110111,104946,550,250
HUMET,0,20110111,104953,9,5000
HUMET,0,20110111,104953,9,11111
GENESIS,0,20110111,104954,219,300
MTELEKOM,0,20110111,105012,551,370
OTP,0,20110111,105031,5273,1
OTP,0,20110111,105034,5273,159
RABA,0,20110111,105034,828,12
RABA,0,20110111,105034,830,488
OTP,0,20110111,105037,5272,231
MTELEKOM,0,20110111,105038,550,140
MTELEKOM,0,20110111,105038,549,375
RFV,0,20110111,105102,8200,200
OTP,0,20110111,105111,5280,100
RICHTER,0,20110111,105121,43510,2
RICHTER,0,20110111,105121,43505,12
MOL,0,20110111,105127,21520,984
MOL,0,20110111,105128,21535,25
MOL,0,20110111,105128,21535,37
MOL,0,20110111,105128,21515,38
MOL,0,20110111,105128,21515,100
MOL,0,20110111,105130,21515,1
MOL,0,20110111,105134,21510,18
RFV,0,20110111,105135,8200,13
MOL,0,20110111,105142,21510,184
MOL,0,20110111,105142,21510,80
MOL,0,20110111,105142,21510,36
MOL,0,20110111,105145,21520,79
BUX1112,0,20110111,105155,22820,1
BUX1112,0,20110111,105156,22820,1
RICHTER,0,20110111,105208,43505,2
KEG,0,20110111,105211,139,470
BUX1112,0,20110111,105217,22820,1
BUX1112,0,20110111,105222,22820,5
PHYLAXIA,0,20110111,105222,44,4283
PHYLAXIA,0,20110111,105222,44,3000
PHYLAXIA,0,20110111,105222,44,3000
PHYLAXIA,0,20110111,105222,44,3217
MOL,0,20110111,105302,21520,20
MTELEKOM,0,20110111,105325,549,30
RICHTER,0,20110111,105326,43550,1
MTELEKOM,0,20110111,105326,549,451
RICHTER,0,20110111,105328,43505,10
RICHTER,0,20110111,105333,43505,2
MTELEKOM,0,20110111,105338,549,64
OTP,0,20110111,105341,5280,16
MOL,0,20110111,105344,21520,1
MOL,0,20110111,105346,21545,3
MOL,0,20110111,105348,21520,7
MOL,0,20110111,105350,21515,7
OTP,0,20110111,105406,5273,80
OTP,0,20110111,105406,5273,109
OTP,0,20110111,105406,5273,203
OTP,0,20110111,105408,5273,41
MOL,0,20110111,105411,21515,17
RICHTER,0,20110111,105426,43505,8
PHYLAXIA,0,20110111,105443,44,2783
PHYLAXIA,0,20110111,105443,44,2000
PHYLAXIA,0,20110111,105443,44,1717
RICHTER,0,20110111,105458,43505,1
BUX1112,0,20110111,105630,22805,1
MOL,0,20110111,105635,21515,3
GENESIS,0,20110111,105711,222,460
PHYLAXIA,0,20110111,105713,44,2000
GENESIS,0,20110111,105718,222,540
PHYLAXIA,0,20110111,105725,44,1283
PHYLAXIA,0,20110111,105725,44,5957
PHYLAXIA,0,20110111,105725,44,5000
PHYLAXIA,0,20110111,105725,44,2390
PHYLAXIA,0,20110111,105728,44,293
MOL,0,20110111,105736,21515,73
MOL,0,20110111,105736,21515,27
OTP,0,20110111,105741,5273,315
OTP,0,20110111,105741,5273,76
PHYLAXIA,0,20110111,105744,44,10000
BUX1112,0,20110111,105743,22813,2
MOL,0,20110111,105801,21515,73
EGIS,0,20110111,105824,20990,12
EGIS,0,20110111,105824,20990,23
MTELEKOM,0,20110111,105830,549,80
MTELEKOM,0,20110111,105830,549,3
RICHTER,0,20110111,105830,43550,1
RICHTER,0,20110111,105830,43550,23
RICHTER,0,20110111,105832,43550,91
RICHTER,0,20110111,105832,43550,1
MTELEKOM,0,20110111,105838,549,47
MTELEKOM,0,20110111,105840,549,17
RICHTER,0,20110111,105841,43505,11
OTP,0,20110111,105841,5280,17
MOL,0,20110111,105846,21545,3
MOL,0,20110111,105849,21510,14
MOL,0,20110111,105849,21510,2
MOL,0,20110111,105859,21510,84
MOL,0,20110111,105859,21510,10
RICHTER,0,20110111,105900,43505,5
MOL,0,20110111,105907,21510,28
RICHTER,0,20110111,105913,43505,20
OTP,0,20110111,105914,5276,1
OTP,0,20110111,105914,5276,41
MOL,0,20110111,105931,21505,300
MOL,0,20110111,105947,21505,6
MOL,0,20110111,105947,21505,20
MOL,0,20110111,105947,21505,66
MOL,0,20110111,105947,21500,10
MOL,0,20110111,105947,21500,200
MOL,0,20110111,105947,21500,50
MOL,0,20110111,105947,21500,25
MOL,0,20110111,105947,21500,20
MOL,0,20110111,105947,21500,94
GSPARK,0,20110111,105951,785,20
GSPARK,0,20110111,105951,781,74
GSPARK,0,20110111,105951,780,70
GSPARK,0,20110111,105951,780,75
GSPARK,0,20110111,105951,777,100
GSPARK,0,20110111,105951,776,100
GSPARK,0,20110111,105951,776,500
GSPARK,0,20110111,110003,776,61
MOL,0,20110111,110005,21500,6
MOL,0,20110111,110007,21480,4
OTP,0,20110111,110016,5276,23
OTP,0,20110111,110016,5276,100
OTP,0,20110111,110016,5276,34
OTP,0,20110111,110016,5272,66
RICHTER,0,20110111,110038,43505,3
RFV,0,20110111,110057,8200,20
OTP,0,20110111,110116,5272,203
OTP,0,20110111,110116,5272,141
OTP,0,20110111,110119,5272,15
OTP,0,20110111,110122,5271,33
MOL,0,20110111,110125,21450,141
MOL,0,20110111,110125,21450,39
MOL,0,20110111,110125,21450,66
MOL,0,20110111,110125,21450,4
MOL,0,20110111,110125,21450,56
HUMET,0,20110111,110126,9,25
MOL,0,20110111,110146,21485,10
RICHTER,0,20110111,110213,43505,8
MTELEKOM,0,20110111,110219,550,160
OTP,0,20110111,110235,5271,467
OTP,0,20110111,110235,5271,62
OTP,0,20110111,110235,5270,94
OTP,0,20110111,110235,5270,100
OTP,0,20110111,110235,5270,1000
OTP,0,20110111,110235,5270,200
RABA,0,20110111,110236,827,350
MOL,0,20110111,110241,21450,44
MOL,0,20110111,110241,21450,3
MOL,0,20110111,110241,21450,100
MOL,0,20110111,110300,21450,27
MOL,0,20110111,110325,21470,200
MOL,0,20110111,110325,21470,23
RICHTER,0,20110111,110328,43505,1
MTELEKOM,0,20110111,110330,548,46
RICHTER,0,20110111,110331,43550,1
RICHTER,0,20110111,110333,43505,2
RICHTER,0,20110111,110341,43500,7
RICHTER,0,20110111,110341,43500,1
MTELEKOM,0,20110111,110343,548,64
OTP,0,20110111,110346,5278,17
MOL,0,20110111,110350,21450,107
MOL,0,20110111,110351,21480,3
MOL,0,20110111,110351,21480,14
MOL,0,20110111,110354,21480,1
MOL,0,20110111,110402,21450,15
RABA,0,20110111,110408,827,5405
RABA,0,20110111,110408,827,200
RABA,0,20110111,110408,827,395
KEG,0,20110111,110410,139,100
OTP,0,20110111,110413,5268,41
BUX1112,0,20110111,110419,22801,2
BUX1112,0,20110111,110425,22800,10
MOL,0,20110111,110448,21490,100
MOL,0,20110111,110448,21490,32
MOL,0,20110111,110449,21450,17
OTP,0,20110111,110451,5268,18
OTP,0,20110111,110451,5268,373
RICHTER,0,20110111,110453,43500,1
BUX1112,0,20110111,110453,22800,1
MOL,0,20110111,110503,21450,13
MOL,0,20110111,110503,21450,2
BUX1112,0,20110111,110504,22800,5
BUX1112,0,20110111,110507,22800,1
MOL,0,20110111,110615,21450,45
OTP,0,20110111,110620,5268,30
BUX1112,0,20110111,110627,22800.5,1
BUX1112,0,20110111,110627,22800,8
BUX1112,0,20110111,110627,22800,1
BUX1112,0,20110111,110627,22800,1
BUX1112,0,20110111,110627,22800,9
OTP,0,20110111,110628,5268,63
OTP,0,20110111,110628,5266,5
OTP,0,20110111,110628,5265,10
OTP,0,20110111,110628,5265,22
BUX1112,0,20110111,110644,22800,1
BUX1112,0,20110111,110652,22780,1
BUX1112,0,20110111,110652,22765.5,1
BUX1112,0,20110111,110652,22765,1
BUX1112,0,20110111,110652,22760,1
BUX1112,0,20110111,110652,22760,13
BUX1112,0,20110111,110652,22760,1
BUX1112,0,20110111,110655,22770,2
OTP,0,20110111,110659,5270,1000
OTP,0,20110111,110703,5270,49
OTP,0,20110111,110721,5270,124
OTP,0,20110111,110721,5270,105
RICHTER,0,20110111,110747,43500,8
RICHTER,0,20110111,110747,43500,3
PANNERGY,0,20110111,110824,886,335
PANNERGY,0,20110111,110824,886,185
PANNERGY,0,20110111,110824,886,95
PANNERGY,0,20110111,110824,886,385
OTP,0,20110111,110826,5265,378
OTP,0,20110111,110826,5265,14
MTELEKOM,0,20110111,110830,548,17
RICHTER,0,20110111,110833,43405,10
MOL,0,20110111,110840,21455,7
OTP,0,20110111,110846,5270,16
MTELEKOM,0,20110111,110848,548,65
MOL,0,20110111,110851,21500,3
MOL,0,20110111,110854,21455,15
MOL,0,20110111,110856,21500,60
MOL,0,20110111,110856,21500,8
RICHTER,0,20110111,110908,43405,3
OTP,0,20110111,110913,5265,40
OTP,0,20110111,110917,5270,755
OTP,0,20110111,110917,5270,1000
RICHTER,0,20110111,110919,43500,19
OTP,0,20110111,110929,5270,245
OTP,0,20110111,110932,5270,1000
OTP,0,20110111,110932,5265,219
MOL,0,20110111,110938,21500,32
OTP,0,20110111,110944,5270,755
OTP,0,20110111,110947,5266,23
MOL,0,20110111,110951,21500,68
MOL,0,20110111,111000,21500,100
MOL,0,20110111,111001,21500,100
OTP,0,20110111,111003,5274,1250
OTP,0,20110111,111003,5274,200
OTP,0,20110111,111003,5275,50
OTP,0,20110111,111003,5275,900
MOL,0,20110111,111006,21500,100
OTP,0,20110111,111007,5273,39
MOL,0,20110111,111011,21500,50
OTP,0,20110111,111013,5273,61
OTP,0,20110111,111013,5275,1600
BUX1112,0,20110111,111017,22803,10
HUMET,0,20110111,111028,9,788
RICHTER,0,20110111,111033,43405,3
OTP,0,20110111,111101,5270,100
OTP,0,20110111,111104,5274,100
MOL,0,20110111,111106,21500,50
MOL,0,20110111,111106,21500,31
OTP,0,20110111,111201,5271,100
OTP,0,20110111,111201,5271,178
OTP,0,20110111,111208,5270,113
BUX1112,0,20110111,111212,22800,2
MOL,0,20110111,111213,21505,147
MOL,0,20110111,111213,21500,53
OTP,0,20110111,111218,5270,887
OTP,0,20110111,111218,5270,1113
OTP,0,20110111,111231,5270,21
OTP,0,20110111,111236,5270,196
OTP,0,20110111,111236,5270,220
OTP,0,20110111,111237,5270,584
RABA,0,20110111,111301,827,100
MOL,0,20110111,111330,21505,43
RICHTER,0,20110111,111331,43600,1
OTP,0,20110111,111332,5270,50
OTP,0,20110111,111332,5270,320
RICHTER,0,20110111,111333,43430,10
MTELEKOM,0,20110111,111335,548,13
OTP,0,20110111,111346,5274,17
MTELEKOM,0,20110111,111348,548,63
EGIS,0,20110111,111350,20915,6
MOL,0,20110111,111351,21540,3
MOL,0,20110111,111354,21505,16
OTP,0,20110111,111406,5274,60
OTP,0,20110111,111413,5270,41
EGIS,0,20110111,111447,20990,7
RICHTER,0,20110111,111448,43430,2
OTP,0,20110111,111500,5270,78
BUX1112,0,20110111,111509,22803,1
OTP,0,20110111,111536,5271,391
OTP,0,20110111,111539,5274,573
OTP,0,20110111,111539,5275,280
OTP,0,20110111,111539,5275,500
OTP,0,20110111,111539,5278,300
OTP,0,20110111,111539,5279,250
OTP,0,20110111,111539,5279,140
OTP,0,20110111,111539,5279,1000
OTP,0,20110111,111539,5280,270
OTP,0,20110111,111539,5280,40
OTP,0,20110111,111539,5280,190
OTP,0,20110111,111539,5280,1000
OTP,0,20110111,111539,5280,1457
MOL,0,20110111,111555,21505,8
OTP,0,20110111,111601,5280,543
OTP,0,20110111,111601,5280,2000
BUX1112,0,20110111,111630,22810,1
OTP,0,20110111,111641,5280,457
OTP,0,20110111,111641,5280,224
OTP,0,20110111,111738,5275,100
OTP,0,20110111,111740,5275,50
OTP,0,20110111,111741,5275,50
OTP,0,20110111,111741,5279,500
OTP,0,20110111,111741,5280,319
OTP,0,20110111,111741,5280,2000
OTP,0,20110111,111742,5283,20
OTP,0,20110111,111742,5283,100
OTP,0,20110111,111742,5283,256
OTP,0,20110111,111750,5280,3000
OTP,0,20110111,111752,5283,378
OTP,0,20110111,111754,5283,750
OTP,0,20110111,111754,5280,1500
MOL,0,20110111,111800,21540,47
MOL,0,20110111,111800,21540,154
MOL,0,20110111,111800,21540,29
MOL,0,20110111,111800,21550,100
MOL,0,20110111,111800,21550,5
MOL,0,20110111,111800,21550,50
MOL,0,20110111,111801,21550,16
OTP,0,20110111,111803,5280,1500
BUX1112,0,20110111,111805,22813,1
BUX1112,0,20110111,111805,22814,4
BUX1112,0,20110111,111808,22814,16
MOL,0,20110111,111810,21550,84
MOL,0,20110111,111810,21550,16
BUX1112,0,20110111,111811,22815,30
MOL,0,20110111,111818,21550,100
OTP,0,20110111,111819,5283,18
MOL,0,20110111,111820,21510,40
MOL,0,20110111,111823,21510,7
MOL,0,20110111,111827,21505,33
MOL,0,20110111,111827,21550,100
MTELEKOM,0,20110111,111828,548,142
MTELEKOM,0,20110111,111828,548,563
RICHTER,0,20110111,111833,43450,10
RICHTER,0,20110111,111836,43500,1
MOL,0,20110111,111836,21500,11
MTELEKOM,0,20110111,111840,548,116
OTP,0,20110111,111846,5283,16
MTELEKOM,0,20110111,111848,548,64
MOL,0,20110111,111856,21550,3
MOL,0,20110111,111859,21500,15
RICHTER,0,20110111,111903,43450,2
OTP,0,20110111,111911,5281,392
OTP,0,20110111,111913,5281,41
OTP,0,20110111,111920,5283,82
OTP,0,20110111,111920,5283,18
PANNERGY,0,20110111,111931,889,10
OTP,0,20110111,111935,5281,317
OTP,0,20110111,111935,5280,683
BUX1112,0,20110111,111936,22829,5
BUX1112,0,20110111,111936,22835,4
BUX1112,0,20110111,111936,22835,1
BUX1112,0,20110111,111936,22838,5
BUX1112,0,20110111,111936,22839,5
BUX1112,0,20110111,111936,22839,2
BUX1112,0,20110111,111936,22840,6
BUX1112,0,20110111,111936,22848,5
BUX1112,0,20110111,111936,22850,1
BUX1112,0,20110111,111940,22850,3
BUX1112,0,20110111,111942,22850,10
OTP,0,20110111,111943,5280,448
BUX1112,0,20110111,111951,22850,3
BUX1112,0,20110111,112002,22825,1
BUX1112,0,20110111,112004,22825,6
RFV,0,20110111,112011,8200,17
OTP,0,20110111,112032,5280,25
MOL,0,20110111,112045,21500,31
OTP,0,20110111,112055,5272,10
MOL,0,20110111,112056,21500,1
KEG,0,20110111,112147,139,100
OTP,0,20110111,112148,5272,40
OTP,0,20110111,112148,5272,316
OTP,0,20110111,112148,5271,409
OTP,0,20110111,112148,5270,11
OTP,0,20110111,112148,5270,1000
OTP,0,20110111,112148,5270,500
OTP,0,20110111,112148,5270,1000
OTP,0,20110111,112148,5270,500
OTP,0,20110111,112200,5270,123
OTP,0,20110111,112202,5270,1000
OTP,0,20110111,112204,5270,601
MTELEKOM,0,20110111,112219,549,175
OTP,0,20110111,112219,5270,1099
OTP,0,20110111,112225,5267,733
OTP,0,20110111,112225,5266,7
OTP,0,20110111,112225,5266,40
OTP,0,20110111,112225,5266,220
OTP,0,20110111,112226,5270,27
OTP,0,20110111,112246,5266,280
OTP,0,20110111,112246,5266,111
OTP,0,20110111,112246,5270,74
OTP,0,20110111,112246,5270,326
OTP,0,20110111,112248,5266,209
OTP,0,20110111,112251,5270,474
OTP,0,20110111,112251,5270,126
MTELEKOM,0,20110111,112254,548,20
MOL,0,20110111,112310,21500,5
RICHTER,0,20110111,112333,43450,11
RICHTER,0,20110111,112336,43500,1
MTELEKOM,0,20110111,112336,548,237
MTELEKOM,0,20110111,112336,548,475
MTELEKOM,0,20110111,112336,548,500
MTELEKOM,0,20110111,112336,548,199
MTELEKOM,0,20110111,112336,547,500
MTELEKOM,0,20110111,112336,547,500
MTELEKOM,0,20110111,112336,547,1000
MTELEKOM,0,20110111,112336,547,589
MTELEKOM,0,20110111,112340,547,411
MTELEKOM,0,20110111,112340,547,245
BUX1112,0,20110111,112341,22815.5,1
BUX1112,0,20110111,112341,22815,7
BUX1112,0,20110111,112341,22814.5,1
BUX1112,0,20110111,112341,22814,10
BUX1112,0,20110111,112341,22810,1
OTP,0,20110111,112346,5270,17
OTP,0,20110111,112347,5266,335
OTP,0,20110111,112347,5265,120
OTP,0,20110111,112347,5263,45
OTP,0,20110111,112347,5263,5
OTP,0,20110111,112347,5263,15
OTP,0,20110111,112347,5263,73
MTELEKOM,0,20110111,112353,547,64
MOL,0,20110111,112356,21550,3
MOL,0,20110111,112359,21500,16
OTP,0,20110111,112402,5263,639
OTP,0,20110111,112402,5263,200
OTP,0,20110111,112402,5263,211
OTP,0,20110111,112413,5262,41
MOL,0,20110111,112436,21545,50
MOL,0,20110111,112436,21545,22
MOL,0,20110111,112436,21545,256
MOL,0,20110111,112436,21550,194
MOL,0,20110111,112436,21550,200
MOL,0,20110111,112436,21550,150
MOL,0,20110111,112437,21550,28
MOL,0,20110111,112440,21550,122
MOL,0,20110111,112441,21550,42
RICHTER,0,20110111,112443,43450,2
BUX1112,0,20110111,112446,22811,1
MTELEKOM,0,20110111,112505,549,1325
MTELEKOM,0,20110111,112505,549,400
MTELEKOM,0,20110111,112505,549,775
OTP,0,20110111,112515,5270,500
OTP,0,20110111,112520,5270,1357
OTP,0,20110111,112520,5270,2500
TVK,0,20110111,112530,3455,18
OTP,0,20110111,112535,5270,143
MOL,0,20110111,112535,21550,162
OTP,0,20110111,112537,5270,30
FHB,0,20110111,112541,968,4000
OTP,0,20110111,112545,5270,400
OTP,0,20110111,112546,5270,2427
OTP,0,20110111,112549,5270,73
OTP,0,20110111,112549,5270,151
MOL,0,20110111,112550,21550,47
OTP,0,20110111,112621,5267,318
OTP,0,20110111,112627,5265,40
FOTEX,0,20110111,112630,381,250
FOTEX,0,20110111,112630,381,270
FOTEX,0,20110111,112630,381,110
FOTEX,0,20110111,112630,380,66
OTP,0,20110111,112633,5265,34
OTP,0,20110111,112638,5269,318
OTP,0,20110111,112638,5270,3682
OTP,0,20110111,112639,5270,707
OTP,0,20110111,112643,5270,379
OTP,0,20110111,112647,5270,1308
OTP,0,20110111,112647,5270,31
OTP,0,20110111,112743,5270,1161
OTP,0,20110111,112743,5270,565
OTP,0,20110111,112755,5270,74
MOL,0,20110111,112800,21550,31
OTP,0,20110111,112808,5270,100
OTP,0,20110111,112808,5270,1000
OTP,0,20110111,112809,5270,640
OTP,0,20110111,112811,5270,160
RICHTER,0,20110111,112830,43500,1
RICHTER,0,20110111,112830,43500,18
RICHTER,0,20110111,112830,43500,10
RICHTER,0,20110111,112830,43500,2
RICHTER,0,20110111,112833,43450,10
EGIS,0,20110111,112849,21000,31
MTELEKOM,0,20110111,112853,548,63
MOL,0,20110111,112859,21550,15
OTP,0,20110111,112913,5270,41
EGIS,0,20110111,112915,21000,1
OTP,0,20110111,112955,5271,20
OTP,0,20110111,112957,5271,4
OTP,0,20110111,113014,5271,35
OTP,0,20110111,113014,5271,26
OTP,0,20110111,113103,5271,15
SYNERGON,0,20110111,113142,488,1
OTP,0,20110111,113158,5280,7
OTP,0,20110111,113158,5280,23
OTP,0,20110111,113159,5280,219
SYNERGON,0,20110111,113219,480,1
OTP,0,20110111,113237,5280,38
OTP,0,20110111,113237,5280,362
EGIS,0,20110111,113247,20900,1
OTP,0,20110111,113252,5280,238
OTP,0,20110111,113322,5280,194
RICHTER,0,20110111,113338,43460,10
RICHTER,0,20110111,113339,43460,2
RICHTER,0,20110111,113340,43460,5
RICHTER,0,20110111,113351,43590,60
RICHTER,0,20110111,113351,43590,5
MTELEKOM,0,20110111,113353,548,37
MTELEKOM,0,20110111,113353,548,27
MTELEKOM,0,20110111,113354,548,7
OTP,0,20110111,113359,5284,100
OTP,0,20110111,113359,5284,77
OTP,0,20110111,113359,5285,6
OTP,0,20110111,113359,5285,100
OTP,0,20110111,113359,5285,10
OTP,0,20110111,113359,5285,247
OTP,0,20110111,113402,5285,30
MOL,0,20110111,113404,21550,16
MOL,0,20110111,113406,21550,3
MOL,0,20110111,113406,21565,26
MOL,0,20110111,113406,21570,26
MOL,0,20110111,113406,21590,88
OTP,0,20110111,113411,5285,343
OTP,0,20110111,113411,5285,157
RICHTER,0,20110111,113412,43460,14
MTELEKOM,0,20110111,113418,549,225
OTP,0,20110111,113418,5280,41
MTELEKOM,0,20110111,113428,550,840
MTELEKOM,0,20110111,113428,550,2000
MTELEKOM,0,20110111,113428,550,1000
MTELEKOM,0,20110111,113428,550,1480
MTELEKOM,0,20110111,113442,550,1520
MTELEKOM,0,20110111,113442,550,1000
MOL,0,20110111,113445,21590,132
MOL,0,20110111,113445,21590,135
MOL,0,20110111,113445,21595,50
MOL,0,20110111,113445,21595,35
MOL,0,20110111,113445,21595,6
MOL,0,20110111,113445,21600,246
MOL,0,20110111,113445,21600,21
MOL,0,20110111,113445,21600,10
MOL,0,20110111,113445,21600,148
MTELEKOM,0,20110111,113445,550,2480
MOL,0,20110111,113453,21590,62
MTELEKOM,0,20110111,113457,549,986
MTELEKOM,0,20110111,113501,549,1009
MOL,0,20110111,113505,21590,73
MOL,0,20110111,113505,21600,27
MOL,0,20110111,113508,21590,100
RICHTER,0,20110111,113517,43460,3
MOL,0,20110111,113552,21555,217
MOL,0,20110111,113556,21555,7
MOL,0,20110111,113559,21550,13
MOL,0,20110111,113613,21590,35
MOL,0,20110111,113613,21590,25
MOL,0,20110111,113613,21600,25
MOL,0,20110111,113613,21600,15
MOL,0,20110111,113613,21600,50
MOL,0,20110111,113618,21590,95
MOL,0,20110111,113618,21600,55
RICHTER,0,20110111,113622,43460,1
RFV,0,20110111,113626,8200,80
RFV,0,20110111,113626,8200,100
RFV,0,20110111,113626,8200,100
RFV,0,20110111,113626,8200,500
RFV,0,20110111,113626,8200,200
RFV,0,20110111,113626,8200,20
MOL,0,20110111,113637,21600,95
MOL,0,20110111,113637,21600,50
EGIS,0,20110111,113643,21000,1
OTP,0,20110111,113645,5286,15
MTELEKOM,0,20110111,113650,550,800
OTP,0,20110111,113652,5285,20
OTP,0,20110111,113654,5285,2
OTP,0,20110111,113658,5283,241
RICHTER,0,20110111,113703,43580,42
PANNERGY,0,20110111,113708,889,20
RICHTER,0,20110111,113727,43480,8
RFV,0,20110111,113738,8200,80
RFV,0,20110111,113738,8200,200
RFV,0,20110111,113738,8200,100
RFV,0,20110111,113738,8200,120
PANNERGY,0,20110111,113746,889,220
MOL,0,20110111,113752,21600,136
MOL,0,20110111,113753,21600,80
MOL,0,20110111,113759,21600,100
RICHTER,0,20110111,113832,43480,2
RICHTER,0,20110111,113838,43480,10
MTELEKOM,0,20110111,113853,549,63
MOL,0,20110111,113909,21600,16
MTELEKOM,0,20110111,113913,550,200
MTELEKOM,0,20110111,113913,550,1000
OTP,0,20110111,113923,5285,42
MTELEKOM,0,20110111,113930,550,800
RICHTER,0,20110111,113937,43480,2
MOL,0,20110111,113952,21600,66
GENESIS,0,20110111,114000,222,2000
MTELEKOM,0,20110111,114002,549,717
OTP,0,20110111,114003,5286,370
OTP,0,20110111,114006,5286,25
MTELEKOM,0,20110111,114012,548,291
PANNERGY,0,20110111,114021,890,1000
PANNERGY,0,20110111,114021,890,400
OTP,0,20110111,114022,5286,139
RABA,0,20110111,114024,827,5
RABA,0,20110111,114024,827,495
MOL,0,20110111,114041,21600,57
BUX1112,0,20110111,114042,22834,1
BUX1112,0,20110111,114102,22837,6
OTP,0,20110111,114143,5287,50
OTP,0,20110111,114143,5287,416
BUX1112,0,20110111,114148,22834,4
MOL,0,20110111,114152,21560,24
OTP,0,20110111,114154,5287,8
OTP,0,20110111,114200,5287,76
MTELEKOM,0,20110111,114224,550,165
OTP,0,20110111,114239,5287,8
OTP,0,20110111,114239,5287,241
EGIS,0,20110111,114257,21000,5
MTELEKOM,0,20110111,114328,550,35
MTELEKOM,0,20110111,114328,550,1465
OTP,0,20110111,114329,5287,251
OTP,0,20110111,114329,5288,1000
OTP,0,20110111,114329,5288,1500
OTP,0,20110111,114329,5288,1000
OTP,0,20110111,114329,5288,200
OTP,0,20110111,114329,5290,1049
OTP,0,20110111,114329,5290,60
OTP,0,20110111,114329,5290,100
OTP,0,20110111,114329,5290,4438
OTP,0,20110111,114329,5290,100
OTP,0,20110111,114329,5290,120
OTP,0,20110111,114329,5290,342
OTP,0,20110111,114330,5285,438
OTP,0,20110111,114331,5285,62
OTP,0,20110111,114331,5285,65
MTELEKOM,0,20110111,114337,550,55
OTP,0,20110111,114337,5285,373
RICHTER,0,20110111,114338,43500,11
OTP,0,20110111,114338,5290,658
OTP,0,20110111,114338,5290,190
OTP,0,20110111,114338,5290,200
OTP,0,20110111,114338,5290,952
BUX1112,0,20110111,114349,22837.5,3
BUX1112,0,20110111,114349,22839,17
MTELEKOM,0,20110111,114350,550,1000
OTP,0,20110111,114352,5286,18
MOL,0,20110111,114352,21560,5
MTELEKOM,0,20110111,114353,550,64
OTP,0,20110111,114353,5286,390
RICHTER,0,20110111,114357,43500,2
MOL,0,20110111,114409,21560,15
OTP,0,20110111,114423,5286,41
BUX1112,0,20110111,114424,22839,3
BUX1112,0,20110111,114424,22839.5,1
BUX1112,0,20110111,114424,22840,11
FREESOFT,0,20110111,114438,2000,100
EGIS,0,20110111,114453,21000,31
MTELEKOM,0,20110111,114508,550,842
RICHTER,0,20110111,114510,43585,40
RICHTER,0,20110111,114510,43585,19
RICHTER,0,20110111,114510,43585,23
RICHTER,0,20110111,114513,43585,18
OTP,0,20110111,114513,5286,173
OTP,0,20110111,114513,5286,482
DANUBIUS,0,20110111,114521,4450,38
OTP,0,20110111,114521,5286,18
OTP,0,20110111,114521,5281,34
MOL,0,20110111,114552,21560,4
RICHTER,0,20110111,114607,43500,21
MOL,0,20110111,114634,21560,52
GENESIS,0,20110111,114702,222,27
RICHTER,0,20110111,114705,43600,50
RICHTER,0,20110111,114705,43600,5
RICHTER,0,20110111,114705,43600,42
RICHTER,0,20110111,114705,43600,100
RICHTER,0,20110111,114705,43600,100
RICHTER,0,20110111,114705,43600,100
RICHTER,0,20110111,114705,43600,78
RICHTER,0,20110111,114706,43500,10
MTELEKOM,0,20110111,114708,550,309
MOL,0,20110111,114714,21550,15
RICHTER,0,20110111,114717,43485,58
OTP,0,20110111,114722,5285,216
OTP,0,20110111,114722,5285,175
MOL,0,20110111,114724,21555,22
MOL,0,20110111,114724,21555,24
MOL,0,20110111,114724,21560,4
RICHTER,0,20110111,114727,43480,33
MOL,0,20110111,114752,21550,24
RICHTER,0,20110111,114811,43480,4
MTELEKOM,0,20110111,114815,551,430
MTELEKOM,0,20110111,114815,551,2000
MTELEKOM,0,20110111,114815,551,5000
MTELEKOM,0,20110111,114815,551,3000
MTELEKOM,0,20110111,114815,551,1000
RICHTER,0,20110111,114817,43475,10
RICHTER,0,20110111,114827,43450,5
RICHTER,0,20110111,114834,43415,5
RICHTER,0,20110111,114838,43415,10
MTELEKOM,0,20110111,114853,550,63
HUMET,0,20110111,114908,9,9980
MOL,0,20110111,114909,21550,16
RICHTER,0,20110111,114922,43450,6
MOL,0,20110111,114924,21550,32
OTP,0,20110111,114928,5288,41
MOL,0,20110111,114952,21525,14
MOL,0,20110111,114953,21525,2
MOL,0,20110111,115011,21530,2
MOL,0,20110111,115011,21530,256
MTELEKOM,0,20110111,115012,550,167
MTELEKOM,0,20110111,115017,550,1009
RICHTER,0,20110111,115027,43450,1
RICHTER,0,20110111,115032,43600,575
RICHTER,0,20110111,115033,43450,53
RICHTER,0,20110111,115044,43425,10
OTP,0,20110111,115052,5288,223
OTP,0,20110111,115052,5288,168
RICHTER,0,20110111,115053,43420,13
OTP,0,20110111,115108,5288,200
MOL,0,20110111,115120,21550,100
MTELEKOM,0,20110111,115128,550,1491
RICHTER,0,20110111,115132,43420,16
MTELEKOM,0,20110111,115134,550,509
MTELEKOM,0,20110111,115149,551,200
MTELEKOM,0,20110111,115149,551,150
MTELEKOM,0,20110111,115149,551,5000
MTELEKOM,0,20110111,115149,551,3000
BUX1112,0,20110111,115152,22823,1
MOL,0,20110111,115152,21535,74
MTELEKOM,0,20110111,115204,551,1000
OTP,0,20110111,115208,5288,641
OTP,0,20110111,115209,5288,359
MOL,0,20110111,115211,21550,23
MOL,0,20110111,115211,21560,19
MTELEKOM,0,20110111,115221,551,650
OTP,0,20110111,115233,5287,50
RICHTER,0,20110111,115237,43420,3
MTELEKOM,0,20110111,115242,551,2350
MTELEKOM,0,20110111,115242,551,150
MTELEKOM,0,20110111,115242,551,5000
MTELEKOM,0,20110111,115247,551,2000
OTP,0,20110111,115249,5287,66
OTP,0,20110111,115249,5287,184
OTP,0,20110111,115250,5287,170
MTELEKOM,0,20110111,115253,551,500
OTP,0,20110111,115256,5287,60
OTP,0,20110111,115311,5287,52
OTP,0,20110111,115334,5283,28
MTELEKOM,0,20110111,115337,551,75
RICHTER,0,20110111,115338,43420,10
RICHTER,0,20110111,115342,43420,3
MOL,0,20110111,115352,21535,14
MTELEKOM,0,20110111,115353,550,63
MTELEKOM,0,20110111,115355,551,4425
MTELEKOM,0,20110111,115355,551,575
MOL,0,20110111,115356,21535,6
MOL,0,20110111,115358,21530,4
MTELEKOM,0,20110111,115402,551,2425
MTELEKOM,0,20110111,115417,551,162
MOL,0,20110111,115421,21530,16
OTP,0,20110111,115422,5283,282
OTP,0,20110111,115424,5283,108
OTP,0,20110111,115428,5280,41
MTELEKOM,0,20110111,115433,551,838
MTELEKOM,0,20110111,115433,551,6362
BUX1112,0,20110111,115434,22821,1
RICHTER,0,20110111,115447,43425,1
MOL,0,20110111,115450,21530,22
MOL,0,20110111,115450,21525,78
ZWACK,0,20110111,115500,12500,14
ZWACK,0,20110111,115500,12500,200
MTELEKOM,0,20110111,115517,550,1009
MOL,0,20110111,115539,21595,11
OTP,0,20110111,115541,5280,918
OTP,0,20110111,115541,5280,200
OTP,0,20110111,115541,5280,436
OTP,0,20110111,115541,5280,90
OTP,0,20110111,115542,5280,175
RABA,0,20110111,115543,830,62
RABA,0,20110111,115543,830,71
MOL,0,20110111,115552,21525,6
MOL,0,20110111,115552,21525,24
MOL,0,20110111,115614,21525,28
MOL,0,20110111,115614,21525,50
DANUBIUS,0,20110111,115616,4450,59
MOL,0,20110111,115635,21520,80
MOL,0,20110111,115651,21515,150
DANUBIUS,0,20110111,115653,4450,65
OTP,0,20110111,115752,5273,30
OTP,0,20110111,115752,5273,130
MOL,0,20110111,115752,21510,68
OTP,0,20110111,115756,5273,14
OTP,0,20110111,115800,5273,217
MOL,0,20110111,115819,21515,5
MOL,0,20110111,115819,21515,141
RICHTER,0,20110111,115838,43430,10
MTELEKOM,0,20110111,115858,550,65
RICHTER,0,20110111,115908,43430,2
MOL,0,20110111,115914,21515,9
MOL,0,20110111,115914,21515,6
OTP,0,20110111,115928,5273,41
PANNERGY,0,20110111,115951,894,70
MOL,0,20110111,115952,21515,46
OTP,0,20110111,120018,5280,181
MTELEKOM,0,20110111,120022,550,1009
MOL,0,20110111,120118,21510,28
MOL,0,20110111,120118,21510,200
EGIS,0,20110111,120120,21000,29
OTP,0,20110111,120122,5274,390
MOL,0,20110111,120136,21505,6
MOL,0,20110111,120152,21465,5
MOL,0,20110111,120157,21460,50
MOL,0,20110111,120159,21455,51
MOL,0,20110111,120249,21460,5
MOL,0,20110111,120315,21460,18
MOL,0,20110111,120315,21460,20
MOL,0,20110111,120327,21465,342
MOL,0,20110111,120328,21450,49
MOL,0,20110111,120337,21435,10
MOL,0,20110111,120337,21435,39
RICHTER,0,20110111,120338,43450,11
MOL,0,20110111,120352,21435,20
MTELEKOM,0,20110111,120358,550,63
MOL,0,20110111,120414,21440,50
MTELEKOM,0,20110111,120416,550,2282
MTELEKOM,0,20110111,120416,550,718
MOL,0,20110111,120419,21435,16
RICHTER,0,20110111,120432,43450,2
OTP,0,20110111,120433,5275,30
OTP,0,20110111,120433,5275,11
PHYLAXIA,0,20110111,120444,45,200
PHYLAXIA,0,20110111,120444,45,2943
PHYLAXIA,0,20110111,120444,45,857
MOL,0,20110111,120452,21450,6
MOL,0,20110111,120452,21450,22
OTP,0,20110111,120452,5275,191
OTP,0,20110111,120459,5274,61
OTP,0,20110111,120459,5274,139
MTELEKOM,0,20110111,120527,550,1009
RABA,0,20110111,120536,827,5
RABA,0,20110111,120536,827,95
MOL,0,20110111,120552,21445,22
OTP,0,20110111,120659,5285,15
BUX1112,0,20110111,120702,22831,1
BUX1112,0,20110111,120702,22835,2
BUX1112,0,20110111,120702,22839.5,2
OTP,0,20110111,120709,5288,14
MOL,0,20110111,120752,21445,4
OTP,0,20110111,120812,5285,140
OTP,0,20110111,120822,5280,390
RICHTER,0,20110111,120838,43450,2
RICHTER,0,20110111,120844,43430,8
RICHTER,0,20110111,120852,43430,2
MTELEKOM,0,20110111,120858,550,64
MOL,0,20110111,120919,21455,15
BUX1112,0,20110111,120928,22839.5,1
OTP,0,20110111,120933,5280,41
OTP,0,20110111,120936,5280,1000
MOL,0,20110111,120952,21455,4
RICHTER,0,20110111,121005,43500,11
MTELEKOM,0,20110111,121032,550,1008
BUX1112,0,20110111,121036,22839.5,2
RICHTER,0,20110111,121102,43500,2
OTP,0,20110111,121152,5275,391
MOL,0,20110111,121152,21455,1
BUX1112,0,20110111,121153,22839.5,1
BUX1112,0,20110111,121153,22840,2
EGIS,0,20110111,121215,20960,12
OTP,0,20110111,121316,5276,5
OTP,0,20110111,121340,5280,100
RICHTER,0,20110111,121343,43500,10
MTELEKOM,0,20110111,121358,550,63
OTP,0,20110111,121359,5280,30
OTP,0,20110111,121415,5280,172
RICHTER,0,20110111,121417,43500,2
MOL,0,20110111,121419,21460,2
MOL,0,20110111,121421,21460,7
MOL,0,20110111,121426,21455,7
OTP,0,20110111,121438,5276,42
OTP,0,20110111,121457,5280,128
MOL,0,20110111,121503,21465,21
MOL,0,20110111,121503,21475,1
MOL,0,20110111,121510,21475,21
OTP,0,20110111,121522,5276,215
MTELEKOM,0,20110111,121537,550,1009
MOL,0,20110111,121552,21455,10
MOL,0,20110111,121648,21460,55
MOL,0,20110111,121648,21455,63
MOL,0,20110111,121648,21450,32
MTELEKOM,0,20110111,121701,551,3638
MTELEKOM,0,20110111,121701,551,10000
MTELEKOM,0,20110111,121701,551,200
MTELEKOM,0,20110111,121701,551,5000
OTP,0,20110111,121724,5279,18
RABA,0,20110111,121742,827,13
RABA,0,20110111,121742,827,87
MOL,0,20110111,121752,21455,20
MOL,0,20110111,121759,21450,12
MTELEKOM,0,20110111,121809,551,5000
MTELEKOM,0,20110111,121809,551,10000
EGIS,0,20110111,121817,21000,17
OTP,0,20110111,121819,5279,13
OTP,0,20110111,121845,5279,19
OTP,0,20110111,121845,5280,472
OTP,0,20110111,121845,5280,10
OTP,0,20110111,121845,5280,360
RICHTER,0,20110111,121848,43500,11
OTP,0,20110111,121852,5280,139
MTELEKOM,0,20110111,121858,550,64
OTP,0,20110111,121859,5276,36
OTP,0,20110111,121902,5276,47
MOL,0,20110111,121919,21450,15
OTP,0,20110111,121924,5276,89
OTP,0,20110111,121938,5276,41
RICHTER,0,20110111,121942,43500,2
MOL,0,20110111,121952,21450,9
BUX1112,0,20110111,121959,22821,1
BUX1112,0,20110111,121959,22820.5,5
BUX1112,0,20110111,121959,22820,2
OTP,0,20110111,122022,5280,1
MTELEKOM,0,20110111,122042,550,1009
RABA,0,20110111,122124,829,5
OTP,0,20110111,122130,5280,43
ANY,0,20110111,122138,745,1
RFV,0,20110111,122143,8210,20
RFV,0,20110111,122143,8200,80
RFV,0,20110111,122143,8200,200
MOL,0,20110111,122152,21455,1
MOL,0,20110111,122158,21450,1
OTP,0,20110111,122222,5276,25
MTELEKOM,0,20110111,122224,551,175
OTP,0,20110111,122229,5275,9
MOL,0,20110111,122236,21450,10
MOL,0,20110111,122236,21450,1
MOL,0,20110111,122236,21450,44
OTP,0,20110111,122237,5275,45
OTP,0,20110111,122311,5280,20
MOL,0,20110111,122325,21475,18
MOL,0,20110111,122325,21475,21
RICHTER,0,20110111,122348,43500,10
MOL,0,20110111,122352,21475,1
MTELEKOM,0,20110111,122358,550,63
MOL,0,20110111,122402,21455,18
RICHTER,0,20110111,122402,43500,2
OTP,0,20110111,122403,5280,536
OTP,0,20110111,122409,5280,438
MOL,0,20110111,122410,21460,100
MOL,0,20110111,122419,21455,3
MOL,0,20110111,122419,21455,13
MOL,0,20110111,122426,21455,26
MOL,0,20110111,122426,21455,40
OTP,0,20110111,122436,5280,30
OTP,0,20110111,122438,5277,20
OTP,0,20110111,122438,5277,21
MTELEKOM,0,20110111,122453,550,4993
MTELEKOM,0,20110111,122453,550,180
MTELEKOM,0,20110111,122453,550,9827
OTP,0,20110111,122501,5280,100
MOL,0,20110111,122515,21500,125
MOL,0,20110111,122515,21500,100
MOL,0,20110111,122529,21500,275
MOL,0,20110111,122538,21460,10
MOL,0,20110111,122546,21460,131
MTELEKOM,0,20110111,122547,550,173
OTP,0,20110111,122552,5277,249
MOL,0,20110111,122552,21455,28
MTELEKOM,0,20110111,122557,549,500
MTELEKOM,0,20110111,122557,549,336
MOL,0,20110111,122615,21495,5
MOL,0,20110111,122615,21495,18
MOL,0,20110111,122615,21500,25
MOL,0,20110111,122615,21500,130
MOL,0,20110111,122615,21500,200
OTP,0,20110111,122617,5280,32
OTP,0,20110111,122617,5280,968
MOL,0,20110111,122619,21500,122
BUX1112,0,20110111,122652,22840,10
MOL,0,20110111,122708,21475,100
MOL,0,20110111,122713,21500,54
MTELEKOM,0,20110111,122735,550,161
DANUBIUS,0,20110111,122750,4450,10
MOL,0,20110111,122752,21505,4
MTELEKOM,0,20110111,122756,550,400
MOL,0,20110111,122759,21500,133
MTELEKOM,0,20110111,122812,549,314
MTELEKOM,0,20110111,122812,549,9686
BUX1112,0,20110111,122821,22840,10
BUX1112,0,20110111,122831,22840,10
BUX1112,0,20110111,122840,22840,7
BUX1112,0,20110111,122840,22840,3
RICHTER,0,20110111,122848,43510,4
RICHTER,0,20110111,122854,43500,6
MTELEKOM,0,20110111,122903,549,64
MOL,0,20110111,122916,21450,10000
MOL,0,20110111,122917,21505,25
MOL,0,20110111,122917,21505,200
MOL,0,20110111,122919,21500,15
OTP,0,20110111,122922,5277,130
MOL,0,20110111,122924,21500,7
RICHTER,0,20110111,122927,43500,2
OTP,0,20110111,122928,5274,120
OTP,0,20110111,122938,5274,40
MOL,0,20110111,122952,21500,49
MOL,0,20110111,123029,21500,200
MOL,0,20110111,123034,21500,42
MTELEKOM,0,20110111,123052,549,250
MTELEKOM,0,20110111,123058,548,759
MOL,0,20110111,123109,21500,200
MOL,0,20110111,123109,21500,20
OTP,0,20110111,123110,5275,132
EGIS,0,20110111,123135,21000,100
EGIS,0,20110111,123150,21000,38
MOL,0,20110111,123152,21500,102
FHB,0,20110111,123156,968,218
OTP,0,20110111,123212,5275,20
EGIS,0,20110111,123233,21000,7
EGIS,0,20110111,123233,21000,2
EGIS,0,20110111,123233,21000,3
EGIS,0,20110111,123233,21000,8
EGIS,0,20110111,123233,21000,21
OTP,0,20110111,123246,5280,1
EGIS,0,20110111,123248,21060,3
OTP,0,20110111,123249,5280,1099
OTP,0,20110111,123249,5280,400
OTP,0,20110111,123250,5280,308
OTP,0,20110111,123252,5280,142
OTP,0,20110111,123256,5280,8051
OTP,0,20110111,123304,5276,50
OTP,0,20110111,123306,5280,1949
OTP,0,20110111,123306,5280,51
OTP,0,20110111,123314,5275,48
OTP,0,20110111,123319,5275,150
OTP,0,20110111,123319,5275,15
OTP,0,20110111,123322,5274,173
OTP,0,20110111,123324,5274,319
FHB,0,20110111,123329,968,200
RICHTER,0,20110111,123348,43500,10
EGIS,0,20110111,123349,21100,6
EGIS,0,20110111,123349,21100,10
