<TICKER>,<PER>,<DTYYYYMMDD>,<TIME>,<CLOSE>,<VOLUME>
AAA,0,20110117,090036,245,100
AAA,0,20110117,090036,245,134
CSEPEL,0,20110117,090036,300,50
DANUBIUS,0,20110117,090036,4150,50
DANUBIUS,0,20110117,090036,4150,10
DANUBIUS,0,20110117,090036,4150,14
DANUBIUS,0,20110117,090036,4150,31
ECONET,0,20110117,090036,89,3000
ECONET,0,20110117,090036,89,600
GENESIS,0,20110117,090036,208,244
GENESIS,0,20110117,090036,208,150
HUMET,0,20110117,090036,10,2000
HUMET,0,20110117,090036,10,1000
HUMET,0,20110117,090036,10,9989
HUMET,0,20110117,090036,10,7111
KEG,0,20110117,090036,137,100
KEG,0,20110117,090036,137,192
KEG,0,20110117,090036,137,99
KEG,0,20110117,090036,137,1
MOL,0,20110117,090036,21750,4
MOL,0,20110117,090036,21750,4
MOL,0,20110117,090036,21750,4
MOL,0,20110117,090036,21750,5
MOL,0,20110117,090036,21750,3
MOL,0,20110117,090036,21750,5
MOL,0,20110117,090036,21750,47
MTELEKOM,0,20110117,090036,540,50
MTELEKOM,0,20110117,090036,540,13
MTELEKOM,0,20110117,090036,540,200
MTELEKOM,0,20110117,090036,540,100
MTELEKOM,0,20110117,090036,540,137
OTP,0,20110117,090036,5350,75
OTP,0,20110117,090036,5350,48
OTP,0,20110117,090036,5350,19
OTP,0,20110117,090036,5350,12
OTP,0,20110117,090036,5350,146
OTP,0,20110117,090036,5350,54
OTP,0,20110117,090036,5350,21
OTP,0,20110117,090036,5350,160
OTP,0,20110117,090036,5350,7
OTP,0,20110117,090036,5350,219
OTP,0,20110117,090036,5350,250
OTP,0,20110117,090036,5350,50
OTP,0,20110117,090036,5350,50
OTP,0,20110117,090036,5350,10
OTP,0,20110117,090036,5350,183
OTP,0,20110117,090036,5350,250
OTP,0,20110117,090036,5350,1714
OTP,0,20110117,090036,5350,226
OTP,0,20110117,090036,5350,48
OTP,0,20110117,090036,5350,200
RICHTER,0,20110117,090036,43010,7
RICHTER,0,20110117,090036,43010,7
RICHTER,0,20110117,090036,43010,7
RICHTER,0,20110117,090036,43010,10
TVK,0,20110117,090036,3400,79
TVK,0,20110117,090036,3400,10
TVK,0,20110117,090036,3400,1
EBGOLD,0,20110117,090036,2837,1000
BUX1112,0,20110117,090044,23080,4
BUX1112,0,20110117,090044,23080,1
BUX1112,0,20110117,090044,23080,8
BUX1112,0,20110117,090044,23080,5
BUX1112,0,20110117,090044,23080,5
BUX1112,0,20110117,090044,23080,1
BUX1112,0,20110117,090044,23080,5
BUX1112,0,20110117,090044,23080,5
BUX1112,0,20110117,090044,23080,2
BUX1112,0,20110117,090044,23080,2
BUX1112,0,20110117,090044,23080,2
BUX1112,0,20110117,090044,23080,2
BUX1112,0,20110117,090044,23080,1
BUX1112,0,20110117,090044,23080,2
BUX1112,0,20110117,090044,23080,1
BUX1112,0,20110117,090044,23080,2
BUX1112,0,20110117,090044,23080,3
BUX1112,0,20110117,090044,23080,20
BUX1112,0,20110117,090044,23080,2
BUX1112,0,20110117,090044,23080,20
BUX1112,0,20110117,090044,23080,7
BUX1112,0,20110117,090044,23080,13
BUX1112,0,20110117,090044,23080,10
BUX1112,0,20110117,090044,23080,20
BUX1112,0,20110117,090044,23080,5
BUX1112,0,20110117,090044,23080,2
OTP,0,20110117,090200,5350,1752
OTP,0,20110117,090200,5350,20
OTP,0,20110117,090200,5350,30
BUX1112,0,20110117,090202,23071,2
BUX1112,0,20110117,090202,23060,20
MOL,0,20110117,090207,21680,6
BUX1112,0,20110117,090207,23050,5
ZWACK,0,20110117,090209,12980,15
OTP,0,20110117,090209,5368,50
RABA,0,20110117,090209,837,150
OTP,0,20110117,090212,5351,1
BUX1112,0,20110117,090212,23050,45
OTP,0,20110117,090212,5351,49
OTP,0,20110117,090212,5350,240
OTP,0,20110117,090216,5350,700
OTP,0,20110117,090218,5350,12
OTP,0,20110117,090219,5350,150
BUX1112,0,20110117,090227,23040,1
BUX1112,0,20110117,090227,23040,1
OTP,0,20110117,090229,5340,101
OTP,0,20110117,090229,5340,169
OTP,0,20110117,090229,5340,131
OTP,0,20110117,090229,5340,19
BUX1112,0,20110117,090231,23037,4
BUX1112,0,20110117,090239,23040,50
OTP,0,20110117,090241,5340,22
OTP,0,20110117,090241,5340,10
PHYLAXIA,0,20110117,090244,45,3000
PHYLAXIA,0,20110117,090244,45,3000
PHYLAXIA,0,20110117,090244,45,4000
BUX1112,0,20110117,090249,23040,10
BUX1112,0,20110117,090250,23040,16
BUX1112,0,20110117,090250,23040,34
MTELEKOM,0,20110117,090250,542,80
MTELEKOM,0,20110117,090250,542,430
OTP,0,20110117,090250,5340,125
OTP,0,20110117,090250,5340,375
OTP,0,20110117,090251,5340,93
BUX1112,0,20110117,090253,23005,10
BUX1112,0,20110117,090254,23005,1
BUX1112,0,20110117,090257,23037,2
BUX1112,0,20110117,090257,23040,3
ELMU,0,20110117,090300,27400,4
RABA,0,20110117,090300,839,3
OTP,0,20110117,090302,5340,350
OTP,0,20110117,090302,5338,436
OTP,0,20110117,090302,5338,64
OTP,0,20110117,090302,5338,471
MOL,0,20110117,090303,21660,6
MOL,0,20110117,090303,21660,10
MOL,0,20110117,090303,21650,10
MOL,0,20110117,090303,21650,24
RICHTER,0,20110117,090303,43010,4
MTELEKOM,0,20110117,090303,540,202
OTP,0,20110117,090306,5338,436
OTP,0,20110117,090306,5340,57
OTP,0,20110117,090306,5340,20
OTP,0,20110117,090307,5340,500
MTELEKOM,0,20110117,090308,540,3
OTP,0,20110117,090308,5340,500
RICHTER,0,20110117,090310,43005,1
OTP,0,20110117,090310,5345,29
OTP,0,20110117,090310,5345,171
OTP,0,20110117,090313,5340,1487
KEG,0,20110117,090314,135,300
KEG,0,20110117,090314,135,800
KEG,0,20110117,090314,135,100
FOTEX,0,20110117,090315,381,94
MTELEKOM,0,20110117,090318,542,470
MTELEKOM,0,20110117,090318,542,40
OTP,0,20110117,090319,5339,50
OTP,0,20110117,090319,5335,35
OTP,0,20110117,090319,5335,46
OTP,0,20110117,090321,5338,200
OTP,0,20110117,090321,5340,500
OTP,0,20110117,090340,5335,13
MTELEKOM,0,20110117,090343,542,510
OTP,0,20110117,090351,5340,85
BUX1112,0,20110117,090355,23005,1
OTP,0,20110117,090358,5340,400
MOL,0,20110117,090403,21680,10
MTELEKOM,0,20110117,090410,542,510
BUX1112,0,20110117,090412,23005,3
BUX1112,0,20110117,090412,23005,12
OTP,0,20110117,090416,5340,15
OTP,0,20110117,090418,5340,13
OTP,0,20110117,090433,5336,50
OTP,0,20110117,090433,5335,43
OTP,0,20110117,090433,5335,300
OTP,0,20110117,090433,5335,15
OTP,0,20110117,090433,5335,15
OTP,0,20110117,090433,5335,77
BUX1112,0,20110117,090436,23020,3
BUX1112,0,20110117,090436,23020,15
BUX1112,0,20110117,090436,23035,2
MTELEKOM,0,20110117,090438,542,510
BUX1112,0,20110117,090451,23012,10
BUX1112,0,20110117,090451,23011,3
BUX1112,0,20110117,090451,23010,17
BUX1112,0,20110117,090458,23010,18
BUX1112,0,20110117,090458,23010,15
BUX1112,0,20110117,090458,23003,4
BUX1112,0,20110117,090458,23000,11
MTELEKOM,0,20110117,090505,542,510
BUX1112,0,20110117,090509,23000,20
OTP,0,20110117,090513,5339,500
OTP,0,20110117,090513,5340,50
BUX1112,0,20110117,090514,23000,19
BUX1112,0,20110117,090514,23000,1
RICHTER,0,20110117,090515,43010,1
BUX1112,0,20110117,090518,23029,1
OTP,0,20110117,090526,5340,220
KEG,0,20110117,090528,135,191
OTP,0,20110117,090532,5338,5
OTP,0,20110117,090532,5336,50
OTP,0,20110117,090532,5336,50
OTP,0,20110117,090532,5335,273
OTP,0,20110117,090532,5335,20
OTP,0,20110117,090532,5335,102
MTELEKOM,0,20110117,090532,542,510
OTP,0,20110117,090538,5339,23
OTP,0,20110117,090538,5335,81
OTP,0,20110117,090549,5334,100
OTP,0,20110117,090549,5331,100
OTP,0,20110117,090549,5331,16
OTP,0,20110117,090549,5331,334
MOL,0,20110117,090552,21745,10
PANNERGY,0,20110117,090557,908,21
MTELEKOM,0,20110117,090559,542,510
OTP,0,20110117,090601,5335,400
OTP,0,20110117,090605,5331,166
OTP,0,20110117,090605,5331,466
OTP,0,20110117,090605,5330,1868
MTELEKOM,0,20110117,090627,542,510
BUX1112,0,20110117,090638,23020,1
OTP,0,20110117,090648,5335,19
KEG,0,20110117,090648,135,499
MTELEKOM,0,20110117,090652,542,510
MTELEKOM,0,20110117,090711,542,813
MTELEKOM,0,20110117,090720,542,510
OTP,0,20110117,090735,5335,31
OTP,0,20110117,090735,5335,200
OTP,0,20110117,090735,5335,100
MTELEKOM,0,20110117,090747,542,510
OTP,0,20110117,090748,5339,170
BUX1112,0,20110117,090749,23010,10
MOL,0,20110117,090800,21705,14
OTP,0,20110117,090800,5335,10
MTELEKOM,0,20110117,090800,541,62
MTELEKOM,0,20110117,090800,541,413
MTELEKOM,0,20110117,090805,541,423
BUX1112,0,20110117,090806,23001,1
BUX1112,0,20110117,090806,23001,5
BUX1112,0,20110117,090806,23001,4
OTP,0,20110117,090807,5332,100
OTP,0,20110117,090817,5331,50
OTP,0,20110117,090817,5331,112
RICHTER,0,20110117,090820,43010,4
OTP,0,20110117,090828,5335,100
OTP,0,20110117,090836,5335,50
MTELEKOM,0,20110117,090839,542,100
OTP,0,20110117,090840,5331,48
OTP,0,20110117,090840,5330,132
OTP,0,20110117,090840,5330,20
OTP,0,20110117,090840,5330,50
OTP,0,20110117,090840,5330,50
BUX1112,0,20110117,090841,23001,1
BUX1112,0,20110117,090841,23001,2
OTP,0,20110117,090842,5335,401
OTP,0,20110117,090845,5335,100
OTP,0,20110117,090845,5330,200
OTP,0,20110117,090845,5330,100
OTP,0,20110117,090845,5330,50
OTP,0,20110117,090845,5330,14
OTP,0,20110117,090845,5330,1000
OTP,0,20110117,090845,5330,200
OTP,0,20110117,090845,5330,100
OTP,0,20110117,090845,5330,10
OTP,0,20110117,090850,5330,20
BUX1112,0,20110117,090851,23001,1
MOL,0,20110117,090855,21780,36
OTP,0,20110117,090856,5330,30
OTP,0,20110117,090901,5330,200
MTELEKOM,0,20110117,090907,542,694
OTP,0,20110117,090917,5330,140
OTP,0,20110117,090917,5335,60
OTP,0,20110117,090919,5330,20
BUX1112,0,20110117,090933,23001,2
BUX1112,0,20110117,090933,23001,2
MTELEKOM,0,20110117,090935,542,510
OTP,0,20110117,090936,5330,50
OTP,0,20110117,090938,5330,30
MOL,0,20110117,090944,21780,14
MOL,0,20110117,090944,21785,10
MOL,0,20110117,090944,21790,201
MOL,0,20110117,090944,21795,50
MOL,0,20110117,090944,21795,225
RICHTER,0,20110117,090945,43020,1
MOL,0,20110117,090945,21795,375
MOL,0,20110117,090945,21800,10
MOL,0,20110117,090945,21800,115
MOL,0,20110117,090945,21800,25
MOL,0,20110117,090945,21800,4
MOL,0,20110117,090945,21800,1
MOL,0,20110117,090947,21800,49
MOL,0,20110117,090947,21800,100
MOL,0,20110117,090947,21800,50
MOL,0,20110117,090947,21800,135
MOL,0,20110117,090949,21800,166
MOL,0,20110117,090949,21745,100
MOL,0,20110117,090949,21745,44
MOL,0,20110117,090949,21705,25
MOL,0,20110117,090949,21700,10
MOL,0,20110117,090950,21700,155
MOL,0,20110117,090950,21800,50
BUX1112,0,20110117,090951,23001,1
MOL,0,20110117,090959,21830,2
MTELEKOM,0,20110117,091001,542,510
BUX1112,0,20110117,091002,23001,2
BUX1112,0,20110117,091002,23001,2
BUX1112,0,20110117,091010,23020,2
MOL,0,20110117,091014,21805,200
MOL,0,20110117,091014,21800,295
MOL,0,20110117,091015,21800,5
OTP,0,20110117,091021,5335,289
OTP,0,20110117,091021,5335,717
OTP,0,20110117,091021,5335,494
OTP,0,20110117,091026,5330,70
OTP,0,20110117,091026,5330,800
MOL,0,20110117,091027,21805,100
OTP,0,20110117,091027,5330,130
OTP,0,20110117,091027,5335,6
MTELEKOM,0,20110117,091028,542,510
OTP,0,20110117,091029,5335,500
PANNERGY,0,20110117,091037,905,107
PANNERGY,0,20110117,091037,905,100
PANNERGY,0,20110117,091037,903,15
PANNERGY,0,20110117,091037,903,100
OTP,0,20110117,091038,5335,364
OTP,0,20110117,091051,5335,31
MOL,0,20110117,091055,21830,10
MTELEKOM,0,20110117,091055,542,15
OTP,0,20110117,091108,5339,307
MOL,0,20110117,091115,21805,90
MTELEKOM,0,20110117,091117,541,200
MTELEKOM,0,20110117,091123,543,1000
OTP,0,20110117,091129,5340,480
OTP,0,20110117,091135,5340,200
MOL,0,20110117,091144,21805,60
MOL,0,20110117,091144,21805,40
MTELEKOM,0,20110117,091149,543,515
OTP,0,20110117,091200,5340,320
OTP,0,20110117,091200,5340,500
OTP,0,20110117,091200,5340,180
MTELEKOM,0,20110117,091216,542,510
OTP,0,20110117,091218,5339,5
OTP,0,20110117,091233,5339,100
MTELEKOM,0,20110117,091243,542,510
MTELEKOM,0,20110117,091245,541,1000
MTELEKOM,0,20110117,091245,541,10
RICHTER,0,20110117,091256,43030,2
OTP,0,20110117,091300,5339,50
OTP,0,20110117,091300,5339,100
OTP,0,20110117,091300,5340,100
OTP,0,20110117,091300,5337,19
OTP,0,20110117,091300,5337,50
MOL,0,20110117,091300,21805,53
MTELEKOM,0,20110117,091301,541,190
MTELEKOM,0,20110117,091301,541,232
BUX1112,0,20110117,091301,23030,1
BUX1112,0,20110117,091301,23034,4
BUX1112,0,20110117,091301,23035,3
OTP,0,20110117,091302,5339,150
MOL,0,20110117,091306,21805,103
BUX1112,0,20110117,091306,23039,1
BUX1112,0,20110117,091306,23044,3
BUX1112,0,20110117,091306,23049,10
BUX1112,0,20110117,091306,23050,18
OTP,0,20110117,091309,5336,54
MTELEKOM,0,20110117,091310,542,278
MOL,0,20110117,091312,21805,21
OTP,0,20110117,091314,5340,10
OTP,0,20110117,091325,5340,110
OTP,0,20110117,091325,5340,1000
MTELEKOM,0,20110117,091337,542,510
OTP,0,20110117,091353,5345,29
MOL,0,20110117,091355,21810,50
BUX1112,0,20110117,091355,23069.5,5
MTELEKOM,0,20110117,091404,542,192
MTELEKOM,0,20110117,091404,542,318
RICHTER,0,20110117,091413,43030,1
MTELEKOM,0,20110117,091431,542,510
OTP,0,20110117,091433,5350,130
OTP,0,20110117,091442,5350,373
MTELEKOM,0,20110117,091458,542,510
OTP,0,20110117,091501,5350,346
BUX1112,0,20110117,091510,23069,3
MTELEKOM,0,20110117,091525,542,510
RICHTER,0,20110117,091530,43030,2
RICHTER,0,20110117,091530,43020,11
RICHTER,0,20110117,091530,43020,35
RICHTER,0,20110117,091530,43015,107
RICHTER,0,20110117,091530,43005,134
RICHTER,0,20110117,091530,43000,120
RICHTER,0,20110117,091530,43000,25
RICHTER,0,20110117,091532,42820,20
MOL,0,20110117,091538,21850,10
RICHTER,0,20110117,091539,42805,50
RICHTER,0,20110117,091539,42805,2
OTP,0,20110117,091543,5350,54
OTP,0,20110117,091543,5350,46
MOL,0,20110117,091543,21805,33
MOL,0,20110117,091543,21805,250
MOL,0,20110117,091545,21805,534
RICHTER,0,20110117,091546,42800,3
RICHTER,0,20110117,091546,42800,3
RICHTER,0,20110117,091546,42790,10
BUX1112,0,20110117,091548,23051,1
MTELEKOM,0,20110117,091553,542,510
MOL,0,20110117,091555,21805,100
RICHTER,0,20110117,091556,42790,3
BUX1112,0,20110117,091606,23051,2
MOL,0,20110117,091607,21800,250
OTP,0,20110117,091609,5350,24
OTP,0,20110117,091609,5350,200
OTP,0,20110117,091609,5350,2776
OTP,0,20110117,091610,5360,390
BUX1112,0,20110117,091612,23050,4
BUX1112,0,20110117,091612,23050,1
MOL,0,20110117,091618,21800,100
MTELEKOM,0,20110117,091620,542,510
OTP,0,20110117,091622,5354,30
OTP,0,20110117,091622,5350,224
OTP,0,20110117,091622,5350,466
OTP,0,20110117,091622,5350,100
MOL,0,20110117,091622,21800,100
OTP,0,20110117,091624,5350,180
OTP,0,20110117,091624,5360,110
OTP,0,20110117,091630,5360,100
MOL,0,20110117,091630,21800,45
MOL,0,20110117,091630,21800,5
RICHTER,0,20110117,091630,42790,24
MOL,0,20110117,091631,21800,495
MOL,0,20110117,091631,21800,500
MOL,0,20110117,091633,21800,5
MOL,0,20110117,091633,21800,44
BUX1112,0,20110117,091633,23050,1
OTP,0,20110117,091635,5360,10
OTP,0,20110117,091635,5360,79
MTELEKOM,0,20110117,091646,542,510
MOL,0,20110117,091648,21800,100
OTP,0,20110117,091651,5351,300
BUX1112,0,20110117,091653,23050,3
MOL,0,20110117,091655,21800,100
MOL,0,20110117,091658,21800,50
BUX1112,0,20110117,091706,23050,1
MOL,0,20110117,091712,21800,80
BUX1112,0,20110117,091712,23050,1
MTELEKOM,0,20110117,091713,542,510
BUX1112,0,20110117,091721,23050,1
OTP,0,20110117,091723,5355,50
BUX1112,0,20110117,091726,23050,1
OTP,0,20110117,091730,5352,570
MTELEKOM,0,20110117,091741,542,170
OTP,0,20110117,091744,5350,2
OTP,0,20110117,091752,5350,18
MOL,0,20110117,091755,21805,37
MOL,0,20110117,091759,21800,121
MOL,0,20110117,091800,21780,5
MOL,0,20110117,091800,21800,103
OTP,0,20110117,091800,5340,272
MTELEKOM,0,20110117,091805,540,430
BUX1112,0,20110117,091827,23050,2
BUX1112,0,20110117,091831,23040,1
BUX1112,0,20110117,091832,23040,3
MOL,0,20110117,091841,21800,100
RICHTER,0,20110117,091845,42790,5
OTP,0,20110117,091847,5340,19
BUX1112,0,20110117,091907,23040,1
OTP,0,20110117,091913,5340,409
OTP,0,20110117,091913,5340,300
OTP,0,20110117,091915,5340,120
BUX1112,0,20110117,091916,23040,3
RICHTER,0,20110117,091917,42900,30
KEG,0,20110117,091922,136,1000
OTP,0,20110117,091934,5340,150
OTP,0,20110117,091937,5340,21
OTP,0,20110117,091941,5341,429
OTP,0,20110117,092003,5340,248
OTP,0,20110117,092017,5340,1
OTP,0,20110117,092028,5340,13
BUX1112,0,20110117,092034,23050,1
BUX1112,0,20110117,092034,23050,10
OTP,0,20110117,092046,5340,200
RICHTER,0,20110117,092100,42900,7
BUX1112,0,20110117,092106,23050,25
FOTEX,0,20110117,092124,380,300
OTP,0,20110117,092137,5340,38
OTP,0,20110117,092137,5340,200
MTELEKOM,0,20110117,092147,541,200
OTP,0,20110117,092149,5340,62
OTP,0,20110117,092149,5340,185
OTP,0,20110117,092159,5339,20
OTP,0,20110117,092206,5340,20
OTP,0,20110117,092207,5340,100
KEG,0,20110117,092222,136,830
OTP,0,20110117,092224,5340,80
OTP,0,20110117,092224,5340,120
OTP,0,20110117,092243,5340,50
MOL,0,20110117,092300,21800,104
OTP,0,20110117,092300,5339,168
OTP,0,20110117,092300,5339,104
MTELEKOM,0,20110117,092303,542,942
MTELEKOM,0,20110117,092303,542,778
MTELEKOM,0,20110117,092303,542,103
BUX1112,0,20110117,092306,23041,1
MTELEKOM,0,20110117,092310,541,430
RICHTER,0,20110117,092311,43000,100
RICHTER,0,20110117,092312,42900,13
MOL,0,20110117,092315,21800,2
RICHTER,0,20110117,092322,42900,8
RICHTER,0,20110117,092322,42900,3
OTP,0,20110117,092330,5340,30
OTP,0,20110117,092330,5340,500
OTP,0,20110117,092330,5345,180
OTP,0,20110117,092330,5347,290
BUX1112,0,20110117,092334,23050,5
BUX1112,0,20110117,092334,23050,25
RICHTER,0,20110117,092349,42900,2
KEG,0,20110117,092402,136,620
OTP,0,20110117,092407,5345,5
OTP,0,20110117,092430,5345,95
OTP,0,20110117,092430,5346,5
BUX1112,0,20110117,092440,23042.5,2
MTELEKOM,0,20110117,092445,541,2000
OTP,0,20110117,092447,5341,25
OTP,0,20110117,092447,5340,7
OTP,0,20110117,092447,5340,1393
OTP,0,20110117,092447,5340,48
OTP,0,20110117,092503,5336,7
OTP,0,20110117,092503,5336,78
OTP,0,20110117,092503,5336,59
OTP,0,20110117,092503,5336,50
OTP,0,20110117,092503,5336,306
OTP,0,20110117,092503,5336,157
OTP,0,20110117,092503,5335,19
OTP,0,20110117,092503,5335,324
OTP,0,20110117,092503,5335,20
OTP,0,20110117,092505,5335,156
OTP,0,20110117,092505,5335,50
OTP,0,20110117,092505,5335,50
OTP,0,20110117,092505,5334,20
OTP,0,20110117,092505,5332,100
OTP,0,20110117,092505,5330,60
OTP,0,20110117,092505,5330,64
OTP,0,20110117,092505,5330,500
OTP,0,20110117,092511,5330,936
OTP,0,20110117,092511,5330,200
OTP,0,20110117,092511,5330,10
OTP,0,20110117,092511,5330,1000
OTP,0,20110117,092511,5330,20
OTP,0,20110117,092511,5330,1000
OTP,0,20110117,092511,5330,8
OTP,0,20110117,092511,5330,63
OTP,0,20110117,092511,5330,200
OTP,0,20110117,092511,5330,20
OTP,0,20110117,092511,5330,40
KEG,0,20110117,092517,136,380
BUX1112,0,20110117,092520,23042.5,2
BUX1112,0,20110117,092520,23042,7
BUX1112,0,20110117,092520,23040,2
HUMET,0,20110117,092530,10,3000
RICHTER,0,20110117,092530,42900,3
OTP,0,20110117,092531,5330,50
BUX1112,0,20110117,092538,23050,10
BUX1112,0,20110117,092538,23050,25
BUX1112,0,20110117,092541,23035,30
OTP,0,20110117,092544,5330,100
OTP,0,20110117,092548,5328,100
OTP,0,20110117,092548,5327,45
OTP,0,20110117,092548,5326,4
OTP,0,20110117,092548,5322,100
OTP,0,20110117,092548,5322,100
OTP,0,20110117,092548,5322,65
OTP,0,20110117,092548,5321,193
OTP,0,20110117,092548,5321,750
OTP,0,20110117,092548,5321,50
OTP,0,20110117,092548,5320,500
OTP,0,20110117,092548,5320,200
OTP,0,20110117,092548,5320,300
OTP,0,20110117,092548,5320,97
OTP,0,20110117,092548,5320,200
OTP,0,20110117,092548,5320,100
OTP,0,20110117,092548,5317,160
ANY,0,20110117,092552,763,53
OTP,0,20110117,092604,5330,20
BUX1112,0,20110117,092612,23020,10
EGIS,0,20110117,092613,20900,26
OTP,0,20110117,092623,5323,146
BUX1112,0,20110117,092636,23020,10
OTP,0,20110117,092639,5323,18
OTP,0,20110117,092640,5323,500
OTP,0,20110117,092641,5320,895
OTP,0,20110117,092646,5320,58
CSEPEL,0,20110117,092649,299,12
OTP,0,20110117,092652,5320,47
OTP,0,20110117,092652,5320,33
MTELEKOM,0,20110117,092656,542,2000
OTP,0,20110117,092658,5320,67
OTP,0,20110117,092709,5319,100
OTP,0,20110117,092709,5318,50
OTP,0,20110117,092709,5317,100
OTP,0,20110117,092714,5317,50
OTP,0,20110117,092719,5317,290
OTP,0,20110117,092719,5317,290
OTP,0,20110117,092719,5315,100
OTP,0,20110117,092719,5315,16
OTP,0,20110117,092719,5315,15
OTP,0,20110117,092719,5313,789
OTP,0,20110117,092719,5320,20
OTP,0,20110117,092720,5313,211
OTP,0,20110117,092720,5312,1289
OTP,0,20110117,092722,5312,1500
OTP,0,20110117,092722,5312,1500
OTP,0,20110117,092724,5312,511
OTP,0,20110117,092724,5311,500
OTP,0,20110117,092724,5311,100
OTP,0,20110117,092724,5310,25
OTP,0,20110117,092724,5310,12
OTP,0,20110117,092724,5310,45
OTP,0,20110117,092724,5310,20
OTP,0,20110117,092724,5310,10
OTP,0,20110117,092724,5310,20
OTP,0,20110117,092724,5310,257
OTP,0,20110117,092726,5312,467
OTP,0,20110117,092726,5310,1033
OTP,0,20110117,092730,5310,100
OTP,0,20110117,092731,5310,360
OTP,0,20110117,092731,5310,40
BUX1112,0,20110117,092741,23003,2
BUX1112,0,20110117,092741,23000.5,2
BUX1112,0,20110117,092741,23000,50
BUX1112,0,20110117,092741,23000,16
BUX1112,0,20110117,092741,23000,1
OTP,0,20110117,092744,5314,1500
OTP,0,20110117,092744,5315,900
OTP,0,20110117,092744,5315,75
HUMET,0,20110117,092745,10,100
RICHTER,0,20110117,092745,42900,1
BUX1112,0,20110117,092759,23000,2
OTP,0,20110117,092800,5315,25
OTP,0,20110117,092800,5315,45
MOL,0,20110117,092800,21800,103
OTP,0,20110117,092802,5315,30
OTP,0,20110117,092807,5311,50
OTP,0,20110117,092807,5311,12
OTP,0,20110117,092807,5311,110
MTELEKOM,0,20110117,092815,541,429
OTP,0,20110117,092818,5316,50
OTP,0,20110117,092818,5311,240
OTP,0,20110117,092818,5311,600
OTP,0,20110117,092818,5311,50
OTP,0,20110117,092818,5310,60
OTP,0,20110117,092818,5310,100
OTP,0,20110117,092818,5310,2000
OTP,0,20110117,092818,5310,500
OTP,0,20110117,092818,5310,20
OTP,0,20110117,092818,5310,1000
OTP,0,20110117,092818,5310,1380
BUX1112,0,20110117,092824,23000,2
OTP,0,20110117,092835,5314,50
OTP,0,20110117,092835,5311,48
OTP,0,20110117,092835,5310,102
OTP,0,20110117,092841,5311,100
OTP,0,20110117,092841,5310,18
OTP,0,20110117,092841,5310,20
OTP,0,20110117,092841,5310,62
OTP,0,20110117,092845,5310,20
OTP,0,20110117,092846,5310,18
OTP,0,20110117,092846,5310,1482
OTP,0,20110117,092858,5315,1500
OTP,0,20110117,092905,5317,500
OTP,0,20110117,092905,5319,1000
OTP,0,20110117,092906,5319,500
OTP,0,20110117,092906,5320,413
OTP,0,20110117,092906,5320,587
OTP,0,20110117,092906,5320,413
OTP,0,20110117,092917,5320,500
BUX1112,0,20110117,092918,22990,10
MOL,0,20110117,092936,21810,229
OTP,0,20110117,092942,5323,400
MOL,0,20110117,092953,21810,21
OTP,0,20110117,092955,5323,20
OTP,0,20110117,092957,5323,100
MTELEKOM,0,20110117,093017,542,195
OTP,0,20110117,093021,5323,200
OTP,0,20110117,093021,5323,16
MOL,0,20110117,093038,21815,50
MTELEKOM,0,20110117,093039,542,5
OTP,0,20110117,093041,5320,587
OTP,0,20110117,093041,5320,468
OTP,0,20110117,093041,5320,100
OTP,0,20110117,093041,5320,137
OTP,0,20110117,093041,5320,1000
OTP,0,20110117,093041,5320,708
OTP,0,20110117,093044,5320,20
MOL,0,20110117,093054,21845,50
MOL,0,20110117,093054,21850,20
MOL,0,20110117,093054,21850,50
OTP,0,20110117,093102,5321,1500
OTP,0,20110117,093102,5320,500
OTP,0,20110117,093102,5320,1272
OTP,0,20110117,093105,5320,728
OTP,0,20110117,093106,5321,772
OTP,0,20110117,093106,5320,728
OTP,0,20110117,093116,5323,5
OTP,0,20110117,093122,5323,20
OTP,0,20110117,093134,5325,2000
OTP,0,20110117,093136,5322,2419
OTP,0,20110117,093146,5325,200
OTP,0,20110117,093209,5324,15
OTP,0,20110117,093211,5324,1485
OTP,0,20110117,093211,5325,3315
OTP,0,20110117,093234,5325,930
BUX1112,0,20110117,093237,23020,1
BUX1112,0,20110117,093237,23020,5
FOTEX,0,20110117,093243,383,250
FOTEX,0,20110117,093243,384,50
OTP,0,20110117,093252,5325,50
OTP,0,20110117,093253,5325,500
BUX1112,0,20110117,093301,23046.5,4
BUX1112,0,20110117,093301,23049,16
OTP,0,20110117,093305,5324,277
MOL,0,20110117,093306,21815,65
BUX1112,0,20110117,093307,23020,1
BUX1112,0,20110117,093307,23049,4
BUX1112,0,20110117,093307,23049,15
MOL,0,20110117,093310,21815,40
OTP,0,20110117,093312,5324,81
MTELEKOM,0,20110117,093315,541,423
MOL,0,20110117,093344,21820,50
OTP,0,20110117,093428,5325,5
OTP,0,20110117,093428,5329,195
OTP,0,20110117,093439,5329,400
EBGOLD,0,20110117,093442,2835,15
OTP,0,20110117,093449,5329,100
OTP,0,20110117,093511,5329,200
OTP,0,20110117,093517,5329,20
ZWACK,0,20110117,093524,12960,10
ZWACK,0,20110117,093524,12965,5
ZWACK,0,20110117,093524,12970,30
BUX1112,0,20110117,093550,23040,1
MOL,0,20110117,093617,21850,100
OTP,0,20110117,093619,5329,250
BUX1112,0,20110117,093621,23044,3
BUX1112,0,20110117,093621,23045,7
BUX1112,0,20110117,093621,23049,2
MOL,0,20110117,093632,21880,9
MOL,0,20110117,093632,21880,3
MOL,0,20110117,093632,21885,18
DANUBIUS,0,20110117,093642,4270,1
OTP,0,20110117,093645,5329,200
OTP,0,20110117,093704,5329,135
OTP,0,20110117,093704,5329,265
OTP,0,20110117,093728,5329,50
OTP,0,20110117,093747,5329,685
OTP,0,20110117,093747,5330,1000
OTP,0,20110117,093747,5330,200
OTP,0,20110117,093747,5330,115
OTP,0,20110117,093747,5330,173
MOL,0,20110117,093805,21850,103
OTP,0,20110117,093805,5327,26
OTP,0,20110117,093805,5327,247
OTP,0,20110117,093810,5330,456
MOL,0,20110117,093814,21880,50
MOL,0,20110117,093814,21885,32
MOL,0,20110117,093814,21885,18
MTELEKOM,0,20110117,093820,541,430
MOL,0,20110117,093841,21885,32
MOL,0,20110117,093841,21890,100
MOL,0,20110117,093841,21900,65
MOL,0,20110117,093841,21900,250
MOL,0,20110117,093841,21900,50
MOL,0,20110117,093841,21900,3
ANY,0,20110117,093846,763,77
OTP,0,20110117,093904,5330,150
BUX1112,0,20110117,093911,23049,1
OTP,0,20110117,093927,5330,106
OTP,0,20110117,093928,5330,94
ECONET,0,20110117,093930,89,400
ECONET,0,20110117,093930,89,600
BUX1112,0,20110117,093933,23049,1
OTP,0,20110117,093942,5330,906
OTP,0,20110117,093943,5330,94
SYNERGON,0,20110117,094007,493,100
BUX1112,0,20110117,094015,23049,1
BUX1112,0,20110117,094015,23049,10
BUX1112,0,20110117,094015,23049,9
OTP,0,20110117,094017,5325,28
OTP,0,20110117,094017,5325,36
OTP,0,20110117,094017,5324,142
OTP,0,20110117,094017,5323,100
OTP,0,20110117,094017,5320,50
OTP,0,20110117,094017,5320,144
ECONET,0,20110117,094021,89,400
ECONET,0,20110117,094021,90,1100
BUX1112,0,20110117,094024,23049,1
BUX1112,0,20110117,094024,23050,19
BUX1112,0,20110117,094029,23050,6
BUX1112,0,20110117,094029,23050,10
BUX1112,0,20110117,094029,23050,2
OTP,0,20110117,094042,5320,56
OTP,0,20110117,094042,5320,10
OTP,0,20110117,094042,5320,500
OTP,0,20110117,094042,5320,35
OTP,0,20110117,094042,5320,1000
FOTEX,0,20110117,094100,380,100
PANNERGY,0,20110117,094105,904,200
OTP,0,20110117,094113,5325,500
OTP,0,20110117,094113,5321,100
OTP,0,20110117,094113,5318,200
OTP,0,20110117,094113,5317,12
OTP,0,20110117,094113,5317,20
OTP,0,20110117,094113,5317,387
MTELEKOM,0,20110117,094129,541,300
KEG,0,20110117,094137,136,119
KEG,0,20110117,094137,136,150
KEG,0,20110117,094137,137,11
MTELEKOM,0,20110117,094138,542,1182
OTP,0,20110117,094142,5325,50
MOL,0,20110117,094207,21850,50
BUX1112,0,20110117,094219,23031,3
BUX1112,0,20110117,094219,23030,1
BUX1112,0,20110117,094219,23020,1
MOL,0,20110117,094232,21850,47
OTP,0,20110117,094244,5325,50
BUX1112,0,20110117,094248,23055,1
BUX1112,0,20110117,094248,23056,7
OTP,0,20110117,094305,5325,272
MOL,0,20110117,094310,21825,55
CSEPEL,0,20110117,094313,299,138
CSEPEL,0,20110117,094313,300,250
CSEPEL,0,20110117,094313,307,400
CSEPEL,0,20110117,094313,314,152
MOL,0,20110117,094317,21820,50
OTP,0,20110117,094318,5329,25
MTELEKOM,0,20110117,094319,543,610
MTELEKOM,0,20110117,094320,542,318
MTELEKOM,0,20110117,094320,542,105
RICHTER,0,20110117,094330,43000,16
MTELEKOM,0,20110117,094334,543,390
MTELEKOM,0,20110117,094334,543,40
CSEPEL,0,20110117,094354,314,222
OTP,0,20110117,094419,5325,18
PANNERGY,0,20110117,094427,907,100
CSEPEL,0,20110117,094434,315,40
CSEPEL,0,20110117,094434,324,260
BUX1112,0,20110117,094449,23030,2
OTP,0,20110117,094450,5329,50
PANNERGY,0,20110117,094543,905,200
RICHTER,0,20110117,094545,43000,3
OTP,0,20110117,094631,5326,50
OTP,0,20110117,094631,5325,50
OTP,0,20110117,094631,5321,50
OTP,0,20110117,094631,5321,40
OTP,0,20110117,094631,5320,810
MOL,0,20110117,094650,21850,50
OTP,0,20110117,094652,5320,500
OTP,0,20110117,094705,5328,25
MOL,0,20110117,094706,21865,10
RFV,0,20110117,094739,8450,200
RICHTER,0,20110117,094800,43000,1
MOL,0,20110117,094810,21850,103
OTP,0,20110117,094810,5321,15
OTP,0,20110117,094817,5320,190
OTP,0,20110117,094817,5320,72
MTELEKOM,0,20110117,094820,542,422
OTP,0,20110117,094829,5328,50
DANUBIUS,0,20110117,094855,4160,50
PANNERGY,0,20110117,094859,907,244
OTP,0,20110117,094916,5328,425
OTP,0,20110117,094916,5329,15
OTP,0,20110117,094916,5329,460
OTP,0,20110117,094942,5329,40
OTP,0,20110117,094942,5330,406
OTP,0,20110117,094942,5330,35
MOL,0,20110117,094947,21865,40
MOL,0,20110117,094947,21870,80
BUX1112,0,20110117,094959,23022,8
BUX1112,0,20110117,095002,23020,2
OTP,0,20110117,095018,5337,20
OTP,0,20110117,095026,5337,5
OTP,0,20110117,095026,5338,1000
OTP,0,20110117,095026,5339,14
MOL,0,20110117,095026,21895,50
MOL,0,20110117,095026,21900,38
MOL,0,20110117,095026,21900,40
MOL,0,20110117,095026,21900,50
MOL,0,20110117,095026,21900,22
MOL,0,20110117,095033,21900,175
MOL,0,20110117,095033,21900,10
MOL,0,20110117,095033,21900,10
MOL,0,20110117,095033,21900,20
EGIS,0,20110117,095039,20950,10
BUX1112,0,20110117,095045,23040,5
OTP,0,20110117,095049,5339,100
MOL,0,20110117,095115,21900,85
OTP,0,20110117,095121,5335,20
OTP,0,20110117,095138,5335,30
OTP,0,20110117,095138,5331,195
MOL,0,20110117,095138,21900,15
MOL,0,20110117,095138,21900,50
CSEPEL,0,20110117,095207,323,200
MOL,0,20110117,095207,21900,24
ORC,0,20110117,095216,1995,5
ORC,0,20110117,095216,1990,110
ORC,0,20110117,095216,1985,100
ORC,0,20110117,095216,1980,10
ORC,0,20110117,095216,1980,25
ORC,0,20110117,095216,1980,162
ORC,0,20110117,095216,1975,88
MTELEKOM,0,20110117,095240,542,400
MOL,0,20110117,095315,21900,105
OTP,0,20110117,095315,5332,276
MTELEKOM,0,20110117,095320,542,423
MOL,0,20110117,095324,21900,156
MOL,0,20110117,095324,21900,194
MOL,0,20110117,095358,21900,6
MOL,0,20110117,095358,21900,350
MOL,0,20110117,095359,21900,94
GENESIS,0,20110117,095410,208,106
OTP,0,20110117,095410,5338,15
OTP,0,20110117,095410,5338,44
MOL,0,20110117,095416,21925,1
MOL,0,20110117,095418,21900,106
MOL,0,20110117,095418,21900,194
MTELEKOM,0,20110117,095424,542,32
MOL,0,20110117,095433,21935,50
MOL,0,20110117,095433,21940,9
MOL,0,20110117,095433,21900,150
OTP,0,20110117,095435,5338,6
OTP,0,20110117,095435,5339,386
OTP,0,20110117,095435,5339,1000
OTP,0,20110117,095435,5340,527
OTP,0,20110117,095435,5340,81
OTP,0,20110117,095438,5340,19
OTP,0,20110117,095438,5340,881
MOL,0,20110117,095457,21900,6
MOL,0,20110117,095457,21900,74
MOL,0,20110117,095503,21935,40
OTP,0,20110117,095534,5340,119
OTP,0,20110117,095534,5340,1881
CSEPEL,0,20110117,095539,324,70
CSEPEL,0,20110117,095539,325,400
CSEPEL,0,20110117,095539,330,230
CSEPEL,0,20110117,095539,330,200
CSEPEL,0,20110117,095539,333,136
CSEPEL,0,20110117,095539,335,100
CSEPEL,0,20110117,095539,336,100
CSEPEL,0,20110117,095539,338,1000
CSEPEL,0,20110117,095539,338,91
MOL,0,20110117,095544,21900,30
SYNERGON,0,20110117,095550,494,10
OTP,0,20110117,095650,5340,119
OTP,0,20110117,095658,5340,1000
EBGOLD,0,20110117,095721,2843,140
AAA,0,20110117,095734,245,96
OTP,0,20110117,095735,5340,1000
ECONET,0,20110117,095748,88,288
MTELEKOM,0,20110117,095809,542,3618
OTP,0,20110117,095820,5334,277
MOL,0,20110117,095820,21900,96
MOL,0,20110117,095820,21900,8
MTELEKOM,0,20110117,095820,541,423
ZWACK,0,20110117,095828,12945,30
ZWACK,0,20110117,095828,12945,10
MOL,0,20110117,095910,21900,50
MOL,0,20110117,095915,21900,100
OTP,0,20110117,095918,5339,500
OTP,0,20110117,095918,5340,1000
MOL,0,20110117,095923,21900,150
MOL,0,20110117,095950,21900,42
MOL,0,20110117,095950,21900,8
MOL,0,20110117,095954,21900,100
BUX1112,0,20110117,100020,23024,1
KEG,0,20110117,100103,136,150
KEG,0,20110117,100103,136,470
BUX1112,0,20110117,100103,23013,3
BUX1112,0,20110117,100103,23012,5
BUX1112,0,20110117,100103,23011,1
BUX1112,0,20110117,100103,23006,4
BUX1112,0,20110117,100106,23000,15
MOL,0,20110117,100120,21900,50
EGIS,0,20110117,100123,20990,4
EGIS,0,20110117,100123,21000,1
RICHTER,0,20110117,100159,43000,7
BUX1112,0,20110117,100206,23000.5,3
MOL,0,20110117,100229,21930,3
MOL,0,20110117,100229,21930,20
MOL,0,20110117,100229,21935,7
RICHTER,0,20110117,100244,43000,4
OTP,0,20110117,100246,5341,40
MOL,0,20110117,100307,21935,10
MOL,0,20110117,100320,21900,42
MOL,0,20110117,100320,21900,61
OTP,0,20110117,100325,5335,50
MTELEKOM,0,20110117,100325,541,430
OTP,0,20110117,100332,5334,223
OTP,0,20110117,100342,5332,4
RICHTER,0,20110117,100345,43000,2
OTP,0,20110117,100354,5343,50
CSEPEL,0,20110117,100359,350,200
EGIS,0,20110117,100423,21000,13
CSEPEL,0,20110117,100429,350,100
CSEPEL,0,20110117,100429,353,96
EGIS,0,20110117,100437,21000,6
RICHTER,0,20110117,100443,43000,8
RICHTER,0,20110117,100443,43000,6
MTELEKOM,0,20110117,100513,542,250
BUX1112,0,20110117,100528,23010,5
BUX1112,0,20110117,100539,23010,3
MTELEKOM,0,20110117,100558,542,400
OTP,0,20110117,100559,5343,10
OTP,0,20110117,100559,5343,25
RICHTER,0,20110117,100600,43000,3
MOL,0,20110117,100612,21900,30
CSEPEL,0,20110117,100617,360,500
OTP,0,20110117,100627,5343,5
OTP,0,20110117,100629,5343,45
OTP,0,20110117,100629,5344,355
OTP,0,20110117,100648,5344,5
MTELEKOM,0,20110117,100731,542,400
PANNERGY,0,20110117,100752,907,356
PANNERGY,0,20110117,100752,907,144
RICHTER,0,20110117,100815,43000,1
OTP,0,20110117,100825,5340,100
MOL,0,20110117,100825,21900,105
MTELEKOM,0,20110117,100825,541,84
MTELEKOM,0,20110117,100825,541,338
OTP,0,20110117,100832,5335,50
MOL,0,20110117,100834,21900,37
OTP,0,20110117,100842,5332,122
CSEPEL,0,20110117,100854,360,222
MOL,0,20110117,100909,21900,100
PANNERGY,0,20110117,101005,907,220
MTELEKOM,0,20110117,101046,542,332
MTELEKOM,0,20110117,101046,543,168
OTP,0,20110117,101105,5344,120
OTP,0,20110117,101105,5345,500
OTP,0,20110117,101128,5345,380
DANUBIUS,0,20110117,101138,4155,25
DANUBIUS,0,20110117,101138,4155,1
DANUBIUS,0,20110117,101138,4155,25
DANUBIUS,0,20110117,101138,4150,29
CSEPEL,0,20110117,101201,360,300
CSEPEL,0,20110117,101245,360,1
OTP,0,20110117,101306,5340,50
OTP,0,20110117,101309,5345,20
OTP,0,20110117,101309,5346,500
CSEPEL,0,20110117,101324,360,47
MOL,0,20110117,101325,21905,103
OTP,0,20110117,101325,5346,273
MTELEKOM,0,20110117,101325,541,423
OTP,0,20110117,101328,5346,107
OTP,0,20110117,101342,5340,100
CSEPEL,0,20110117,101358,358,300
BUX1112,0,20110117,101402,23005,1
BUX1112,0,20110117,101402,23002.5,5
BUX1112,0,20110117,101402,23002,2
BUX1112,0,20110117,101402,23002,2
OTP,0,20110117,101419,5346,100
PANNERGY,0,20110117,101443,905,100
MOL,0,20110117,101458,21905,50
CSEPEL,0,20110117,101503,339,300
BUX1112,0,20110117,101505,23003,5
BUX1112,0,20110117,101505,23002,8
BUX1112,0,20110117,101505,23002,4
MOL,0,20110117,101514,21905,33
OTP,0,20110117,101520,5346,293
OTP,0,20110117,101520,5347,100
OTP,0,20110117,101520,5349,107
OTP,0,20110117,101542,5345,400
OTP,0,20110117,101558,5349,1130
GENESIS,0,20110117,101630,208,194
GENESIS,0,20110117,101630,208,56
RICHTER,0,20110117,101641,43000,8
CSEPEL,0,20110117,101644,348,100
CSEPEL,0,20110117,101653,340,250
ECONET,0,20110117,101700,89,100
ECONET,0,20110117,101700,90,400
MOL,0,20110117,101701,21930,100
ZWACK,0,20110117,101712,12945,10
ZWACK,0,20110117,101712,12945,38
ZWACK,0,20110117,101712,12950,10
RICHTER,0,20110117,101715,43000,2
BUX1112,0,20110117,101721,23002,2
OTP,0,20110117,101748,5345,50
CSEPEL,0,20110117,101751,330,100
CSEPEL,0,20110117,101811,330,250
OTP,0,20110117,101818,5349,263
OTP,0,20110117,101818,5349,50
OTP,0,20110117,101818,5350,1482
OTP,0,20110117,101818,5350,1000
OTP,0,20110117,101818,5350,20
OTP,0,20110117,101819,5350,185
CSEPEL,0,20110117,101820,330,300
OTP,0,20110117,101821,5350,3
OTP,0,20110117,101822,5350,114
CSEPEL,0,20110117,101822,330,400
CSEPEL,0,20110117,101824,330,700
MOL,0,20110117,101827,21905,14
MOL,0,20110117,101827,21905,90
OTP,0,20110117,101827,5346,272
MOL,0,20110117,101829,21905,62
MOL,0,20110117,101830,21905,12
MTELEKOM,0,20110117,101830,541,239
MTELEKOM,0,20110117,101830,541,191
OTP,0,20110117,101834,5350,150
MOL,0,20110117,101842,21930,50
MOL,0,20110117,101842,21935,7
OTP,0,20110117,101842,5350,548
KEG,0,20110117,101907,136,1380
KEG,0,20110117,101907,136,120
KEG,0,20110117,101909,136,880
KEG,0,20110117,101909,136,200
OTP,0,20110117,101910,5352,100
OTP,0,20110117,101913,5352,400
MOL,0,20110117,101950,21935,43
OTP,0,20110117,102006,5350,50
OTP,0,20110117,102006,5352,50
OTP,0,20110117,102011,5350,87
OTP,0,20110117,102019,5350,20
DANUBIUS,0,20110117,102040,4150,30
OTP,0,20110117,102049,5346,285
MOL,0,20110117,102125,21905,36
MOL,0,20110117,102125,21900,45
ZWACK,0,20110117,102132,12950,6
MOL,0,20110117,102204,21900,155
MOL,0,20110117,102204,21900,250
MOL,0,20110117,102205,21900,45
OTP,0,20110117,102208,5348,90
MOL,0,20110117,102211,21900,100
PANNERGY,0,20110117,102229,905,35
OTP,0,20110117,102325,5346,272
MOL,0,20110117,102325,21900,103
CSEPEL,0,20110117,102334,331,170
MOL,0,20110117,102334,21900,147
MOL,0,20110117,102334,21900,53
OTP,0,20110117,102334,5348,10
MTELEKOM,0,20110117,102335,542,429
CSEPEL,0,20110117,102336,346,200
OTP,0,20110117,102402,5349,30
OTP,0,20110117,102408,5349,160
OTP,0,20110117,102409,5346,200
CSEPEL,0,20110117,102428,331,170
SYNERGON,0,20110117,102438,494,404
BUX1112,0,20110117,102453,23003,3
BUX1112,0,20110117,102453,23002,3
OTP,0,20110117,102519,5346,100
PANNERGY,0,20110117,102522,905,65
OTP,0,20110117,102525,5349,340
OTP,0,20110117,102525,5349,20
OTP,0,20110117,102525,5349,200
OTP,0,20110117,102525,5350,30
OTP,0,20110117,102525,5350,310
OTP,0,20110117,102547,5346,300
CSEPEL,0,20110117,102554,330,700
CSEPEL,0,20110117,102554,330,240
MOL,0,20110117,102555,21905,150
CSEPEL,0,20110117,102559,330,302
CSEPEL,0,20110117,102606,340,180
MTELEKOM,0,20110117,102619,543,192
MTELEKOM,0,20110117,102619,543,1000
MTELEKOM,0,20110117,102619,543,1808
OTP,0,20110117,102620,5346,200
MOL,0,20110117,102645,21900,7
BUX1112,0,20110117,102707,23002,1
BUX1112,0,20110117,102707,23000,1
BUX1112,0,20110117,102707,22992,1
BUX1112,0,20110117,102707,22992,5
OTP,0,20110117,102708,5346,100
OTP,0,20110117,102726,5346,1271
CSEPEL,0,20110117,102806,330,100
FOTEX,0,20110117,102810,380,600
FOTEX,0,20110117,102810,380,200
OTP,0,20110117,102817,5345,12400
OTP,0,20110117,102817,5344,20
MOL,0,20110117,102825,21900,103
ECONET,0,20110117,102830,89,300
OTP,0,20110117,102830,5344,183
MTELEKOM,0,20110117,102835,542,423
OTP,0,20110117,102837,5340,94
OTP,0,20110117,102838,5344,100
OTP,0,20110117,102848,5344,49
PANNERGY,0,20110117,102924,905,2500
OTP,0,20110117,102928,5344,39
CSEPEL,0,20110117,102933,330,100
RABA,0,20110117,103013,834,50
BUX1112,0,20110117,103015,23000,20
RABA,0,20110117,103039,834,50
OTP,0,20110117,103045,5344,112
OTP,0,20110117,103045,5345,77
MOL,0,20110117,103048,21900,1
OTP,0,20110117,103101,5342,260
OTP,0,20110117,103101,5342,100
OTP,0,20110117,103101,5340,640
OTP,0,20110117,103102,5340,116
OTP,0,20110117,103102,5340,500
SYNERGON,0,20110117,103124,494,120
OTP,0,20110117,103226,5336,150
OTP,0,20110117,103228,5336,750
OTP,0,20110117,103228,5335,100
OTP,0,20110117,103228,5335,150
OTP,0,20110117,103228,5335,200
OTP,0,20110117,103237,5335,100
CSEPEL,0,20110117,103241,330,100
OTP,0,20110117,103324,5335,50
OTP,0,20110117,103324,5335,500
OTP,0,20110117,103324,5335,275
MOL,0,20110117,103330,21900,86
MOL,0,20110117,103330,21900,19
OTP,0,20110117,103331,5334,272
MTELEKOM,0,20110117,103335,542,423
EGIS,0,20110117,103343,21000,10
OTP,0,20110117,103350,5334,4
OTP,0,20110117,103353,5332,174
OTP,0,20110117,103353,5332,51
OTP,0,20110117,103353,5332,500
OTP,0,20110117,103353,5332,15
OTP,0,20110117,103353,5332,1700
OTP,0,20110117,103353,5332,299
OTP,0,20110117,103353,5331,85
OTP,0,20110117,103353,5331,5000
OTP,0,20110117,103353,5331,100
OTP,0,20110117,103353,5330,76
OTP,0,20110117,103400,5330,224
OTP,0,20110117,103400,5330,390
OTP,0,20110117,103400,5330,1386
OTP,0,20110117,103403,5330,114
OTP,0,20110117,103403,5329,286
OTP,0,20110117,103515,5329,25
OTP,0,20110117,103515,5325,50
OTP,0,20110117,103515,5325,74
OTP,0,20110117,103515,5325,23
OTP,0,20110117,103515,5325,28
MTELEKOM,0,20110117,103517,543,153
OTP,0,20110117,103521,5325,310
OTP,0,20110117,103521,5322,1
OTP,0,20110117,103521,5322,50
OTP,0,20110117,103521,5321,21
OTP,0,20110117,103521,5320,420
OTP,0,20110117,103521,5320,500
OTP,0,20110117,103521,5320,1500
OTP,0,20110117,103521,5320,50
OTP,0,20110117,103521,5320,50
OTP,0,20110117,103521,5320,10
OTP,0,20110117,103521,5320,385
OTP,0,20110117,103521,5320,1703
MOL,0,20110117,103539,21900,231
MOL,0,20110117,103539,21900,250
MOL,0,20110117,103539,21900,19
RICHTER,0,20110117,103548,43000,1
OTP,0,20110117,103548,5320,657
OTP,0,20110117,103548,5320,18
OTP,0,20110117,103548,5320,109
OTP,0,20110117,103548,5320,13
MOL,0,20110117,103625,21900,31
MOL,0,20110117,103625,21900,169
MOL,0,20110117,103628,21900,50
OTP,0,20110117,103634,5320,2
OTP,0,20110117,103634,5320,3
MOL,0,20110117,103639,21900,5
CSEPEL,0,20110117,103652,330,60
MTELEKOM,0,20110117,103712,542,891
MTELEKOM,0,20110117,103730,542,109
CSEPEL,0,20110117,103738,330,38
EGIS,0,20110117,103751,21000,10
MOL,0,20110117,103751,21930,50
MOL,0,20110117,103751,21935,50
MOL,0,20110117,103751,21935,100
MOL,0,20110117,103751,21940,30
MOL,0,20110117,103751,21940,300
MOL,0,20110117,103751,21945,20
MOL,0,20110117,103751,21945,50
MOL,0,20110117,103751,21945,50
MOL,0,20110117,103751,21950,150
MOL,0,20110117,103751,21955,5
RICHTER,0,20110117,103811,43000,6
RICHTER,0,20110117,103811,43000,4
EBGOLD,0,20110117,103819,2840,22
MOL,0,20110117,103830,21905,103
OTP,0,20110117,103830,5320,14
OTP,0,20110117,103830,5320,259
MTELEKOM,0,20110117,103835,542,423
MTELEKOM,0,20110117,103907,542,4140
BUX1112,0,20110117,103907,22980,1
RICHTER,0,20110117,103945,42920,2
OTP,0,20110117,104001,5325,40000
OTP,0,20110117,104019,5329,25
OTP,0,20110117,104019,5329,500
OTP,0,20110117,104019,5329,200
OTP,0,20110117,104019,5330,15
CSEPEL,0,20110117,104019,333,95
OTP,0,20110117,104030,5322,100
OTP,0,20110117,104030,5322,290
OTP,0,20110117,104030,5322,50
OTP,0,20110117,104030,5321,60
OTP,0,20110117,104120,5330,48
OTP,0,20110117,104120,5330,701
OTP,0,20110117,104218,5329,500
OTP,0,20110117,104222,5330,9
OTP,0,20110117,104330,5325,272
MOL,0,20110117,104330,21905,97
OTP,0,20110117,104337,5330,166
MOL,0,20110117,104341,21900,6
MTELEKOM,0,20110117,104342,541,59
MTELEKOM,0,20110117,104342,541,370
OTP,0,20110117,104444,5326,100
OTP,0,20110117,104500,5330,48
RABA,0,20110117,104503,834,365
BUX1112,0,20110117,104516,23004,1
RICHTER,0,20110117,104622,42920,4
SYNERGON,0,20110117,104631,495,1920
OTP,0,20110117,104651,5326,159
OTP,0,20110117,104651,5325,28
OTP,0,20110117,104651,5325,305
OTP,0,20110117,104651,5325,200
OTP,0,20110117,104651,5325,33
OTP,0,20110117,104651,5325,698
OTP,0,20110117,104710,5325,202
OTP,0,20110117,104710,5325,700
OTP,0,20110117,104717,5325,98
OTP,0,20110117,104723,5325,76
SYNERGON,0,20110117,104734,496,100
OTP,0,20110117,104746,5325,40
OTP,0,20110117,104748,5325,886
RICHTER,0,20110117,104756,42920,2143
OTP,0,20110117,104808,5323,9
OTP,0,20110117,104808,5325,114
OTP,0,20110117,104808,5330,50
CSEPEL,0,20110117,104825,330,200
OTP,0,20110117,104829,5325,877
OTP,0,20110117,104833,5325,123
OTP,0,20110117,104833,5325,272
OTP,0,20110117,104834,5325,505
OTP,0,20110117,104838,5325,495
OTP,0,20110117,104839,5325,405
MTELEKOM,0,20110117,104840,541,423
OTP,0,20110117,104843,5325,595
CSEPEL,0,20110117,104843,333,75
CSEPEL,0,20110117,104843,333,333
CSEPEL,0,20110117,104843,334,300
CSEPEL,0,20110117,104843,336,200
CSEPEL,0,20110117,104843,336,300
CSEPEL,0,20110117,104843,337,300
CSEPEL,0,20110117,104843,339,300
CSEPEL,0,20110117,104843,340,170
CSEPEL,0,20110117,104843,340,22
OTP,0,20110117,104844,5325,305
OTP,0,20110117,104847,5325,695
OTP,0,20110117,104847,5325,50
OTP,0,20110117,104849,5325,155
OTP,0,20110117,104852,5325,20
CSEPEL,0,20110117,104854,340,328
CSEPEL,0,20110117,104854,343,150
OTP,0,20110117,104854,5325,825
CSEPEL,0,20110117,104907,345,22
OTP,0,20110117,104914,5325,75
ZWACK,0,20110117,104919,12945,5
OTP,0,20110117,104925,5325,37
CSEPEL,0,20110117,104927,345,4
OTP,0,20110117,104931,5325,100
OTP,0,20110117,104935,5325,22
BUX1112,0,20110117,104937,23005,1
SYNERGON,0,20110117,104940,496,200
SYNERGON,0,20110117,104940,496,240
SYNERGON,0,20110117,104940,497,343
SYNERGON,0,20110117,104940,498,77
SYNERGON,0,20110117,104940,499,140
OTP,0,20110117,104946,5325,66
GENESIS,0,20110117,104953,203,15
OTP,0,20110117,105005,5325,734
OTP,0,20110117,105007,5325,90
OTP,0,20110117,105010,5325,176
OTP,0,20110117,105011,5325,7
OTP,0,20110117,105014,5325,993
OTP,0,20110117,105014,5325,1000
OTP,0,20110117,105016,5325,7
OTP,0,20110117,105016,5325,250
OTP,0,20110117,105024,5325,400
OTP,0,20110117,105028,5325,300
PANNERGY,0,20110117,105035,904,42
MTELEKOM,0,20110117,105051,542,200
MOL,0,20110117,105059,21910,15
MOL,0,20110117,105106,21900,20
MOL,0,20110117,105106,21900,145
OTP,0,20110117,105107,5325,43
SYNERGON,0,20110117,105111,499,60
SYNERGON,0,20110117,105111,499,40
OTP,0,20110117,105116,5324,50
OTP,0,20110117,105123,5325,10
ZWACK,0,20110117,105127,12945,10
OTP,0,20110117,105137,5325,990
OTP,0,20110117,105141,5325,10
ZWACK,0,20110117,105149,12945,5
MOL,0,20110117,105159,21905,200
MOL,0,20110117,105159,21900,105
MOL,0,20110117,105159,21900,195
OTP,0,20110117,105209,5325,10
OTP,0,20110117,105213,5330,153
MOL,0,20110117,105233,21900,55
MOL,0,20110117,105233,21900,195
OTP,0,20110117,105247,5325,500
MOL,0,20110117,105306,21900,55
MOL,0,20110117,105306,21900,39
OTP,0,20110117,105330,5324,199
OTP,0,20110117,105337,5321,74
MTELEKOM,0,20110117,105340,541,207
MTELEKOM,0,20110117,105340,541,216
FREESOFT,0,20110117,105500,2100,89
FREESOFT,0,20110117,105500,2032,100
FREESOFT,0,20110117,105500,2031,40
FREESOFT,0,20110117,105500,2030,100
FREESOFT,0,20110117,105500,2030,100
FREESOFT,0,20110117,105500,2025,120
FREESOFT,0,20110117,105500,2010,100
FREESOFT,0,20110117,105500,2003,100
FREESOFT,0,20110117,105500,2000,20000
CSEPEL,0,20110117,105510,345,62
GENESIS,0,20110117,105521,203,15
MTELEKOM,0,20110117,105539,541,110
PANNERGY,0,20110117,105550,904,31
PANNERGY,0,20110117,105550,904,10
OTP,0,20110117,105602,5325,55
SYNERGON,0,20110117,105624,499,200
DANUBIUS,0,20110117,105658,4130,50
CSEPEL,0,20110117,105705,345,212
CSEPEL,0,20110117,105705,346,288
CSEPEL,0,20110117,105732,346,12
CSEPEL,0,20110117,105732,348,200
CSEPEL,0,20110117,105732,349,88
MOL,0,20110117,105735,21905,200
MOL,0,20110117,105736,21900,200
MOL,0,20110117,105749,21900,11
MOL,0,20110117,105749,21900,189
MTELEKOM,0,20110117,105750,542,660
PFLAX,0,20110117,105804,580,1000
PFLAX,0,20110117,105804,595,200
PFLAX,0,20110117,105804,598,155
PFLAX,0,20110117,105804,598,300
PFLAX,0,20110117,105804,599,200
PFLAX,0,20110117,105804,600,1492
PFLAX,0,20110117,105804,600,253
OTP,0,20110117,105830,5321,66
OTP,0,20110117,105830,5321,100
OTP,0,20110117,105830,5321,106
MTELEKOM,0,20110117,105840,542,412
CSEPEL,0,20110117,105933,348,200
CSEPEL,0,20110117,105933,349,212
CSEPEL,0,20110117,105933,350,188
CSEPEL,0,20110117,105940,350,212
CSEPEL,0,20110117,105940,350,60
OTP,0,20110117,105948,5321,10
KEG,0,20110117,110028,135,200
KEG,0,20110117,110028,135,301
KEG,0,20110117,110028,135,389
OTP,0,20110117,110048,5325,500
OTP,0,20110117,110056,5325,445
OTP,0,20110117,110057,5325,55
RICHTER,0,20110117,110102,42920,5
CSEPEL,0,20110117,110114,345,212
CSEPEL,0,20110117,110114,343,56
MTELEKOM,0,20110117,110136,543,1039
MTELEKOM,0,20110117,110136,543,500
MTELEKOM,0,20110117,110141,543,2461
OTP,0,20110117,110223,5325,20
MTELEKOM,0,20110117,110231,543,1539
OTP,0,20110117,110309,5325,500
OTP,0,20110117,110318,5325,425
OTP,0,20110117,110318,5325,575
OTP,0,20110117,110324,5325,425
OTP,0,20110117,110325,5325,384
OTP,0,20110117,110330,5325,191
OTP,0,20110117,110331,5325,81
MTELEKOM,0,20110117,110345,542,10
MTELEKOM,0,20110117,110347,542,430
FREESOFT,0,20110117,110407,2020,80
FREESOFT,0,20110117,110407,2008,4905
OTP,0,20110117,110413,5325,50
OTP,0,20110117,110418,5325,9
OTP,0,20110117,110435,5325,260
OTP,0,20110117,110502,5322,5800
MTELEKOM,0,20110117,110523,544,500
MTELEKOM,0,20110117,110523,544,1434
MTELEKOM,0,20110117,110523,545,566
MOL,0,20110117,110557,21925,50
MOL,0,20110117,110557,21925,130
PANNERGY,0,20110117,110557,905,70
OTP,0,20110117,110609,5321,15
OTP,0,20110117,110609,5321,60
MOL,0,20110117,110612,21930,4
MOL,0,20110117,110625,21950,30
MOL,0,20110117,110625,21950,50
MOL,0,20110117,110625,21950,70
MOL,0,20110117,110633,21955,5
MOL,0,20110117,110633,21955,2
MOL,0,20110117,110633,21960,10
MOL,0,20110117,110633,21960,91
MOL,0,20110117,110633,21965,50
MOL,0,20110117,110633,21970,100
MOL,0,20110117,110633,21975,50
MOL,0,20110117,110633,21985,100
MOL,0,20110117,110633,21990,100
MOL,0,20110117,110633,21990,30
MOL,0,20110117,110633,21995,50
MOL,0,20110117,110633,21995,150
MOL,0,20110117,110633,21995,50
MOL,0,20110117,110633,21995,35
MOL,0,20110117,110633,21995,20
MOL,0,20110117,110633,22000,2
MOL,0,20110117,110633,22000,17
MOL,0,20110117,110633,22000,3
MOL,0,20110117,110633,22000,30
MOL,0,20110117,110633,22000,30
MOL,0,20110117,110633,22000,22
MOL,0,20110117,110633,22000,250
MOL,0,20110117,110633,22000,10
MOL,0,20110117,110633,22000,15
MOL,0,20110117,110633,22000,30
MOL,0,20110117,110633,22000,10
MOL,0,20110117,110633,22000,65
MOL,0,20110117,110633,22000,83
OTP,0,20110117,110641,5325,981
OTP,0,20110117,110642,5325,19
MTELEKOM,0,20110117,110643,545,234
MTELEKOM,0,20110117,110643,545,366
OTP,0,20110117,110655,5325,200
MOL,0,20110117,110700,22000,100
MOL,0,20110117,110701,22000,100
MOL,0,20110117,110702,22000,23
MOL,0,20110117,110702,22000,77
MOL,0,20110117,110703,22000,100
BUX1112,0,20110117,110703,23000,10
MOL,0,20110117,110704,22000,23
BUX1112,0,20110117,110707,23000,4
MOL,0,20110117,110707,22000,47
MOL,0,20110117,110707,22000,15
BUX1112,0,20110117,110722,23005,1
BUX1112,0,20110117,110727,23010,10
OTP,0,20110117,110734,5325,1000
BUX1112,0,20110117,110735,23010,10
BUX1112,0,20110117,110748,23010,5
BUX1112,0,20110117,110748,23010,5
MOL,0,20110117,110752,21985,17
MOL,0,20110117,110802,21985,16
MTELEKOM,0,20110117,110824,544,683
FREESOFT,0,20110117,110826,2178,80
FREESOFT,0,20110117,110826,2179,100
FREESOFT,0,20110117,110826,2179,200
FREESOFT,0,20110117,110826,2180,1641
FREESOFT,0,20110117,110826,2200,945
FREESOFT,0,20110117,110826,2200,1000
FREESOFT,0,20110117,110826,2200,15
FREESOFT,0,20110117,110826,2200,3000
MOL,0,20110117,110828,22000,138
MOL,0,20110117,110828,22000,50
MOL,0,20110117,110828,22000,12
MOL,0,20110117,110829,22000,121
MOL,0,20110117,110829,22000,45
OTP,0,20110117,110830,5322,272
MOL,0,20110117,110837,22000,33
SYNERGON,0,20110117,110843,499,100
MTELEKOM,0,20110117,110845,544,423
CSEPEL,0,20110117,110845,352,100
PANNERGY,0,20110117,110900,904,2
PANNERGY,0,20110117,110900,904,100
PANNERGY,0,20110117,110900,903,24
OTP,0,20110117,110905,5325,31
OTP,0,20110117,110906,5325,282
RICHTER,0,20110117,110907,42920,4
RICHTER,0,20110117,110907,42920,4
BUX1112,0,20110117,110910,23001,5
BUX1112,0,20110117,110910,23000.5,4
BUX1112,0,20110117,110910,23000,1
OTP,0,20110117,110930,5325,500
OTP,0,20110117,110937,5325,468
OTP,0,20110117,110938,5325,250
OTP,0,20110117,110945,5325,282
OTP,0,20110117,110945,5325,18
MOL,0,20110117,111003,21985,17
MOL,0,20110117,111003,21985,83
KEG,0,20110117,111022,135,111
KEG,0,20110117,111022,135,1000
KEG,0,20110117,111022,135,1000
KEG,0,20110117,111022,135,700
KEG,0,20110117,111022,135,8880
KEG,0,20110117,111022,135,112
KEG,0,20110117,111022,135,150
KEG,0,20110117,111022,135,3000
KEG,0,20110117,111022,135,5000
KEG,0,20110117,111022,135,1000
KEG,0,20110117,111022,134,200
KEG,0,20110117,111022,134,1000
KEG,0,20110117,111022,134,200
KEG,0,20110117,111022,134,7462
KEG,0,20110117,111022,134,452
KEG,0,20110117,111022,134,2000
KEG,0,20110117,111022,134,6050
MTELEKOM,0,20110117,111024,545,18
FREESOFT,0,20110117,111057,2160,100
FREESOFT,0,20110117,111057,2160,100
OTP,0,20110117,111058,5329,316
KEG,0,20110117,111151,135,2000
KEG,0,20110117,111151,136,420
KEG,0,20110117,111151,136,80
BUX1112,0,20110117,111214,23010,1
BUX1112,0,20110117,111214,23013,1
MOL,0,20110117,111214,22000,2
OTP,0,20110117,111220,5329,177
OTP,0,20110117,111233,5329,7
OTP,0,20110117,111237,5329,241
MOL,0,20110117,111243,22040,5
MOL,0,20110117,111243,22040,25
MOL,0,20110117,111243,22045,50
MOL,0,20110117,111243,22045,102
OTP,0,20110117,111309,5330,150
FREESOFT,0,20110117,111332,2198,100
OTP,0,20110117,111335,5327,20
OTP,0,20110117,111338,5327,257
OTP,0,20110117,111345,5330,100
MTELEKOM,0,20110117,111345,544,423
MOL,0,20110117,111350,22020,3
BUX1112,0,20110117,111404,23013,1
KEG,0,20110117,111423,136,200
OTP,0,20110117,111428,5329,112
OTP,0,20110117,111442,5329,200
SYNERGON,0,20110117,111449,499,160
SYNERGON,0,20110117,111449,499,240
OTP,0,20110117,111451,5329,19
OTP,0,20110117,111513,5329,169
SYNERGON,0,20110117,111536,500,500
SYNERGON,0,20110117,111536,500,1000
SYNERGON,0,20110117,111546,501,300
OTP,0,20110117,111548,5330,47
OTP,0,20110117,111548,5330,36
MTELEKOM,0,20110117,111625,545,378
PFLAX,0,20110117,111636,600,47
PFLAX,0,20110117,111636,600,953
BUX1112,0,20110117,111644,23027,2
BUX1112,0,20110117,111659,23020,1
PANNERGY,0,20110117,111702,905,115
OTP,0,20110117,111711,5329,256
OTP,0,20110117,111716,5329,200
OTP,0,20110117,111717,5329,15
OTP,0,20110117,111729,5327,500
OTP,0,20110117,111807,5329,29
OTP,0,20110117,111807,5329,171
OTP,0,20110117,111810,5329,20
MOL,0,20110117,111834,21960,70
OTP,0,20110117,111835,5327,142
EGIS,0,20110117,111836,21000,1
EGIS,0,20110117,111836,21000,10
EGIS,0,20110117,111836,21045,1
OTP,0,20110117,111842,5326,131
MTELEKOM,0,20110117,111845,544,422
BUX1112,0,20110117,111856,23025,3
CSEPEL,0,20110117,111938,350,5
OTP,0,20110117,111956,5327,50
OTP,0,20110117,111959,5326,200
MTELEKOM,0,20110117,112002,544,49
MTELEKOM,0,20110117,112002,544,600
MTELEKOM,0,20110117,112002,543,1000
MTELEKOM,0,20110117,112002,542,6851
BUX1112,0,20110117,112007,23020,2
EGIS,0,20110117,112013,21045,3
EGIS,0,20110117,112013,21045,25
EGIS,0,20110117,112013,21050,572
BUX1112,0,20110117,112207,23020,5
OTP,0,20110117,112250,5326,30
OTP,0,20110117,112335,5326,12
OTP,0,20110117,112335,5326,260
MOL,0,20110117,112337,21965,5
MTELEKOM,0,20110117,112345,542,423
MOL,0,20110117,112410,21965,5
MOL,0,20110117,112410,21960,45
RICHTER,0,20110117,112412,42920,5
BUX1112,0,20110117,112556,23020,1
BUX1112,0,20110117,112559,23027,1
MOL,0,20110117,112624,21995,50
MOL,0,20110117,112624,21995,127
MOL,0,20110117,112624,22000,20
MOL,0,20110117,112624,22000,10
OTP,0,20110117,112639,5326,137
OTP,0,20110117,112639,5325,50
OTP,0,20110117,112639,5325,256
OTP,0,20110117,112639,5325,275
MOL,0,20110117,112701,22015,50
MOL,0,20110117,112701,22015,139
OTP,0,20110117,112703,5325,82
OTP,0,20110117,112744,5329,82
OTP,0,20110117,112835,5325,272
MTELEKOM,0,20110117,112850,543,430
CSEPEL,0,20110117,112938,350,162
CSEPEL,0,20110117,113003,352,112
CSEPEL,0,20110117,113003,353,350
CSEPEL,0,20110117,113003,354,38
CSEPEL,0,20110117,113025,354,250
OTP,0,20110117,113100,5329,22
OTP,0,20110117,113125,5326,20
OTP,0,20110117,113125,5325,646
OTP,0,20110117,113125,5325,293
OTP,0,20110117,113125,5325,247
OTP,0,20110117,113125,5325,794
OTP,0,20110117,113137,5325,206
OTP,0,20110117,113137,5325,65
OTP,0,20110117,113137,5325,20
OTP,0,20110117,113137,5325,200
OTP,0,20110117,113137,5325,513
OTP,0,20110117,113202,5325,237
OTP,0,20110117,113202,5325,301
OTP,0,20110117,113219,5325,50
OTP,0,20110117,113222,5325,412
KEG,0,20110117,113233,135,180
MOL,0,20110117,113300,22005,86
OTP,0,20110117,113335,5325,272
MTELEKOM,0,20110117,113350,543,422
RICHTER,0,20110117,113400,42920,1
RICHTER,0,20110117,113400,42915,6
MOL,0,20110117,113400,22020,10
MOL,0,20110117,113400,22040,47
MOL,0,20110117,113400,22045,50
MOL,0,20110117,113400,22050,93
MOL,0,20110117,113500,22050,50
MOL,0,20110117,113500,22050,129
CSEPEL,0,20110117,113518,352,100
CSEPEL,0,20110117,113518,351,300
CSEPEL,0,20110117,113518,350,100
CSEPEL,0,20110117,113530,350,138
MOL,0,20110117,113546,22050,21
CSEPEL,0,20110117,113546,350,400
CSEPEL,0,20110117,113546,350,100
MOL,0,20110117,113631,22050,10
GENESIS,0,20110117,113641,206,270
OTP,0,20110117,113720,5326,100
OTP,0,20110117,113720,5325,316
OTP,0,20110117,113720,5325,293
OTP,0,20110117,113720,5325,364
OTP,0,20110117,113720,5325,20
OTP,0,20110117,113720,5325,270
OTP,0,20110117,113720,5325,8
OTP,0,20110117,113720,5325,343
CSEPEL,0,20110117,113739,354,12
CSEPEL,0,20110117,113739,357,188
OTP,0,20110117,113823,5329,628
OTP,0,20110117,113834,5329,900
OTP,0,20110117,113835,5325,137
OTP,0,20110117,113835,5325,136
MTELEKOM,0,20110117,113850,543,423
OTP,0,20110117,113941,5329,177
OTP,0,20110117,113941,5329,823
OTP,0,20110117,114012,5326,90
OTP,0,20110117,114012,5325,864
OTP,0,20110117,114012,5325,46
OTP,0,20110117,114021,5329,80
OTP,0,20110117,114028,5325,174
OTP,0,20110117,114028,5325,295
OTP,0,20110117,114028,5325,900
OTP,0,20110117,114028,5325,100
OTP,0,20110117,114028,5325,200
OTP,0,20110117,114028,5325,331
KEG,0,20110117,114107,135,820
KEG,0,20110117,114107,134,1500
KEG,0,20110117,114107,134,800
KEG,0,20110117,114107,134,800
KEG,0,20110117,114107,134,4930
KEG,0,20110117,114107,133,3000
KEG,0,20110117,114107,133,1000
KEG,0,20110117,114107,133,200
KEG,0,20110117,114107,133,1000
KEG,0,20110117,114107,133,537
KEG,0,20110117,114107,133,413
KEG,0,20110117,114107,133,327
KEG,0,20110117,114107,133,1000
KEG,0,20110117,114107,133,250
KEG,0,20110117,114107,133,200
KEG,0,20110117,114107,133,223
BUX1112,0,20110117,114107,23027,1
BUX1112,0,20110117,114142,23027,1
MTELEKOM,0,20110117,114144,544,200
ANY,0,20110117,114151,755,317
ANY,0,20110117,114151,755,1000
MTELEKOM,0,20110117,114159,545,100
OTP,0,20110117,114209,5329,20
MOL,0,20110117,114216,22050,69
MOL,0,20110117,114216,22050,19
MOL,0,20110117,114216,22050,10
KEG,0,20110117,114225,133,777
KEG,0,20110117,114225,133,223
OTP,0,20110117,114236,5325,6
OTP,0,20110117,114236,5325,1000
OTP,0,20110117,114236,5325,994
BUX1112,0,20110117,114257,23021,1
BUX1112,0,20110117,114257,23020,10
OTP,0,20110117,114340,5325,277
MTELEKOM,0,20110117,114350,544,423
MTELEKOM,0,20110117,114355,544,538
MOL,0,20110117,114424,22050,2
MOL,0,20110117,114427,22010,3
OTP,0,20110117,114731,5325,59
OTP,0,20110117,114731,5325,41
OTP,0,20110117,114840,5326,79
OTP,0,20110117,114847,5325,193
KEG,0,20110117,114848,133,277
KEG,0,20110117,114848,133,2000
KEG,0,20110117,114848,133,600
KEG,0,20110117,114848,132,500
KEG,0,20110117,114848,132,3000
KEG,0,20110117,114848,132,200
KEG,0,20110117,114848,132,100
KEG,0,20110117,114848,132,400
KEG,0,20110117,114848,132,1500
KEG,0,20110117,114848,132,1000
KEG,0,20110117,114848,132,800
KEG,0,20110117,114848,132,2000
KEG,0,20110117,114848,132,1000
KEG,0,20110117,114848,132,777
KEG,0,20110117,114848,132,2000
KEG,0,20110117,114848,132,800
KEG,0,20110117,114848,131,1000
KEG,0,20110117,114848,131,50000
KEG,0,20110117,114848,131,2046
KEG,0,20110117,114848,131,76
FOTEX,0,20110117,114849,380,50
FOTEX,0,20110117,114849,380,100
FOTEX,0,20110117,114849,380,50
MTELEKOM,0,20110117,114850,543,423
KEG,0,20110117,114919,133,600
DANUBIUS,0,20110117,114931,4180,1
MOL,0,20110117,114946,22030,10
OTP,0,20110117,114946,5329,12
KEG,0,20110117,115016,133,400
KEG,0,20110117,115016,133,345
KEG,0,20110117,115026,133,432
KEG,0,20110117,115026,133,568
KEG,0,20110117,115031,133,232
KEG,0,20110117,115040,133,2000
OTP,0,20110117,115105,5325,766
OTP,0,20110117,115105,5325,281
OTP,0,20110117,115105,5325,732
OTP,0,20110117,115105,5325,20
OTP,0,20110117,115105,5325,201
GENESIS,0,20110117,115154,205,300
KEG,0,20110117,115208,133,1200
GENESIS,0,20110117,115214,205,10
FHB,0,20110117,115252,965,200
FHB,0,20110117,115252,965,1000
OTP,0,20110117,115340,5325,88
OTP,0,20110117,115340,5325,60
OTP,0,20110117,115340,5325,20
OTP,0,20110117,115340,5325,104
FHB,0,20110117,115340,965,500
FHB,0,20110117,115342,965,1300
MTELEKOM,0,20110117,115350,543,77
MTELEKOM,0,20110117,115350,543,345
DANUBIUS,0,20110117,115350,4180,3
BUX1112,0,20110117,115425,23027,1
BUX1112,0,20110117,115425,23028,1
BUX1112,0,20110117,115425,23030,2
FHB,0,20110117,115440,965,700
PANNERGY,0,20110117,115446,905,2
BOOK,0,20110117,115451,467,508
BOOK,0,20110117,115451,469,132
PANNERGY,0,20110117,115501,905,3
PANNERGY,0,20110117,115501,905,18
MOL,0,20110117,115503,22040,63
KEG,0,20110117,115534,133,568
KEG,0,20110117,115534,133,732
ECONET,0,20110117,115722,89,500
KEG,0,20110117,115808,133,18
KEG,0,20110117,115808,133,982
OTP,0,20110117,115840,5326,34
OTP,0,20110117,115846,5325,154
OTP,0,20110117,115846,5325,60
OTP,0,20110117,115846,5325,24
BOOK,0,20110117,115848,469,650
MTELEKOM,0,20110117,115850,543,157
MTELEKOM,0,20110117,115924,545,38
MTELEKOM,0,20110117,115924,545,100
MTELEKOM,0,20110117,115924,545,300
MTELEKOM,0,20110117,115924,545,12
KEG,0,20110117,120019,133,100
SYNERGON,0,20110117,120035,502,200
SYNERGON,0,20110117,120035,503,1000
SYNERGON,0,20110117,120035,504,100
SYNERGON,0,20110117,120035,504,300
SYNERGON,0,20110117,120035,505,1000
SYNERGON,0,20110117,120035,505,30
BUX1112,0,20110117,120110,23029.5,2
FHB,0,20110117,120117,966,200
SYNERGON,0,20110117,120157,510,150
SYNERGON,0,20110117,120157,510,100
SYNERGON,0,20110117,120157,510,70
KEG,0,20110117,120213,133,900
KEG,0,20110117,120213,133,1000
KEG,0,20110117,120213,132,100
FHB,0,20110117,120224,966,100
OTP,0,20110117,120226,5329,65
OTP,0,20110117,120226,5329,55
OTP,0,20110117,120229,5329,945
OTP,0,20110117,120229,5330,1964
OTP,0,20110117,120229,5330,700
OTP,0,20110117,120229,5330,338
OTP,0,20110117,120229,5330,200
OTP,0,20110117,120229,5330,18
OTP,0,20110117,120229,5330,44
OTP,0,20110117,120230,5330,791
OTP,0,20110117,120231,5330,280
OTP,0,20110117,120231,5330,326
OTP,0,20110117,120231,5330,293
BUX1112,0,20110117,120235,23029.5,3
OTP,0,20110117,120237,5330,310
OTP,0,20110117,120237,5330,690
OTP,0,20110117,120245,5330,10
OTP,0,20110117,120245,5330,390
RICHTER,0,20110117,120308,42995,68
RICHTER,0,20110117,120308,43000,6
RICHTER,0,20110117,120308,43000,11
RICHTER,0,20110117,120308,43000,7
RICHTER,0,20110117,120308,43000,8
OTP,0,20110117,120309,5330,1000
KEG,0,20110117,120319,134,1
OTP,0,20110117,120319,5330,110
OTP,0,20110117,120319,5330,700
OTP,0,20110117,120321,5330,190
OTP,0,20110117,120330,5330,100
OTP,0,20110117,120340,5326,273
OTP,0,20110117,120347,5330,410
OTP,0,20110117,120348,5330,400
MTELEKOM,0,20110117,120350,543,121
OTP,0,20110117,120352,5330,80
KEG,0,20110117,120410,133,2500
KEG,0,20110117,120410,132,1500
OTP,0,20110117,120418,5330,3
OTP,0,20110117,120448,5330,90
MOL,0,20110117,120452,22030,23
MOL,0,20110117,120452,22040,5
MOL,0,20110117,120452,22045,37
MOL,0,20110117,120452,22045,85
FHB,0,20110117,120454,966,100
OTP,0,20110117,120456,5330,20
BUX1112,0,20110117,120504,23020,1
MOL,0,20110117,120507,22050,5
MOL,0,20110117,120507,22050,4
MOL,0,20110117,120507,22050,100
MOL,0,20110117,120507,22050,4
OTP,0,20110117,120528,5330,10
PHYLAXIA,0,20110117,120545,45,100
SYNERGON,0,20110117,120547,517,100
SYNERGON,0,20110117,120547,520,80
MOL,0,20110117,120551,22010,27
MOL,0,20110117,120551,22010,200
SYNERGON,0,20110117,120554,520,220
MOL,0,20110117,120607,22005,89
MOL,0,20110117,120607,22005,250
MOL,0,20110117,120609,22005,250
MOL,0,20110117,120610,22005,250
MOL,0,20110117,120610,22005,250
KEG,0,20110117,120614,133,1500
MOL,0,20110117,120618,22000,500
MOL,0,20110117,120618,22000,200
SYNERGON,0,20110117,120619,513,70
KEG,0,20110117,120626,133,100
MOL,0,20110117,120638,22000,500
MOL,0,20110117,120639,22000,500
MOL,0,20110117,120649,21965,50
MOL,0,20110117,120652,22000,500
MOL,0,20110117,120701,22000,1000
SYNERGON,0,20110117,120702,520,10
MOL,0,20110117,120716,22000,392
MOL,0,20110117,120717,22000,596
MOL,0,20110117,120718,22000,512
KEG,0,20110117,120723,134,1999
KEG,0,20110117,120723,134,2000
KEG,0,20110117,120723,134,1000
KEG,0,20110117,120723,134,1
OTP,0,20110117,120726,5330,97
SYNERGON,0,20110117,120727,519,90
FHB,0,20110117,120728,967,150
FHB,0,20110117,120728,968,70
FHB,0,20110117,120728,969,91
FHB,0,20110117,120728,969,100
FHB,0,20110117,120728,969,484
FHB,0,20110117,120728,969,240
FHB,0,20110117,120728,969,1000
FHB,0,20110117,120728,970,765
OTP,0,20110117,120734,5335,108
FREESOFT,0,20110117,120736,2200,564
GENESIS,0,20110117,120746,205,190
OTP,0,20110117,120758,5335,192
OTP,0,20110117,120758,5335,500
OTP,0,20110117,120758,5339,808
OTP,0,20110117,120759,5339,192
OTP,0,20110117,120759,5340,500
OTP,0,20110117,120759,5340,808
OTP,0,20110117,120800,5340,192
OTP,0,20110117,120800,5340,25
OTP,0,20110117,120800,5340,37
OTP,0,20110117,120801,5340,1000
BUX1112,0,20110117,120802,23034,5
BUX1112,0,20110117,120802,23034,3
BUX1112,0,20110117,120802,23039.5,1
BUX1112,0,20110117,120802,23040,15
BUX1112,0,20110117,120802,23040,3
OTP,0,20110117,120813,5342,177
GENESIS,0,20110117,120814,203,970
GENESIS,0,20110117,120814,203,30
MOL,0,20110117,120816,22000,1
OTP,0,20110117,120819,5340,246
OTP,0,20110117,120819,5340,351
OTP,0,20110117,120819,5340,332
OTP,0,20110117,120819,5340,334
OTP,0,20110117,120822,5340,737
KEG,0,20110117,120827,134,18
OTP,0,20110117,120829,5340,763
OTP,0,20110117,120833,5340,1237
OTP,0,20110117,120845,5340,263
MTELEKOM,0,20110117,120850,543,24
OTP,0,20110117,120852,5335,14
OTP,0,20110117,120918,5342,311
RICHTER,0,20110117,120932,42930,7
FREESOFT,0,20110117,120937,2200,78
FHB,0,20110117,120938,970,35
FHB,0,20110117,120938,970,150
FHB,0,20110117,120938,970,200
FOTEX,0,20110117,121055,380,200
KEG,0,20110117,121100,134,80
RICHTER,0,20110117,121111,42930,1
OTP,0,20110117,121201,5342,296
OTP,0,20110117,121234,5342,187
OTP,0,20110117,121256,5342,10
OTP,0,20110117,121300,5342,19
BOOK,0,20110117,121306,469,200
FREESOFT,0,20110117,121329,2200,199
OTP,0,20110117,121350,5343,188
MTELEKOM,0,20110117,121350,543,5
OTP,0,20110117,121359,5344,159
OTP,0,20110117,121407,5340,88
OTP,0,20110117,121439,5340,1412
OTP,0,20110117,121439,5340,284
BOOK,0,20110117,121455,469,8
OTP,0,20110117,121507,5338,20
PANNERGY,0,20110117,121526,905,79
PANNERGY,0,20110117,121526,905,221
OTP,0,20110117,121526,5340,304
OTP,0,20110117,121526,5340,20
OTP,0,20110117,121533,5340,500
OTP,0,20110117,121543,5340,176
BUX1112,0,20110117,121623,23044,2
CSEPEL,0,20110117,121629,355,72
CSEPEL,0,20110117,121629,356,250
CSEPEL,0,20110117,121629,358,38
PANNERGY,0,20110117,121638,905,54
OTP,0,20110117,121639,5340,200
OTP,0,20110117,121704,5340,100
BOOK,0,20110117,121721,469,105
BUX1112,0,20110117,121726,23044,1
BOOK,0,20110117,121754,469,104
BOOK,0,20110117,121754,470,108
OTP,0,20110117,121823,5340,24
OTP,0,20110117,121823,5344,37
OTP,0,20110117,121823,5345,139
MOL,0,20110117,121834,21965,10
MOL,0,20110117,121834,22000,787
OTP,0,20110117,121836,5338,2
OTP,0,20110117,121850,5340,273
MTELEKOM,0,20110117,121850,543,1
SYNERGON,0,20110117,121855,514,100
SYNERGON,0,20110117,121855,513,30
SYNERGON,0,20110117,121855,505,1
BUX1112,0,20110117,121917,23049,5
MOL,0,20110117,122046,22000,14
FREESOFT,0,20110117,122114,2243,40
FREESOFT,0,20110117,122114,2244,100
FREESOFT,0,20110117,122114,2250,19
BUX1112,0,20110117,122319,23044,2
OTP,0,20110117,122350,5340,272
MTELEKOM,0,20110117,122404,544,200
MTELEKOM,0,20110117,122404,545,88
MTELEKOM,0,20110117,122404,545,612
GENESIS,0,20110117,122420,203,450
BOOK,0,20110117,122455,468,240
OTP,0,20110117,122655,5345,61
OTP,0,20110117,122655,5345,439
OTP,0,20110117,122702,5340,10
MOL,0,20110117,122823,22000,5
KEG,0,20110117,122835,134,81
KEG,0,20110117,122835,134,479
OTP,0,20110117,122850,5340,145
OTP,0,20110117,122850,5340,127
MTELEKOM,0,20110117,122850,543,180
KEG,0,20110117,122915,134,500
OTP,0,20110117,122950,5343,200
OTP,0,20110117,122950,5344,300
OTP,0,20110117,122950,5345,61
OTP,0,20110117,122950,5345,339
BUX1112,0,20110117,123024,23056,3
OTP,0,20110117,123028,5345,661
OTP,0,20110117,123034,5345,352
SYNERGON,0,20110117,123034,510,975
OTP,0,20110117,123102,5345,8
OTP,0,20110117,123102,5348,150
MOL,0,20110117,123137,22000,84
MOL,0,20110117,123137,22000,1
MOL,0,20110117,123150,22000,45
OTP,0,20110117,123206,5348,78
ECONET,0,20110117,123208,88,712
ECONET,0,20110117,123208,88,1388
FOTEX,0,20110117,123222,380,230
KEG,0,20110117,123334,133,1400
KEG,0,20110117,123334,133,1500
KEG,0,20110117,123334,133,5000
KEG,0,20110117,123334,133,1500
KEG,0,20110117,123334,132,400
KEG,0,20110117,123334,132,100
KEG,0,20110117,123334,132,100
OTP,0,20110117,123338,5345,10
OTP,0,20110117,123343,5345,322
OTP,0,20110117,123350,5345,273
MTELEKOM,0,20110117,123350,543,36
ZWACK,0,20110117,123454,12945,1
MOL,0,20110117,123515,21965,200
KEG,0,20110117,123527,133,400
OTP,0,20110117,123603,5348,22
OTP,0,20110117,123603,5348,78
OTP,0,20110117,123603,5350,500
OTP,0,20110117,123603,5350,10
OTP,0,20110117,123603,5350,23
OTP,0,20110117,123603,5350,100
OTP,0,20110117,123603,5350,167
KEG,0,20110117,123612,134,21
KEG,0,20110117,123612,134,1000
KEG,0,20110117,123612,134,500
KEG,0,20110117,123612,134,400
KEG,0,20110117,123612,135,79
MOL,0,20110117,123634,22000,125
SYNERGON,0,20110117,123656,510,10
FOTEX,0,20110117,123741,380,300
FOTEX,0,20110117,123741,380,100
OTP,0,20110117,123745,5349,50
OTP,0,20110117,123745,5349,951
OTP,0,20110117,123745,5350,333
OTP,0,20110117,123745,5350,166
OTP,0,20110117,123831,5350,184
OTP,0,20110117,123831,5350,8
OTP,0,20110117,123832,5349,10
OTP,0,20110117,123850,5349,199
MTELEKOM,0,20110117,123850,543,7
CSEPEL,0,20110117,123852,350,30
CSEPEL,0,20110117,123852,348,80
CSEPEL,0,20110117,123852,348,120
CSEPEL,0,20110117,123852,345,30
CSEPEL,0,20110117,123852,345,70
CSEPEL,0,20110117,123852,345,400
OTP,0,20110117,123857,5349,73
CSEPEL,0,20110117,123857,345,130
RICHTER,0,20110117,123903,43000,2
RICHTER,0,20110117,123903,43000,5
RICHTER,0,20110117,123903,43000,10
RICHTER,0,20110117,123903,43000,7
RICHTER,0,20110117,123903,43000,14
RICHTER,0,20110117,123903,43000,6
RICHTER,0,20110117,123903,43000,8
OTP,0,20110117,123906,5350,12
OTP,0,20110117,123906,5350,100
OTP,0,20110117,123917,5350,100
OTP,0,20110117,123919,5352,109
OTP,0,20110117,123919,5352,141
OTP,0,20110117,123921,5354,100
OTP,0,20110117,123950,5355,270
OTP,0,20110117,123950,5355,180
OTP,0,20110117,123950,5355,50
OTP,0,20110117,123950,5355,200
OTP,0,20110117,123950,5355,100
OTP,0,20110117,123950,5356,1000
OTP,0,20110117,123950,5357,970
OTP,0,20110117,123953,5354,50
OTP,0,20110117,124004,5354,100
OTP,0,20110117,124014,5357,30
SYNERGON,0,20110117,124020,514,50
SYNERGON,0,20110117,124020,515,5
SYNERGON,0,20110117,124020,515,100
SYNERGON,0,20110117,124020,515,200
SYNERGON,0,20110117,124020,516,325
SYNERGON,0,20110117,124020,517,100
SYNERGON,0,20110117,124020,517,150
SYNERGON,0,20110117,124020,518,100
SYNERGON,0,20110117,124020,518,480
SYNERGON,0,20110117,124020,518,250
SYNERGON,0,20110117,124020,519,410
SYNERGON,0,20110117,124020,519,200
SYNERGON,0,20110117,124020,519,220
SYNERGON,0,20110117,124020,520,500
SYNERGON,0,20110117,124020,520,1941
SYNERGON,0,20110117,124020,520,100
SYNERGON,0,20110117,124020,520,1869
MOL,0,20110117,124027,21965,6
OTP,0,20110117,124029,5358,120
OTP,0,20110117,124033,5354,40
OTP,0,20110117,124050,5355,186
BUX1112,0,20110117,124054,23055,3
OTP,0,20110117,124100,5354,13
OTP,0,20110117,124105,5354,7
OTP,0,20110117,124108,5355,146
OTP,0,20110117,124109,5355,168
OTP,0,20110117,124119,5355,332
OTP,0,20110117,124126,5355,200
OTP,0,20110117,124129,5353,59
OTP,0,20110117,124129,5353,270
OTP,0,20110117,124129,5353,282
OTP,0,20110117,124143,5350,170
RICHTER,0,20110117,124234,43000,17
RICHTER,0,20110117,124242,43000,55
RICHTER,0,20110117,124242,43000,14
OTP,0,20110117,124250,5354,50
OTP,0,20110117,124250,5354,30
OTP,0,20110117,124259,5355,150
OTP,0,20110117,124350,5354,159
MTELEKOM,0,20110117,124355,543,1
OTP,0,20110117,124400,5350,113
SYNERGON,0,20110117,124500,519,5
SYNERGON,0,20110117,124500,520,131
SYNERGON,0,20110117,124500,521,14
SYNERGON,0,20110117,124500,521,86
SYNERGON,0,20110117,124500,522,14
OTP,0,20110117,124523,5355,174
MTELEKOM,0,20110117,124525,543,123
MTELEKOM,0,20110117,124525,543,203
SYNERGON,0,20110117,124556,522,86
OTP,0,20110117,124615,5353,50
OTP,0,20110117,124615,5350,5
OTP,0,20110117,124615,5350,500
OTP,0,20110117,124615,5350,295
OTP,0,20110117,124615,5350,100
OTP,0,20110117,124615,5350,900
OTP,0,20110117,124615,5350,133
OTP,0,20110117,124615,5350,17
SYNERGON,0,20110117,124638,525,10
SYNERGON,0,20110117,124638,526,15
SYNERGON,0,20110117,124638,527,125
FHB,0,20110117,124643,968,100
OTP,0,20110117,124657,5355,400
SYNERGON,0,20110117,124819,527,75
SYNERGON,0,20110117,124819,527,5
SYNERGON,0,20110117,124823,527,495
SYNERGON,0,20110117,124823,528,300
SYNERGON,0,20110117,124823,528,1000
SYNERGON,0,20110117,124823,529,190
SYNERGON,0,20110117,124823,529,250
SYNERGON,0,20110117,124823,529,220
SYNERGON,0,20110117,124823,530,1000
SYNERGON,0,20110117,124823,530,45
OTP,0,20110117,124850,5350,272
MTELEKOM,0,20110117,124855,543,66
OTP,0,20110117,124857,5354,54
OTP,0,20110117,124857,5354,111
OTP,0,20110117,124857,5355,1744
OTP,0,20110117,124902,5355,9
OTP,0,20110117,124913,5355,100
KEG,0,20110117,124914,133,1000
KEG,0,20110117,124914,133,1000
KEG,0,20110117,124914,133,1000
KEG,0,20110117,124914,132,470
KEG,0,20110117,124914,132,1000
KEG,0,20110117,124914,132,650
KEG,0,20110117,124914,132,1000
KEG,0,20110117,124914,132,1000
KEG,0,20110117,124914,132,400
KEG,0,20110117,124914,132,600
KEG,0,20110117,124914,132,666
KEG,0,20110117,124914,132,1214
SYNERGON,0,20110117,124924,530,25
OTP,0,20110117,124929,5355,300
OTP,0,20110117,124947,5355,14
OTP,0,20110117,124957,5355,110
OTP,0,20110117,125008,5357,50
OTP,0,20110117,125027,5358,20
OTP,0,20110117,125027,5358,30
OTP,0,20110117,125030,5358,27
OTP,0,20110117,125030,5358,706
OTP,0,20110117,125034,5358,20
MTELEKOM,0,20110117,125105,543,198
MTELEKOM,0,20110117,125105,543,302
SYNERGON,0,20110117,125108,530,30
SYNERGON,0,20110117,125108,534,10
MTELEKOM,0,20110117,125122,543,730
MOL,0,20110117,125152,22005,57
OTP,0,20110117,125206,5350,111
OTP,0,20110117,125206,5350,49
SYNERGON,0,20110117,125307,533,25
FOTEX,0,20110117,125317,382,632
OTP,0,20110117,125328,5354,51
OTP,0,20110117,125350,5354,119
MTELEKOM,0,20110117,125355,543,259
OTP,0,20110117,125400,5350,131
OTP,0,20110117,125400,5350,23
RICHTER,0,20110117,125403,42950,14
OTP,0,20110117,125413,5350,100
SYNERGON,0,20110117,125431,533,75
FOTEX,0,20110117,125520,382,200
MOL,0,20110117,125529,22030,25
MOL,0,20110117,125529,22050,100
MOL,0,20110117,125529,22050,124
MOL,0,20110117,125529,22050,4
MOL,0,20110117,125539,22080,7
RFV,0,20110117,125554,8450,10
KEG,0,20110117,125604,133,570
KEG,0,20110117,125620,133,430
KEG,0,20110117,125620,133,570
SYNERGON,0,20110117,125734,534,140
SYNERGON,0,20110117,125734,535,10
PANNERGY,0,20110117,125738,905,160
PANNERGY,0,20110117,125738,905,120
MOL,0,20110117,125756,22075,127
OTP,0,20110117,125759,5352,800
FOTEX,0,20110117,125800,382,100
MTELEKOM,0,20110117,125808,544,1000
KEG,0,20110117,125808,133,96
KEG,0,20110117,125808,133,100
OTP,0,20110117,125828,5353,100
OTP,0,20110117,125841,5353,176
OTP,0,20110117,125841,5355,40
OTP,0,20110117,125850,5352,200
OTP,0,20110117,125850,5352,72
RICHTER,0,20110117,125859,43000,14
MTELEKOM,0,20110117,125900,543,252
PANNERGY,0,20110117,125909,905,70
OTP,0,20110117,125934,5353,38
BUX1112,0,20110117,130001,23055,1
BUX1112,0,20110117,130001,23055,1
MOL,0,20110117,130003,22050,37
OTP,0,20110117,130019,5353,100
RICHTER,0,20110117,130023,43000,42
OTP,0,20110117,130031,5350,4800
KEG,0,20110117,130039,133,354
KEG,0,20110117,130039,133,3500
KEG,0,20110117,130039,132,3786
KEG,0,20110117,130039,132,750
KEG,0,20110117,130039,132,180
KEG,0,20110117,130039,132,1000
KEG,0,20110117,130039,132,430
OTP,0,20110117,130039,5350,73
OTP,0,20110117,130039,5350,327
OTP,0,20110117,130047,5350,173
OTP,0,20110117,130057,5349,330
MOL,0,20110117,130212,22050,90
MOL,0,20110117,130217,22050,120
OTP,0,20110117,130223,5345,5
MOL,0,20110117,130223,22065,10
MOL,0,20110117,130223,22065,124
RABA,0,20110117,130242,835,230
PHYLAXIA,0,20110117,130320,44,400
OTP,0,20110117,130327,5345,40
OTP,0,20110117,130327,5345,100
OTP,0,20110117,130350,5341,272
OTP,0,20110117,130350,5341,150
OTP,0,20110117,130350,5341,150
MTELEKOM,0,20110117,130400,543,50
RICHTER,0,20110117,130424,43100,4
OTP,0,20110117,130456,5341,328
OTP,0,20110117,130456,5340,100
OTP,0,20110117,130456,5340,500
OTP,0,20110117,130519,5340,355
OTP,0,20110117,130554,5340,2500
OTP,0,20110117,130602,5340,217
KEG,0,20110117,130614,134,2000
KEG,0,20110117,130614,134,500
OTP,0,20110117,130634,5347,1250
OTP,0,20110117,130649,5346,1250
OTP,0,20110117,130731,5350,71
OTP,0,20110117,130744,5340,15
OTP,0,20110117,130812,5347,15
OTP,0,20110117,130850,5340,273
MTELEKOM,0,20110117,130905,545,389
MTELEKOM,0,20110117,130905,545,115
MTELEKOM,0,20110117,130905,543,10
MOL,0,20110117,130950,22020,63
MOL,0,20110117,130957,22020,10
SYNERGON,0,20110117,131001,534,115
KEG,0,20110117,131032,133,290
KEG,0,20110117,131032,133,921
MTELEKOM,0,20110117,131052,543,169
MTELEKOM,0,20110117,131052,543,4000
MTELEKOM,0,20110117,131105,542,937
KEG,0,20110117,131117,132,50
KEG,0,20110117,131120,133,89
RICHTER,0,20110117,131145,43080,5
MTELEKOM,0,20110117,131225,543,3000
RICHTER,0,20110117,131322,43005,7
MOL,0,20110117,131332,22060,5
MOL,0,20110117,131332,22070,6
MOL,0,20110117,131332,22070,122
MOL,0,20110117,131332,22075,100
MOL,0,20110117,131332,22080,18
MOL,0,20110117,131332,22080,10
MOL,0,20110117,131332,22080,100
MOL,0,20110117,131332,22085,100
MOL,0,20110117,131332,22085,50
MOL,0,20110117,131332,22090,100
MOL,0,20110117,131332,22095,300
MOL,0,20110117,131332,22095,95
MOL,0,20110117,131332,22095,45
MOL,0,20110117,131332,22095,60
MOL,0,20110117,131332,22095,200
MOL,0,20110117,131332,22095,50
MOL,0,20110117,131332,22095,27
MOL,0,20110117,131332,22100,499
MOL,0,20110117,131332,22100,80
MOL,0,20110117,131332,22100,2
MOL,0,20110117,131332,22100,10
MOL,0,20110117,131332,22100,50
MOL,0,20110117,131332,22100,250
MOL,0,20110117,131332,22100,300
MOL,0,20110117,131332,22100,20
MOL,0,20110117,131332,22100,200
MOL,0,20110117,131332,22100,73
OTP,0,20110117,131350,5340,272
MTELEKOM,0,20110117,131405,542,277
MTELEKOM,0,20110117,131405,542,510
MOL,0,20110117,131408,22110,20
MOL,0,20110117,131408,22110,134
MOL,0,20110117,131414,22100,200
OTP,0,20110117,131418,5347,85
OTP,0,20110117,131418,5349,73
OTP,0,20110117,131418,5349,50
OTP,0,20110117,131418,5350,692
RICHTER,0,20110117,131425,43005,14
MOL,0,20110117,131429,22100,200
MOL,0,20110117,131434,22115,3
MOL,0,20110117,131457,22110,100
MOL,0,20110117,131501,22115,2
MOL,0,20110117,131501,22115,134
MOL,0,20110117,131554,22100,176
MOL,0,20110117,131554,22100,24
MOL,0,20110117,131613,22110,10
MOL,0,20110117,131613,22100,40
OTP,0,20110117,131710,5341,7
OTP,0,20110117,131710,5340,223
OTP,0,20110117,131710,5340,101
OTP,0,20110117,131710,5340,69
RICHTER,0,20110117,131753,43005,15
RICHTER,0,20110117,131802,43005,10
RICHTER,0,20110117,131814,43005,19
MOL,0,20110117,131816,22100,30
BUX1112,0,20110117,131848,23043,1
BUX1112,0,20110117,131848,23044,9
OTP,0,20110117,131850,5341,100
BUX1112,0,20110117,131855,23045,10
OTP,0,20110117,131856,5340,172
MTELEKOM,0,20110117,131905,542,157
FOTEX,0,20110117,131929,383,300
BUX1112,0,20110117,131938,23045,3
MOL,0,20110117,131945,22100,3
RICHTER,0,20110117,132019,43080,5
RICHTER,0,20110117,132019,43100,9
RICHTER,0,20110117,132021,43100,4
KEG,0,20110117,132054,133,1611
KEG,0,20110117,132054,133,1000
KEG,0,20110117,132054,133,27389
FOTEX,0,20110117,132144,382,300
MOL,0,20110117,132221,22100,3
MOL,0,20110117,132221,22100,16
OTP,0,20110117,132233,5340,659
OTP,0,20110117,132236,5340,341
OTP,0,20110117,132238,5340,659
OTP,0,20110117,132240,5340,341
OTP,0,20110117,132241,5340,500
OTP,0,20110117,132249,5340,159
OTP,0,20110117,132251,5340,841
OTP,0,20110117,132303,5340,159
OTP,0,20110117,132306,5340,841
OTP,0,20110117,132311,5340,159
OTP,0,20110117,132311,5340,841
OTP,0,20110117,132324,5340,59
GENESIS,0,20110117,132333,204,610
OTP,0,20110117,132355,5338,78
OTP,0,20110117,132355,5338,199
MTELEKOM,0,20110117,132405,542,31
RICHTER,0,20110117,132534,43100,11
MTELEKOM,0,20110117,132537,543,31
MTELEKOM,0,20110117,132537,543,40
PANNERGY,0,20110117,132544,904,56
MOL,0,20110117,132545,22100,82
MOL,0,20110117,132545,22100,200
MOL,0,20110117,132545,22100,2718
MOL,0,20110117,132553,22100,282
SYNERGON,0,20110117,132555,530,100
MOL,0,20110117,132601,22100,118
MOL,0,20110117,132613,22100,200
ECONET,0,20110117,132637,89,2700
ECONET,0,20110117,132637,89,675
ECONET,0,20110117,132637,90,625
MTELEKOM,0,20110117,132653,545,29
MTELEKOM,0,20110117,132734,545,200
PANNERGY,0,20110117,132816,903,61
PANNERGY,0,20110117,132816,903,33
OTP,0,20110117,132821,5340,500
OTP,0,20110117,132825,5340,431
OTP,0,20110117,132835,5340,50
OTP,0,20110117,132838,5350,64
OTP,0,20110117,132838,5350,11
BUX1112,0,20110117,132852,23040,10
BUX1112,0,20110117,132855,23045,37
BUX1112,0,20110117,132855,23045,1
BUX1112,0,20110117,132855,23049,1
BUX1112,0,20110117,132855,23050,11
OTP,0,20110117,132900,5340,277
MTELEKOM,0,20110117,132905,544,66
FOTEX,0,20110117,132929,382,79
MOL,0,20110117,132936,22100,5
PANNERGY,0,20110117,132953,902,225
PANNERGY,0,20110117,132953,902,15
MTELEKOM,0,20110117,133011,545,200
KEG,0,20110117,133036,133,2611
KEG,0,20110117,133036,133,1000
SYNERGON,0,20110117,133106,530,185
SYNERGON,0,20110117,133106,530,50
MOL,0,20110117,133114,22100,75
RICHTER,0,20110117,133123,43090,10
RICHTER,0,20110117,133123,43100,5
RICHTER,0,20110117,133123,43100,30
RICHTER,0,20110117,133142,43100,5
MOL,0,20110117,133156,22050,17
OTP,0,20110117,133156,5350,489
OTP,0,20110117,133156,5350,11
RFV,0,20110117,133200,8450,15
OTP,0,20110117,133210,5350,373
MTELEKOM,0,20110117,133218,545,20
OTP,0,20110117,133251,5350,116
OTP,0,20110117,133251,5350,234
TVK,0,20110117,133302,3400,10
OTP,0,20110117,133304,5350,673
OTP,0,20110117,133322,5350,50
RICHTER,0,20110117,133344,43145,15
RICHTER,0,20110117,133344,43145,3
RICHTER,0,20110117,133344,43150,10
RICHTER,0,20110117,133344,43150,42
RICHTER,0,20110117,133344,43150,55
OTP,0,20110117,133400,5345,272
MTELEKOM,0,20110117,133410,544,57
SYNERGON,0,20110117,133439,528,400
OTP,0,20110117,133440,5350,40
MOL,0,20110117,133500,22100,220
MOL,0,20110117,133500,22100,127
MOL,0,20110117,133500,22100,20
MOL,0,20110117,133500,22100,351
MOL,0,20110117,133500,22100,4
MOL,0,20110117,133519,22100,300
KEG,0,20110117,133542,133,6389
KEG,0,20110117,133542,133,180
KEG,0,20110117,133542,134,31
RICHTER,0,20110117,133548,43100,3
BUX1112,0,20110117,133559,23050,3
KEG,0,20110117,133625,134,200
BUX1112,0,20110117,133635,23050,3
SYNERGON,0,20110117,133640,528,40
SYNERGON,0,20110117,133643,530,765
OTP,0,20110117,133721,5350,3
OTP,0,20110117,133721,5350,17
MTELEKOM,0,20110117,133726,545,436
MTELEKOM,0,20110117,133726,545,500
MOL,0,20110117,133813,22050,50
PANNERGY,0,20110117,133830,905,60
MTELEKOM,0,20110117,133853,546,100
OTP,0,20110117,133900,5345,28
OTP,0,20110117,133900,5345,244
MTELEKOM,0,20110117,133910,545,218
RICHTER,0,20110117,134005,43100,45
MOL,0,20110117,134035,22050,186
MOL,0,20110117,134035,22025,15
MOL,0,20110117,134035,22020,30
MOL,0,20110117,134035,22020,156
MOL,0,20110117,134035,22005,64
MOL,0,20110117,134035,22000,350
MOL,0,20110117,134040,22000,498
MOL,0,20110117,134049,22005,500
MOL,0,20110117,134049,22000,2500
MOL,0,20110117,134054,22005,100
MOL,0,20110117,134054,22005,300
MOL,0,20110117,134054,22000,2
MOL,0,20110117,134054,22000,198
MOL,0,20110117,134101,22010,500
MOL,0,20110117,134115,22005,250
OTP,0,20110117,134118,5345,8
OTP,0,20110117,134118,5345,1000
OTP,0,20110117,134118,5345,500
MOL,0,20110117,134129,22000,500
MTELEKOM,0,20110117,134202,545,496
MOL,0,20110117,134215,22000,200
RABA,0,20110117,134236,835,356
SYNERGON,0,20110117,134312,530,200
MOL,0,20110117,134321,22000,8
MOL,0,20110117,134321,22000,242
SYNERGON,0,20110117,134325,530,35
SYNERGON,0,20110117,134325,530,1000
SYNERGON,0,20110117,134325,530,465
MOL,0,20110117,134330,22045,7650
OTP,0,20110117,134349,5340,96
OTP,0,20110117,134349,5340,500
FHB,0,20110117,134357,969,117
FHB,0,20110117,134357,969,360
FHB,0,20110117,134357,970,257
FHB,0,20110117,134357,970,66
OTP,0,20110117,134400,5339,251
OTP,0,20110117,134400,5339,22
MTELEKOM,0,20110117,134411,544,127
OTP,0,20110117,134411,5339,93
OTP,0,20110117,134411,5338,7
ORC,0,20110117,134415,2000,4
MTELEKOM,0,20110117,134416,543,16
SYNERGON,0,20110117,134437,532,10
SYNERGON,0,20110117,134437,533,25
SYNERGON,0,20110117,134437,533,365
MTELEKOM,0,20110117,134442,543,104
SYNERGON,0,20110117,134445,533,635
SYNERGON,0,20110117,134447,534,200
SYNERGON,0,20110117,134457,535,90
SYNERGON,0,20110117,134501,538,500
SYNERGON,0,20110117,134501,538,100
SYNERGON,0,20110117,134505,539,150
SYNERGON,0,20110117,134505,539,220
SYNERGON,0,20110117,134505,539,10
SYNERGON,0,20110117,134519,539,625
SYNERGON,0,20110117,134542,540,100
SYNERGON,0,20110117,134542,540,165
SYNERGON,0,20110117,134658,540,42
SYNERGON,0,20110117,134658,540,485
SYNERGON,0,20110117,134658,540,140
SYNERGON,0,20110117,134658,541,15
SYNERGON,0,20110117,134658,543,100
SYNERGON,0,20110117,134658,543,300
SYNERGON,0,20110117,134658,544,50
SYNERGON,0,20110117,134658,544,200
SYNERGON,0,20110117,134658,544,300
SYNERGON,0,20110117,134658,544,6
OTP,0,20110117,134705,5340,100
SYNERGON,0,20110117,134708,543,100
OTP,0,20110117,134724,5340,304
OTP,0,20110117,134725,5340,196
SYNERGON,0,20110117,134737,543,150
SYNERGON,0,20110117,134744,543,300
SYNERGON,0,20110117,134744,544,200
MOL,0,20110117,134754,22000,58
MOL,0,20110117,134754,22000,2
OTP,0,20110117,134759,5340,3
MOL,0,20110117,134800,22000,100
SYNERGON,0,20110117,134806,544,294
SYNERGON,0,20110117,134806,545,500
OTP,0,20110117,134826,5338,99
KEG,0,20110117,134848,133,500
KEG,0,20110117,134848,133,158
KEG,0,20110117,134848,132,520
KEG,0,20110117,134848,132,2000
KEG,0,20110117,134848,132,1000
KEG,0,20110117,134848,132,630
KEG,0,20110117,134848,132,1150
KEG,0,20110117,134848,132,1000
KEG,0,20110117,134848,132,3225
KEG,0,20110117,134848,132,1500
KEG,0,20110117,134848,132,100
KEG,0,20110117,134848,132,1440
KEG,0,20110117,134848,132,935
KEG,0,20110117,134848,132,500
KEG,0,20110117,134848,132,1342
SYNERGON,0,20110117,134856,545,200
OTP,0,20110117,134900,5338,184
OTP,0,20110117,134906,5336,88
MOL,0,20110117,134907,22000,10
MTELEKOM,0,20110117,134910,543,49
SYNERGON,0,20110117,134949,545,100
KEG,0,20110117,134953,133,1000
KEG,0,20110117,134953,134,100
SYNERGON,0,20110117,135001,545,50
SYNERGON,0,20110117,135001,545,150
MTELEKOM,0,20110117,135038,545,45
KEG,0,20110117,135109,132,1158
KEG,0,20110117,135109,132,1500
KEG,0,20110117,135109,132,342
SYNERGON,0,20110117,135141,542,200
SYNERGON,0,20110117,135141,540,172
SYNERGON,0,20110117,135227,540,83
SYNERGON,0,20110117,135227,540,50
FOTEX,0,20110117,135238,383,100
OTP,0,20110117,135255,5340,801
OTP,0,20110117,135255,5340,199
KEG,0,20110117,135256,132,658
KEG,0,20110117,135256,132,2000
OTP,0,20110117,135302,5340,225
OTP,0,20110117,135302,5340,275
KEG,0,20110117,135304,132,342
CSEPEL,0,20110117,135313,348,300
OTP,0,20110117,135322,5340,225
OTP,0,20110117,135322,5340,500
OTP,0,20110117,135333,5340,90
OTP,0,20110117,135400,5340,185
RICHTER,0,20110117,135403,43170,2
RICHTER,0,20110117,135403,43175,2
RICHTER,0,20110117,135403,43180,2
RICHTER,0,20110117,135403,43185,8
RICHTER,0,20110117,135403,43200,7
RICHTER,0,20110117,135403,43200,3
RICHTER,0,20110117,135403,43200,4
RICHTER,0,20110117,135403,43200,55
OTP,0,20110117,135410,5339,87
MTELEKOM,0,20110117,135410,543,19
FOTEX,0,20110117,135436,382,100
MOL,0,20110117,135531,22000,11
MOL,0,20110117,135531,22000,4
BOOK,0,20110117,135538,468,200
KEG,0,20110117,135649,133,1000
MOL,0,20110117,135650,22005,3
SYNERGON,0,20110117,135653,536,200
SYNERGON,0,20110117,135653,536,400
SYNERGON,0,20110117,135653,536,250
SYNERGON,0,20110117,135653,536,91
KEG,0,20110117,135709,133,280
OTP,0,20110117,135805,5341,1800
OTP,0,20110117,135805,5340,700
OTP,0,20110117,135806,5340,300
OTP,0,20110117,135806,5340,333
OTP,0,20110117,135811,5340,1000
OTP,0,20110117,135813,5340,867
SYNERGON,0,20110117,135835,535,67
KEG,0,20110117,135854,132,800
KEG,0,20110117,135854,132,180
KEG,0,20110117,135854,132,9020
OTP,0,20110117,135900,5340,133
OTP,0,20110117,135900,5340,140
MTELEKOM,0,20110117,135910,543,4
MOL,0,20110117,135914,22005,15
SYNERGON,0,20110117,140037,535,58
SYNERGON,0,20110117,140037,536,42
MTELEKOM,0,20110117,140053,544,1000
BUX1112,0,20110117,140124,23052,1
BUX1112,0,20110117,140124,23053,2
BUX1112,0,20110117,140124,23053.5,2
FOTEX,0,20110117,140127,383,100
FOTEX,0,20110117,140127,384,246
FOTEX,0,20110117,140127,384,250
FOTEX,0,20110117,140127,385,100
FOTEX,0,20110117,140127,385,500
FOTEX,0,20110117,140127,386,262
FOTEX,0,20110117,140127,387,500
FOTEX,0,20110117,140127,388,350
FOTEX,0,20110117,140127,389,692
SYNERGON,0,20110117,140137,536,17
SYNERGON,0,20110117,140137,540,3
FOTEX,0,20110117,140147,384,296
RABA,0,20110117,140220,835,300
FOTEX,0,20110117,140254,384,296
FOTEX,0,20110117,140257,384,112
MTELEKOM,0,20110117,140302,544,550
FHB,0,20110117,140318,970,310
OTP,0,20110117,140400,5341,100
OTP,0,20110117,140400,5341,172
OTP,0,20110117,140410,5345,100
MTELEKOM,0,20110117,140410,543,311
BOOK,0,20110117,140452,468,200
KEG,0,20110117,140517,133,62
KEG,0,20110117,140517,133,438
RICHTER,0,20110117,140522,43240,7
RICHTER,0,20110117,140522,43285,5
RICHTER,0,20110117,140522,43295,10
RICHTER,0,20110117,140522,43295,88
RICHTER,0,20110117,140522,43300,18
RICHTER,0,20110117,140522,43300,18
RICHTER,0,20110117,140522,43300,86
OTP,0,20110117,140528,5345,112
MOL,0,20110117,140550,22045,200
MOL,0,20110117,140550,22045,126
MOL,0,20110117,140550,22050,5
MOL,0,20110117,140550,22050,169
MOL,0,20110117,140632,22050,29
MOL,0,20110117,140632,22050,200
MOL,0,20110117,140632,22050,19
RICHTER,0,20110117,140654,43220,2
RICHTER,0,20110117,140702,43220,28
MTELEKOM,0,20110117,140712,543,497
MTELEKOM,0,20110117,140712,543,500
MTELEKOM,0,20110117,140712,543,423
RICHTER,0,20110117,140720,43200,7
MOL,0,20110117,140736,22010,147
MOL,0,20110117,140743,22010,53
RICHTER,0,20110117,140839,43200,4
OTP,0,20110117,140900,5343,260
MTELEKOM,0,20110117,140904,543,45
OTP,0,20110117,140907,5342,12
MTELEKOM,0,20110117,140910,543,355
OTP,0,20110117,140931,5345,188
OTP,0,20110117,140931,5349,672
FOTEX,0,20110117,140952,388,500
OTP,0,20110117,141039,5349,283
SYNERGON,0,20110117,141123,533,133
AAA,0,20110117,141147,246,150
AAA,0,20110117,141147,245,389
AAA,0,20110117,141147,244,15
AAA,0,20110117,141147,241,1036
OTP,0,20110117,141150,5349,45
OTP,0,20110117,141150,5350,424
OTP,0,20110117,141150,5350,31
SYNERGON,0,20110117,141208,533,50
BUX1112,0,20110117,141209,23053.5,1
BUX1112,0,20110117,141209,23054,5
BUX1112,0,20110117,141209,23054,1
BUX1112,0,20110117,141209,23054.5,1
BUX1112,0,20110117,141209,23054.5,2
BUX1112,0,20110117,141209,23055,5
BUX1112,0,20110117,141209,23056,10
BUX1112,0,20110117,141209,23060,5
GENESIS,0,20110117,141217,206,30
OTP,0,20110117,141221,5346,47
OTP,0,20110117,141252,5350,47
MTELEKOM,0,20110117,141301,544,750
BUX1112,0,20110117,141314,23060,1
BUX1112,0,20110117,141330,23060,7
OTP,0,20110117,141331,5350,272
OTP,0,20110117,141331,5350,228
BUX1112,0,20110117,141358,23060,7
OTP,0,20110117,141400,5346,78
OTP,0,20110117,141400,5346,194
BUX1112,0,20110117,141401,23060,5
MTELEKOM,0,20110117,141410,544,221
OTP,0,20110117,141420,5350,772
OTP,0,20110117,141420,5350,931
OTP,0,20110117,141420,5350,40
OTP,0,20110117,141420,5350,57
OTP,0,20110117,141427,5350,5
OTP,0,20110117,141430,5350,14
OTP,0,20110117,141430,5350,20
OTP,0,20110117,141430,5350,215
MOL,0,20110117,141520,22010,17
OTP,0,20110117,141558,5350,251
OTP,0,20110117,141558,5350,483
OTP,0,20110117,141558,5350,400
OTP,0,20110117,141558,5350,307
OTP,0,20110117,141558,5350,54
EGIS,0,20110117,141600,21050,13
EGIS,0,20110117,141600,21050,54
RICHTER,0,20110117,141603,43200,7
SYNERGON,0,20110117,141609,536,50
SYNERGON,0,20110117,141609,538,50
SYNERGON,0,20110117,141609,539,50
SYNERGON,0,20110117,141609,539,200
SYNERGON,0,20110117,141609,540,297
SYNERGON,0,20110117,141609,540,60
RFV,0,20110117,141636,8500,100
RFV,0,20110117,141636,8500,47
RFV,0,20110117,141636,8500,2
SYNERGON,0,20110117,141644,540,14
ECONET,0,20110117,141647,89,3000
RFV,0,20110117,141651,8520,75
BOOK,0,20110117,141657,468,400
OTP,0,20110117,141659,5350,5
OTP,0,20110117,141659,5350,50
BUX1112,0,20110117,141718,23060,3
FHB,0,20110117,141728,968,500
SYNERGON,0,20110117,141733,540,200
BUX1112,0,20110117,141803,23060,4
ECONET,0,20110117,141834,90,10
RFV,0,20110117,141838,8520,25
RFV,0,20110117,141838,8540,59
RFV,0,20110117,141838,8545,8
RFV,0,20110117,141838,8545,23
RFV,0,20110117,141838,8549,40
RFV,0,20110117,141838,8550,20
RFV,0,20110117,141838,8550,40
RFV,0,20110117,141838,8550,105
RFV,0,20110117,141838,8550,495
OTP,0,20110117,141900,5354,273
RICHTER,0,20110117,141901,43200,14
SYNERGON,0,20110117,141905,539,521
KEG,0,20110117,141908,133,400
MTELEKOM,0,20110117,141910,544,44
OTP,0,20110117,141911,5354,45
OTP,0,20110117,141911,5351,100
OTP,0,20110117,141911,5350,1445
OTP,0,20110117,141911,5350,322
OTP,0,20110117,141911,5350,88
SYNERGON,0,20110117,141913,539,479
BUX1112,0,20110117,141923,23060,1
BOOK,0,20110117,141941,468,50
SYNERGON,0,20110117,141945,539,200
SYNERGON,0,20110117,141956,539,17
BOOK,0,20110117,142000,468,150
OTP,0,20110117,142005,5353,5
MTELEKOM,0,20110117,142013,545,79
MTELEKOM,0,20110117,142013,545,100
MTELEKOM,0,20110117,142013,545,846
MOL,0,20110117,142016,22015,1
OTP,0,20110117,142027,5355,317
SYNERGON,0,20110117,142032,539,154
SYNERGON,0,20110117,142032,540,346
OTP,0,20110117,142048,5350,70
SYNERGON,0,20110117,142052,539,106
SYNERGON,0,20110117,142236,536,200
SYNERGON,0,20110117,142245,536,71
MOL,0,20110117,142253,22045,20
MOL,0,20110117,142253,22050,10
RICHTER,0,20110117,142253,43290,6
OTP,0,20110117,142255,5355,317
OTP,0,20110117,142300,5355,437
SYNERGON,0,20110117,142307,536,100
SYNERGON,0,20110117,142321,539,144
OTP,0,20110117,142329,5355,224
BUX1112,0,20110117,142339,23069,1
BUX1112,0,20110117,142339,23069.5,1
BUX1112,0,20110117,142339,23070,3
BUX1112,0,20110117,142339,23070,7
OTP,0,20110117,142339,5355,293
RFV,0,20110117,142339,8550,5
OTP,0,20110117,142358,5355,220
OTP,0,20110117,142400,5353,172
OTP,0,20110117,142406,5352,100
RICHTER,0,20110117,142407,43290,4
RICHTER,0,20110117,142407,43295,20
RICHTER,0,20110117,142407,43300,3
BUX1112,0,20110117,142409,23070,8
BUX1112,0,20110117,142409,23070,2
MTELEKOM,0,20110117,142410,543,214
RICHTER,0,20110117,142421,43300,10
OTP,0,20110117,142424,5355,152
OTP,0,20110117,142424,5355,35
OTP,0,20110117,142440,5352,300
OTP,0,20110117,142440,5352,328
OTP,0,20110117,142440,5352,872
MOL,0,20110117,142512,22050,290
PANNERGY,0,20110117,142517,905,600
MTELEKOM,0,20110117,142627,545,45
MOL,0,20110117,142629,22025,52
EGIS,0,20110117,142657,21000,100
ANY,0,20110117,142724,755,368
MTELEKOM,0,20110117,142737,545,90
SYNERGON,0,20110117,142806,539,93
SYNERGON,0,20110117,142806,540,2
MOL,0,20110117,142809,22025,33
OTP,0,20110117,142828,5354,167
OTP,0,20110117,142830,5354,209
OTP,0,20110117,142900,5352,192
OTP,0,20110117,142907,5350,80
MTELEKOM,0,20110117,142910,543,70
MTELEKOM,0,20110117,142912,545,19
MTELEKOM,0,20110117,142912,545,95
CSEPEL,0,20110117,142921,349,300
CSEPEL,0,20110117,142921,350,500
BUX1112,0,20110117,142936,23070,1
CSEPEL,0,20110117,142942,350,400
OTP,0,20110117,143029,5352,106
PANNERGY,0,20110117,143037,906,17
PANNERGY,0,20110117,143037,907,233
SYNERGON,0,20110117,143039,537,180
SYNERGON,0,20110117,143039,536,120
SYNERGON,0,20110117,143040,540,160
ETFBUXOTP,0,20110117,143105,942,10
MTELEKOM,0,20110117,143106,546,2
OTP,0,20110117,143106,5351,1
RICHTER,0,20110117,143113,43200,18
OTP,0,20110117,143124,5350,450
SYNERGON,0,20110117,143134,533,200
SYNERGON,0,20110117,143134,533,50
SYNERGON,0,20110117,143134,532,300
SYNERGON,0,20110117,143134,532,50
BOOK,0,20110117,143135,468,18
OTP,0,20110117,143159,5351,1643
SYNERGON,0,20110117,143211,530,200
SYNERGON,0,20110117,143211,529,50
SYNERGON,0,20110117,143211,528,250
FOTEX,0,20110117,143218,388,100
FOTEX,0,20110117,143226,388,430
FOTEX,0,20110117,143231,388,300
RFV,0,20110117,143255,8500,3
KEG,0,20110117,143313,133,290
FOTEX,0,20110117,143314,388,100
FOTEX,0,20110117,143321,388,296
SYNERGON,0,20110117,143330,530,40
FOTEX,0,20110117,143331,388,274
KEG,0,20110117,143348,133,100
OTP,0,20110117,143400,5351,273
BOOK,0,20110117,143401,468,248
OTP,0,20110117,143409,5354,124
OTP,0,20110117,143409,5355,15
OTP,0,20110117,143409,5355,500
OTP,0,20110117,143409,5355,100
OTP,0,20110117,143409,5355,161
MTELEKOM,0,20110117,143410,545,37
RICHTER,0,20110117,143519,43295,10
RICHTER,0,20110117,143519,43300,25
RICHTER,0,20110117,143519,43300,5
OTP,0,20110117,143530,5355,59
OTP,0,20110117,143530,5357,50
OTP,0,20110117,143530,5357,20
OTP,0,20110117,143530,5358,274
OTP,0,20110117,143530,5358,10
OTP,0,20110117,143530,5358,400
OTP,0,20110117,143530,5358,187
KEG,0,20110117,143543,133,772
KEG,0,20110117,143543,133,1000
KEG,0,20110117,143543,133,100
RICHTER,0,20110117,143612,43315,11
RICHTER,0,20110117,143612,43350,5
RICHTER,0,20110117,143612,43350,6
FHB,0,20110117,143619,968,200
ANY,0,20110117,143620,755,50
KEG,0,20110117,143635,134,669
KEG,0,20110117,143635,134,1000
KEG,0,20110117,143635,134,31
DANUBIUS,0,20110117,143643,4170,5
MTELEKOM,0,20110117,143742,546,100
MTELEKOM,0,20110117,143804,545,255
MTELEKOM,0,20110117,143848,545,94
MTELEKOM,0,20110117,143848,544,450
MTELEKOM,0,20110117,143848,543,893
MTELEKOM,0,20110117,143848,543,153
OTP,0,20110117,143900,5352,770
OTP,0,20110117,143900,5351,728
OTP,0,20110117,143906,5351,272
MTELEKOM,0,20110117,143910,543,397
CSEPEL,0,20110117,143917,350,112
OTP,0,20110117,143950,5358,20
BUX1112,0,20110117,143956,23070,1
CSEPEL,0,20110117,144001,350,200
SYNERGON,0,20110117,144002,528,90
SYNERGON,0,20110117,144015,528,200
SYNERGON,0,20110117,144018,528,20
SYNERGON,0,20110117,144018,528,400
OTP,0,20110117,144029,5358,300
ZWACK,0,20110117,144057,12910,8
FHB,0,20110117,144121,968,200
RICHTER,0,20110117,144142,43200,7
RICHTER,0,20110117,144316,43290,14
RICHTER,0,20110117,144316,43300,2
OTP,0,20110117,144354,5353,63
OTP,0,20110117,144354,5351,1937
OTP,0,20110117,144400,5351,272
MTELEKOM,0,20110117,144411,543,79
OTP,0,20110117,144427,5351,100
SYNERGON,0,20110117,144447,532,4
OTP,0,20110117,144503,5351,200
RICHTER,0,20110117,144514,43300,14
EBGOLD,0,20110117,144519,2839,125
RICHTER,0,20110117,144532,43300,70
MOL,0,20110117,144532,22030,300
OTP,0,20110117,144533,5351,1875
OTP,0,20110117,144533,5350,1200
OTP,0,20110117,144533,5350,100
FHB,0,20110117,144552,968,500
OTP,0,20110117,144600,5349,328
SYNERGON,0,20110117,144614,528,50
OTP,0,20110117,144620,5347,100
BUX1112,0,20110117,144622,23050,1
BUX1112,0,20110117,144622,23050,2
OTP,0,20110117,144641,5348,500
BUX1112,0,20110117,144652,23050,1
MOL,0,20110117,144710,22025,148
MOL,0,20110117,144710,22010,20
MOL,0,20110117,144710,22010,49
OTP,0,20110117,144718,5347,222
OTP,0,20110117,144718,5345,150
OTP,0,20110117,144718,5345,228
MOL,0,20110117,144750,22010,73
MOL,0,20110117,144750,22010,300
MOL,0,20110117,144750,22005,27
MOL,0,20110117,144755,22005,105
MOL,0,20110117,144755,22000,296
MOL,0,20110117,144755,22000,10
MOL,0,20110117,144759,22000,300
MOL,0,20110117,144803,22000,300
MTELEKOM,0,20110117,144805,545,200
MOL,0,20110117,144806,22000,150
FHB,0,20110117,144810,969,50
MOL,0,20110117,144810,22000,150
MOL,0,20110117,144812,22000,180
OTP,0,20110117,144812,5345,272
KEG,0,20110117,144817,133,1000
MOL,0,20110117,144819,22000,120
MOL,0,20110117,144819,22000,180
MOL,0,20110117,144821,22000,5
MOL,0,20110117,144825,22000,115
MOL,0,20110117,144825,22000,85
MOL,0,20110117,144825,22000,172
MOL,0,20110117,144825,22000,300
MOL,0,20110117,144826,22000,37
MOL,0,20110117,144828,22000,61
MOL,0,20110117,144831,22000,200
MOL,0,20110117,144833,22000,2
MOL,0,20110117,144833,22000,300
MOL,0,20110117,144834,22000,10
MOL,0,20110117,144835,22000,188
MOL,0,20110117,144840,22000,112
MOL,0,20110117,144840,22000,300
MOL,0,20110117,144842,22000,88
MOL,0,20110117,144842,22000,3
MOL,0,20110117,144851,22000,209
MOL,0,20110117,144852,22000,291
MOL,0,20110117,144900,22000,9
OTP,0,20110117,144900,5340,273
OTP,0,20110117,144900,5340,500
MOL,0,20110117,144901,22000,300
MOL,0,20110117,144903,22000,197
MOL,0,20110117,144909,22000,81
MOL,0,20110117,144909,22000,19
MTELEKOM,0,20110117,144910,543,56
RICHTER,0,20110117,144919,43200,5
BUX1112,0,20110117,144930,23036,1
BUX1112,0,20110117,144930,23031,3
FHB,0,20110117,144930,968,1400
OTP,0,20110117,145000,5345,964
OTP,0,20110117,145015,5345,500
ZWACK,0,20110117,145022,12810,5
FOTEX,0,20110117,145038,388,100
FOTEX,0,20110117,145038,388,786
FOTEX,0,20110117,145038,389,308
FOTEX,0,20110117,145038,389,270
FOTEX,0,20110117,145038,389,400
FOTEX,0,20110117,145038,389,136
FOTEX,0,20110117,145048,388,786
FOTEX,0,20110117,145048,389,64
FOTEX,0,20110117,145048,389,600
FOTEX,0,20110117,145056,388,786
FOTEX,0,20110117,145056,390,1214
FOTEX,0,20110117,145058,388,478
BUX1112,0,20110117,145104,23031,1
OTP,0,20110117,145117,5345,1
RICHTER,0,20110117,145122,43200,38
RICHTER,0,20110117,145143,43200,63
ORC,0,20110117,145307,2000,206
MTELEKOM,0,20110117,145316,544,5000
MTELEKOM,0,20110117,145318,543,315
MTELEKOM,0,20110117,145318,543,18
OTP,0,20110117,145322,5340,5
MTELEKOM,0,20110117,145327,542,678
EGIS,0,20110117,145343,21000,20
