<TICKER>,<PER>,<DTYYYYMMDD>,<TIME>,<CLOSE>,<VOLUME>
EGIS,0,20110120,090031,21000,5
EGIS,0,20110120,090031,21000,5
EGIS,0,20110120,090031,21000,30
EGIS,0,20110120,090031,21000,60
EGIS,0,20110120,090031,21000,143
FHB,0,20110120,090031,969,62
FHB,0,20110120,090031,969,110
MOL,0,20110120,090031,22455,1
MOL,0,20110120,090031,22455,4
MOL,0,20110120,090031,22455,100
MOL,0,20110120,090031,22455,100
MOL,0,20110120,090031,22455,30
MOL,0,20110120,090031,22455,15
MOL,0,20110120,090031,22455,3
MOL,0,20110120,090031,22455,32
MOL,0,20110120,090031,22455,68
MOL,0,20110120,090031,22455,12
MOL,0,20110120,090031,22455,88
MOL,0,20110120,090031,22455,12
MOL,0,20110120,090031,22455,138
MOL,0,20110120,090031,22455,150
MOL,0,20110120,090031,22455,182
MOL,0,20110120,090031,22455,18
MOL,0,20110120,090031,22455,82
MOL,0,20110120,090031,22455,17
MOL,0,20110120,090031,22455,1
MOL,0,20110120,090031,22455,65
MOL,0,20110120,090031,22455,4
MOL,0,20110120,090031,22455,25
MTELEKOM,0,20110120,090031,547,500
MTELEKOM,0,20110120,090031,547,2000
MTELEKOM,0,20110120,090031,547,2300
MTELEKOM,0,20110120,090031,547,1500
MTELEKOM,0,20110120,090031,547,200
MTELEKOM,0,20110120,090031,547,1800
MTELEKOM,0,20110120,090031,547,200
MTELEKOM,0,20110120,090031,547,22
MTELEKOM,0,20110120,090031,547,1778
MTELEKOM,0,20110120,090031,547,222
MTELEKOM,0,20110120,090031,547,182
MTELEKOM,0,20110120,090031,547,596
OTP,0,20110120,090031,5570,32
OTP,0,20110120,090031,5570,7
OTP,0,20110120,090031,5570,22
OTP,0,20110120,090031,5570,60
OTP,0,20110120,090031,5570,200
OTP,0,20110120,090031,5570,52
OTP,0,20110120,090031,5570,27
OTP,0,20110120,090031,5570,73
OTP,0,20110120,090031,5570,48
OTP,0,20110120,090031,5570,50
OTP,0,20110120,090031,5570,129
OTP,0,20110120,090031,5570,15
OTP,0,20110120,090031,5570,15
OTP,0,20110120,090031,5570,18
OTP,0,20110120,090031,5570,21
OTP,0,20110120,090031,5570,19
OTP,0,20110120,090031,5570,286
OTP,0,20110120,090031,5570,519
OTP,0,20110120,090031,5570,400
OTP,0,20110120,090031,5570,350
OTP,0,20110120,090031,5570,445
OTP,0,20110120,090031,5570,555
OTP,0,20110120,090031,5570,1000
OTP,0,20110120,090031,5570,25
OTP,0,20110120,090031,5570,550
OTP,0,20110120,090031,5570,870
OTP,0,20110120,090031,5570,130
OTP,0,20110120,090031,5570,30
OTP,0,20110120,090031,5570,150
OTP,0,20110120,090031,5570,100
OTP,0,20110120,090031,5570,38
OTP,0,20110120,090031,5570,116
OTP,0,20110120,090031,5570,1436
OTP,0,20110120,090031,5570,564
OTP,0,20110120,090031,5570,90
OTP,0,20110120,090031,5570,400
OTP,0,20110120,090031,5570,4446
OTP,0,20110120,090031,5570,15
OTP,0,20110120,090031,5570,5
OTP,0,20110120,090031,5570,200
OTP,0,20110120,090031,5570,18
OTP,0,20110120,090031,5570,11
OTP,0,20110120,090031,5570,600
OTP,0,20110120,090031,5570,4000
OTP,0,20110120,090031,5570,20
OTP,0,20110120,090031,5570,200
OTP,0,20110120,090031,5570,150
OTP,0,20110120,090031,5570,180
OTP,0,20110120,090031,5570,20
OTP,0,20110120,090031,5570,40
OTP,0,20110120,090031,5570,70
OTP,0,20110120,090031,5570,25
OTP,0,20110120,090031,5570,50
OTP,0,20110120,090031,5570,65
OTP,0,20110120,090031,5570,200
OTP,0,20110120,090031,5570,50
OTP,0,20110120,090031,5570,25
OTP,0,20110120,090031,5570,19
OTP,0,20110120,090031,5570,40
OTP,0,20110120,090031,5570,1000
OTP,0,20110120,090031,5570,50
OTP,0,20110120,090031,5570,20
OTP,0,20110120,090031,5570,100
OTP,0,20110120,090031,5570,3000
OTP,0,20110120,090031,5570,2000
OTP,0,20110120,090031,5570,730
OTP,0,20110120,090031,5570,34
PANNERGY,0,20110120,090031,912,132
PANNERGY,0,20110120,090031,912,400
PANNERGY,0,20110120,090031,912,168
PHYLAXIA,0,20110120,090031,44,20
PHYLAXIA,0,20110120,090031,44,1245
PHYLAXIA,0,20110120,090031,44,3985
RABA,0,20110120,090031,840,150
RABA,0,20110120,090031,840,87
RABA,0,20110120,090031,840,120
RABA,0,20110120,090031,840,350
RABA,0,20110120,090031,840,50
RABA,0,20110120,090031,840,100
RABA,0,20110120,090031,840,137
RABA,0,20110120,090031,840,80
RABA,0,20110120,090031,840,76
RFV,0,20110120,090031,8520,10
RICHTER,0,20110120,090031,42790,2
RICHTER,0,20110120,090031,42790,1
RICHTER,0,20110120,090031,42790,10
RICHTER,0,20110120,090031,42790,2
RICHTER,0,20110120,090031,42790,2
RICHTER,0,20110120,090031,42790,5
RICHTER,0,20110120,090031,42790,1
RICHTER,0,20110120,090031,42790,5
BUX1112,0,20110120,090036,23471,5
BUX1112,0,20110120,090036,23471,1
BUX1112,0,20110120,090036,23471,4
BUX1112,0,20110120,090036,23471,10
BUX1112,0,20110120,090036,23471,6
BUX1112,0,20110120,090036,23471,4
BUX1112,0,20110120,090036,23471,1
BUX1112,0,20110120,090036,23471,2
BUX1112,0,20110120,090036,23471,1
BUX1112,0,20110120,090036,23471,1
BUX1112,0,20110120,090036,23471,1
BUX1112,0,20110120,090036,23471,4
BUX1112,0,20110120,090036,23471,1
BUX1112,0,20110120,090036,23471,4
BUX1112,0,20110120,090036,23471,2
BUX1112,0,20110120,090036,23471,1
BUX1112,0,20110120,090036,23471,3
BUX1112,0,20110120,090036,23471,10
BUX1112,0,20110120,090036,23471,30
BUX1112,0,20110120,090036,23471,7
BUX1112,0,20110120,090036,23471,1
BUX1112,0,20110120,090036,23471,2
BUX1112,0,20110120,090036,23471,2
BUX1112,0,20110120,090036,23471,5
BUX1112,0,20110120,090036,23471,1
BUX1112,0,20110120,090036,23471,1
BUX1112,0,20110120,090036,23471,20
BUX1112,0,20110120,090036,23471,2
BUX1112,0,20110120,090036,23471,2
BUX1112,0,20110120,090036,23471,24
BUX1112,0,20110120,090036,23471,6
BUX1112,0,20110120,090036,23471,3
BUX1112,0,20110120,090036,23471,1
BUX1112,0,20110120,090036,23471,4
BUX1112,0,20110120,090036,23471,2
BUX1112,0,20110120,090036,23471,5
BUX1112,0,20110120,090200,23471,1
BUX1112,0,20110120,090200,23468,7
BUX1112,0,20110120,090200,23468,1
OTP,0,20110120,090200,5568,15
OTP,0,20110120,090200,5568,400
OTP,0,20110120,090200,5568,27
OTP,0,20110120,090200,5568,181
OTP,0,20110120,090200,5568,177
OTP,0,20110120,090200,5566,3
OTP,0,20110120,090200,5566,217
OTP,0,20110120,090200,5566,215
OTP,0,20110120,090200,5566,470
OTP,0,20110120,090200,5566,400
OTP,0,20110120,090200,5566,1695
OTP,0,20110120,090200,5565,800
OTP,0,20110120,090200,5565,3000
OTP,0,20110120,090200,5560,15
OTP,0,20110120,090200,5560,100
OTP,0,20110120,090200,5560,200
OTP,0,20110120,090200,5560,1000
OTP,0,20110120,090200,5555,108
OTP,0,20110120,090200,5555,163
OTP,0,20110120,090200,5555,100
OTP,0,20110120,090200,5555,50
OTP,0,20110120,090200,5555,21
OTP,0,20110120,090200,5553,15
OTP,0,20110120,090200,5553,50
OTP,0,20110120,090200,5553,100
OTP,0,20110120,090200,5553,835
OTP,0,20110120,090200,5551,50
OTP,0,20110120,090200,5551,25
OTP,0,20110120,090200,5551,50
OTP,0,20110120,090200,5551,2000
OTP,0,20110120,090200,5551,60
OTP,0,20110120,090200,5551,100
OTP,0,20110120,090200,5551,50
OTP,0,20110120,090200,5551,50
OTP,0,20110120,090200,5551,380
PANNERGY,0,20110120,090200,912,32
PANNERGY,0,20110120,090200,911,68
RABA,0,20110120,090200,840,18
OTP,0,20110120,090200,5555,48
OTP,0,20110120,090200,5565,25
OTP,0,20110120,090200,5565,400
OTP,0,20110120,090200,5565,800
OTP,0,20110120,090200,5565,1200
OTP,0,20110120,090200,5565,1527
OTP,0,20110120,090200,5565,73
OTP,0,20110120,090200,5570,2427
MOL,0,20110120,090200,22500,5
MOL,0,20110120,090200,22500,48
MOL,0,20110120,090200,22500,25
MOL,0,20110120,090200,22500,150
MOL,0,20110120,090200,22500,20
MOL,0,20110120,090200,22500,4
MTELEKOM,0,20110120,090200,547,861
OTP,0,20110120,090201,5560,1000
OTP,0,20110120,090201,5560,109
MOL,0,20110120,090201,22570,3
OTP,0,20110120,090201,5551,2835
MTELEKOM,0,20110120,090201,547,2179
MTELEKOM,0,20110120,090202,547,1251
OTP,0,20110120,090202,5555,60
OTP,0,20110120,090202,5560,32
OTP,0,20110120,090203,5551,17
OTP,0,20110120,090204,5560,859
OTP,0,20110120,090204,5565,141
OTP,0,20110120,090205,5565,359
OTP,0,20110120,090205,5570,190
OTP,0,20110120,090205,5570,450
OTP,0,20110120,090205,5570,1
OTP,0,20110120,090206,5570,184
OTP,0,20110120,090206,5570,816
OTP,0,20110120,090206,5570,523
OTP,0,20110120,090208,5570,391
OTP,0,20110120,090209,5570,85
OTP,0,20110120,090210,5570,18
OTP,0,20110120,090213,5570,40
OTP,0,20110120,090214,5570,13
OTP,0,20110120,090215,5570,17
OTP,0,20110120,090215,5575,100
RABA,0,20110120,090215,845,80
EGIS,0,20110120,090216,21000,171
EGIS,0,20110120,090216,21000,100
OTP,0,20110120,090216,5570,50
MOL,0,20110120,090217,22500,40
BUX1112,0,20110120,090217,23472,1
RICHTER,0,20110120,090217,42790,5
EGIS,0,20110120,090218,21000,29
EGIS,0,20110120,090218,20905,6
EGIS,0,20110120,090218,20810,25
EGIS,0,20110120,090218,20805,6
EGIS,0,20110120,090218,20800,54
EGIS,0,20110120,090218,20800,6
EGIS,0,20110120,090218,20800,2
EGIS,0,20110120,090218,20800,12
EGIS,0,20110120,090219,20750,3
EGIS,0,20110120,090219,20750,8
EGIS,0,20110120,090219,20705,6
EGIS,0,20110120,090219,20700,10
EGIS,0,20110120,090219,20700,2
EGIS,0,20110120,090219,20680,2
EGIS,0,20110120,090219,20605,6
EGIS,0,20110120,090219,20605,5
EGIS,0,20110120,090219,20515,1
EGIS,0,20110120,090219,20515,6
EGIS,0,20110120,090219,20510,194
EGIS,0,20110120,090219,20510,10
EGIS,0,20110120,090219,20580,11
EGIS,0,20110120,090220,20580,18
BUX1112,0,20110120,090220,23480,5
OTP,0,20110120,090220,5570,72
OTP,0,20110120,090223,5571,40
OTP,0,20110120,090223,5571,960
OTP,0,20110120,090223,5570,40
BUX1112,0,20110120,090224,23472,1
BUX1112,0,20110120,090224,23470,9
KEG,0,20110120,090225,132,60
OTP,0,20110120,090225,5575,100
BUX1112,0,20110120,090227,23480,10
EGIS,0,20110120,090228,20600,26
EGIS,0,20110120,090228,20600,7
EGIS,0,20110120,090228,20600,200
OTP,0,20110120,090229,5578,235
OTP,0,20110120,090229,5579,80
OTP,0,20110120,090229,5580,323
OTP,0,20110120,090229,5580,10
OTP,0,20110120,090229,5580,352
OTP,0,20110120,090229,5580,48
OTP,0,20110120,090229,5580,445
OTP,0,20110120,090229,5580,44
OTP,0,20110120,090229,5580,463
OTP,0,20110120,090231,5580,537
OTP,0,20110120,090231,5580,85
OTP,0,20110120,090231,5580,155
OTP,0,20110120,090231,5580,223
OTP,0,20110120,090232,5571,150
OTP,0,20110120,090234,5571,50
OTP,0,20110120,090234,5572,16
OTP,0,20110120,090234,5572,300
OTP,0,20110120,090234,5572,250
OTP,0,20110120,090234,5580,277
OTP,0,20110120,090234,5580,280
OTP,0,20110120,090234,5580,15
OTP,0,20110120,090234,5580,300
OTP,0,20110120,090234,5580,3600
OTP,0,20110120,090234,5580,190
OTP,0,20110120,090234,5580,29
OTP,0,20110120,090234,5580,309
OTP,0,20110120,090235,5572,120
OTP,0,20110120,090235,5580,541
OTP,0,20110120,090235,5580,132
EGIS,0,20110120,090236,20685,10
EGIS,0,20110120,090236,20700,50
RICHTER,0,20110120,090244,42790,4
RICHTER,0,20110120,090244,42790,17
OTP,0,20110120,090245,5580,327
OTP,0,20110120,090245,5580,1000
OTP,0,20110120,090245,5572,314
OTP,0,20110120,090245,5572,150
OTP,0,20110120,090245,5571,2300
OTP,0,20110120,090245,5571,909
EGIS,0,20110120,090246,20685,83
OTP,0,20110120,090258,5580,400
OTP,0,20110120,090258,5575,60
MOL,0,20110120,090258,22505,4
FHB,0,20110120,090300,969,128
OTP,0,20110120,090300,5582,36
OTP,0,20110120,090300,5582,13
EGIS,0,20110120,090302,20685,117
EGIS,0,20110120,090302,20685,36
RICHTER,0,20110120,090302,42850,1
RICHTER,0,20110120,090304,42850,1
MOL,0,20110120,090304,22550,1
OTP,0,20110120,090306,5582,30
BUX1112,0,20110120,090311,23490,1
BUX1112,0,20110120,090311,23490,10
BUX1112,0,20110120,090311,23497,9
OTP,0,20110120,090312,5581,20
BUX1112,0,20110120,090312,23497,4
BUX1112,0,20110120,090314,23481,10
OTP,0,20110120,090317,5575,40
OTP,0,20110120,090317,5575,60
OTP,0,20110120,090325,5575,150
OTP,0,20110120,090325,5580,250
OTP,0,20110120,090326,5580,20
EGIS,0,20110120,090329,20695,50
EGIS,0,20110120,090330,20600,200
EGIS,0,20110120,090330,20750,10
EGIS,0,20110120,090330,20780,29
EGIS,0,20110120,090331,20780,36
OTP,0,20110120,090332,5580,10
BUX1112,0,20110120,090333,23485,6
OTP,0,20110120,090336,5576,200
RICHTER,0,20110120,090337,42850,2
PFLAX,0,20110120,090340,750,50
PFLAX,0,20110120,090340,750,400
PFLAX,0,20110120,090340,750,80
OTP,0,20110120,090344,5578,283
OTP,0,20110120,090344,5580,50
PANNERGY,0,20110120,090345,911,100
BUX1112,0,20110120,090346,23490,1
OTP,0,20110120,090349,5580,70
OTP,0,20110120,090351,5580,100
PFLAX,0,20110120,090352,750,148
OTP,0,20110120,090352,5580,170
OTP,0,20110120,090354,5580,20
EGIS,0,20110120,090357,20700,20
BUX1112,0,20110120,090358,23486,1
BUX1112,0,20110120,090358,23486,9
OTP,0,20110120,090402,5580,40
BUX1112,0,20110120,090402,23490,50
OTP,0,20110120,090402,5580,60
BUX1112,0,20110120,090403,23490,14
OTP,0,20110120,090406,5580,140
OTP,0,20110120,090406,5580,188
OTP,0,20110120,090406,5580,100
OTP,0,20110120,090406,5582,172
BUX1112,0,20110120,090406,23486,1
OTP,0,20110120,090408,5578,297
OTP,0,20110120,090408,5578,149
MOL,0,20110120,090413,22505,10
OTP,0,20110120,090414,5578,50
MOL,0,20110120,090414,22510,20
BUX1112,0,20110120,090415,23490,1
OTP,0,20110120,090417,5578,27
OTP,0,20110120,090417,5578,700
BUX1112,0,20110120,090421,23490,10
MOL,0,20110120,090422,22505,186
MOL,0,20110120,090422,22505,18
MOL,0,20110120,090422,22500,408
MOL,0,20110120,090422,22500,100
EGIS,0,20110120,090422,20750,15
OTP,0,20110120,090423,5580,88
MOL,0,20110120,090423,22500,31
OTP,0,20110120,090423,5582,20
BUX1112,0,20110120,090424,23490,4
BUX1112,0,20110120,090424,23490,14
BUX1112,0,20110120,090424,23485,1
OTP,0,20110120,090425,5582,200
ETFBUXOTP,0,20110120,090426,935,2
MOL,0,20110120,090426,22500,100
OTP,0,20110120,090429,5580,185
OTP,0,20110120,090429,5578,500
OTP,0,20110120,090429,5576,200
OTP,0,20110120,090429,5576,22
OTP,0,20110120,090429,5575,500
OTP,0,20110120,090429,5575,100
OTP,0,20110120,090429,5573,200
OTP,0,20110120,090429,5573,100
OTP,0,20110120,090429,5572,20
OTP,0,20110120,090429,5572,62
OTP,0,20110120,090429,5572,138
OTP,0,20110120,090429,5572,400
OTP,0,20110120,090429,5572,1000
OTP,0,20110120,090429,5572,200
OTP,0,20110120,090429,5571,91
OTP,0,20110120,090429,5571,1171
OTP,0,20110120,090429,5571,100
BUX1112,0,20110120,090434,23485,1
OTP,0,20110120,090438,5578,125
BUX1112,0,20110120,090443,23485,5
EGIS,0,20110120,090445,20750,85
OTP,0,20110120,090450,5578,75
OTP,0,20110120,090450,5575,400
OTP,0,20110120,090450,5573,25
OTP,0,20110120,090450,5573,500
RICHTER,0,20110120,090451,42805,20
RICHTER,0,20110120,090451,42805,14
ZWACK,0,20110120,090452,13250,10
MOL,0,20110120,090455,22490,10
MOL,0,20110120,090455,22495,50
MOL,0,20110120,090455,22500,40
OTP,0,20110120,090456,5580,10
OTP,0,20110120,090456,5580,250
OTP,0,20110120,090456,5580,20
OTP,0,20110120,090456,5580,100
OTP,0,20110120,090456,5581,25
OTP,0,20110120,090456,5582,29
OTP,0,20110120,090456,5582,200
OTP,0,20110120,090456,5582,50
OTP,0,20110120,090456,5583,140
OTP,0,20110120,090456,5584,56
BUX1112,0,20110120,090457,23485,10
MTELEKOM,0,20110120,090500,548,500
MTELEKOM,0,20110120,090500,548,500
BUX1112,0,20110120,090502,23485,3
BUX1112,0,20110120,090502,23485,20
MTELEKOM,0,20110120,090510,549,1550
MTELEKOM,0,20110120,090510,550,2450
EGIS,0,20110120,090511,20770,30
EGIS,0,20110120,090511,20780,170
OTP,0,20110120,090516,5580,620
OTP,0,20110120,090516,5580,180
OTP,0,20110120,090517,5585,1000
OTP,0,20110120,090517,5585,300
MOL,0,20110120,090517,22500,117
MOL,0,20110120,090517,22500,30
OTP,0,20110120,090519,5585,700
OTP,0,20110120,090519,5581,300
EGIS,0,20110120,090519,20780,15
BUX1112,0,20110120,090521,23481,1
BUX1112,0,20110120,090523,23480,1
BUX1112,0,20110120,090523,23485,9
BUX1112,0,20110120,090523,23485,1
BUX1112,0,20110120,090523,23485,10
RICHTER,0,20110120,090530,42850,16
RICHTER,0,20110120,090530,42850,16
RICHTER,0,20110120,090530,42880,28
RICHTER,0,20110120,090530,42900,10
MOL,0,20110120,090530,22510,31
OTP,0,20110120,090531,5583,50
OTP,0,20110120,090531,5581,200
OTP,0,20110120,090532,5584,30
OTP,0,20110120,090533,5581,500
OTP,0,20110120,090533,5580,500
BUX1112,0,20110120,090534,23490,3
RICHTER,0,20110120,090535,42900,30
PFLAX,0,20110120,090537,799,2000
EGIS,0,20110120,090538,20780,15
EGIS,0,20110120,090543,20780,50
BUX1112,0,20110120,090544,23490,3
MOL,0,20110120,090545,22500,3
MOL,0,20110120,090551,22500,100
OTP,0,20110120,090551,5582,100
OTP,0,20110120,090551,5580,1000
OTP,0,20110120,090551,5580,50
OTP,0,20110120,090551,5584,10
OTP,0,20110120,090551,5584,8
OTP,0,20110120,090551,5585,2
EGIS,0,20110120,090556,20780,35
EGIS,0,20110120,090558,20790,15
BUX1112,0,20110120,090604,23490,2
BUX1112,0,20110120,090604,23480,2
OTP,0,20110120,090605,5585,348
OTP,0,20110120,090605,5586,2000
OTP,0,20110120,090605,5589,720
OTP,0,20110120,090605,5589,3650
OTP,0,20110120,090605,5590,100
OTP,0,20110120,090605,5590,200
OTP,0,20110120,090605,5590,336
OTP,0,20110120,090605,5590,40
OTP,0,20110120,090605,5590,50
OTP,0,20110120,090605,5590,1500
BUX1112,0,20110120,090619,23490,1
BUX1112,0,20110120,090621,23490,1
BUX1112,0,20110120,090621,23490,7
OTP,0,20110120,090622,5590,470
OTP,0,20110120,090624,5590,18
BUX1112,0,20110120,090624,23497,7
BUX1112,0,20110120,090624,23498,1
BUX1112,0,20110120,090624,23499,2
BUX1112,0,20110120,090627,23490,20
PANNERGY,0,20110120,090630,911,162
PANNERGY,0,20110120,090630,911,38
OTP,0,20110120,090631,5590,568
OTP,0,20110120,090635,5590,49
BUX1112,0,20110120,090635,23490,5
OTP,0,20110120,090639,5586,25
FHB,0,20110120,090644,971,100
FHB,0,20110120,090644,970,100
MOL,0,20110120,090644,22505,10
OTP,0,20110120,090645,5586,975
OTP,0,20110120,090645,5583,11
OTP,0,20110120,090645,5581,14
OTP,0,20110120,090649,5581,200
MTELEKOM,0,20110120,090650,549,100
MOL,0,20110120,090651,22500,20
OTP,0,20110120,090654,5581,250
OTP,0,20110120,090658,5590,200
OTP,0,20110120,090659,5581,36
OTP,0,20110120,090659,5581,50
OTP,0,20110120,090659,5581,914
MOL,0,20110120,090702,22545,3
MOL,0,20110120,090702,22550,5
OTP,0,20110120,090704,5590,183
OTP,0,20110120,090704,5590,150
OTP,0,20110120,090704,5590,17
BUX1112,0,20110120,090706,23498,4
MTELEKOM,0,20110120,090716,549,1247
MTELEKOM,0,20110120,090716,549,8753
MOL,0,20110120,090718,22500,230
MOL,0,20110120,090718,22500,270
BUX1112,0,20110120,090721,23491,1
OTP,0,20110120,090723,5582,1
BUX1112,0,20110120,090741,23498,5
EGIS,0,20110120,090741,20850,50
BUX1112,0,20110120,090746,23490,1
EGIS,0,20110120,090747,20900,100
EGIS,0,20110120,090748,20850,200
SYNERGON,0,20110120,090753,530,200
SYNERGON,0,20110120,090753,530,507
OTP,0,20110120,090755,5583,50
MOL,0,20110120,090804,22505,200
BUX1112,0,20110120,090804,23497,3
BUX1112,0,20110120,090804,23498,1
BUX1112,0,20110120,090804,23498,6
BUX1112,0,20110120,090804,23499,30
BUX1112,0,20110120,090806,23499,4
OTP,0,20110120,090813,5589,250
OTP,0,20110120,090813,5590,333
OTP,0,20110120,090813,5590,300
OTP,0,20110120,090813,5590,117
OTP,0,20110120,090813,5590,233
OTP,0,20110120,090813,5590,100
MOL,0,20110120,090819,22505,60
MOL,0,20110120,090825,22505,140
MOL,0,20110120,090825,22500,30
MOL,0,20110120,090825,22500,100
MOL,0,20110120,090825,22500,260
MOL,0,20110120,090825,22500,200
RICHTER,0,20110120,090826,42900,73
RICHTER,0,20110120,090826,42900,16
RICHTER,0,20110120,090826,42900,11
MOL,0,20110120,090828,22500,270
RICHTER,0,20110120,090830,42900,35
RICHTER,0,20110120,090830,42975,2
RICHTER,0,20110120,090830,42975,13
BUX1112,0,20110120,090836,23490,1
OTP,0,20110120,090837,5594,30
MTELEKOM,0,20110120,090842,548,100
MTELEKOM,0,20110120,090842,548,1000
BUX1112,0,20110120,090842,23485,2
OTP,0,20110120,090844,5594,70
OTP,0,20110120,090844,5594,200
OTP,0,20110120,090844,5595,60
OTP,0,20110120,090844,5595,50
OTP,0,20110120,090844,5595,8
OTP,0,20110120,090844,5596,112
BUX1112,0,20110120,090847,23490,1
OTP,0,20110120,090850,5596,288
OTP,0,20110120,090850,5596,50
OTP,0,20110120,090850,5597,100
OTP,0,20110120,090850,5598,562
OTP,0,20110120,090850,5598,1000
OTP,0,20110120,090851,5598,438
OTP,0,20110120,090851,5598,35
OTP,0,20110120,090851,5599,527
OTP,0,20110120,090852,5599,473
OTP,0,20110120,090852,5599,200
OTP,0,20110120,090852,5599,35
OTP,0,20110120,090852,5599,85
OTP,0,20110120,090852,5599,207
OTP,0,20110120,090852,5599,793
OTP,0,20110120,090852,5599,70
OTP,0,20110120,090852,5600,137
OTP,0,20110120,090852,5600,200
OTP,0,20110120,090853,5600,63
OTP,0,20110120,090853,5600,104
OTP,0,20110120,090853,5600,100
OTP,0,20110120,090853,5600,180
OTP,0,20110120,090853,5600,168
OTP,0,20110120,090853,5600,200
OTP,0,20110120,090853,5600,185
OTP,0,20110120,090853,5600,1000
OTP,0,20110120,090854,5600,295
OTP,0,20110120,090854,5600,100
OTP,0,20110120,090854,5600,36
OTP,0,20110120,090854,5600,569
BUX1112,0,20110120,090856,23490,1
OTP,0,20110120,090857,5600,431
OTP,0,20110120,090857,5600,6000
OTP,0,20110120,090857,5600,422
OTP,0,20110120,090857,5600,450
OTP,0,20110120,090857,5600,38
OTP,0,20110120,090857,5600,80
OTP,0,20110120,090857,5600,49
OTP,0,20110120,090857,5600,360
OTP,0,20110120,090857,5600,70
OTP,0,20110120,090857,5600,3000
OTP,0,20110120,090857,5600,200
MTELEKOM,0,20110120,090903,549,5247
MTELEKOM,0,20110120,090903,549,2189
MTELEKOM,0,20110120,090903,550,2564
OTP,0,20110120,090906,5600,16
OTP,0,20110120,090908,5600,280
OTP,0,20110120,090908,5600,300
OTP,0,20110120,090910,5600,200
BUX1112,0,20110120,090912,23497,2
OTP,0,20110120,090913,5600,100
OTP,0,20110120,090913,5600,1000
OTP,0,20110120,090916,5605,100
OTP,0,20110120,090916,5605,130
BUX1112,0,20110120,090917,23497,3
BUX1112,0,20110120,090917,23497,3
BUX1112,0,20110120,090917,23498,5
BUX1112,0,20110120,090917,23499,16
MTELEKOM,0,20110120,090917,549,1609
EGIS,0,20110120,090918,20990,50
OTP,0,20110120,090921,5608,5
BUX1112,0,20110120,090921,23500,1
BUX1112,0,20110120,090921,23500,1
RICHTER,0,20110120,090922,42900,100
RICHTER,0,20110120,090922,42900,16
OTP,0,20110120,090924,5606,200
OTP,0,20110120,090924,5605,250
OTP,0,20110120,090924,5605,840
OTP,0,20110120,090926,5608,40
BUX1112,0,20110120,090926,23500,8
BUX1112,0,20110120,090926,23500,2
BUX1112,0,20110120,090926,23500,20
BUX1112,0,20110120,090926,23500,2
BUX1112,0,20110120,090926,23500,18
BUX1112,0,20110120,090928,23500,2
BUX1112,0,20110120,090928,23500,18
BUX1112,0,20110120,090928,23500,2
BUX1112,0,20110120,090928,23500,3
OTP,0,20110120,090930,5608,455
OTP,0,20110120,090930,5608,100
OTP,0,20110120,090930,5609,119
OTP,0,20110120,090930,5610,45
OTP,0,20110120,090930,5610,399
OTP,0,20110120,090930,5610,188
OTP,0,20110120,090937,5610,812
OTP,0,20110120,090937,5610,188
OTP,0,20110120,090937,5605,160
OTP,0,20110120,090937,5605,20
OTP,0,20110120,090937,5605,400
OTP,0,20110120,090937,5601,40
OTP,0,20110120,090937,5601,20
RICHTER,0,20110120,090940,42900,50
MTELEKOM,0,20110120,090950,549,1000
OTP,0,20110120,090950,5610,50
OTP,0,20110120,090951,5608,944
RICHTER,0,20110120,090951,42900,34
RICHTER,0,20110120,090951,42900,6
OTP,0,20110120,090953,5608,56
OTP,0,20110120,090953,5601,1014
OTP,0,20110120,090953,5608,24
OTP,0,20110120,090954,5610,200
OTP,0,20110120,090955,5610,62
OTP,0,20110120,090955,5610,500
OTP,0,20110120,090955,5610,20
OTP,0,20110120,090957,5610,50
PFLAX,0,20110120,091003,798,350
PFLAX,0,20110120,091003,798,110
MOL,0,20110120,091003,22505,30
OTP,0,20110120,091004,5610,368
OTP,0,20110120,091004,5610,632
MTELEKOM,0,20110120,091008,550,10000
OTP,0,20110120,091010,5611,50
RICHTER,0,20110120,091010,42940,3
RICHTER,0,20110120,091010,42945,12
OTP,0,20110120,091010,5610,368
OTP,0,20110120,091010,5610,100
OTP,0,20110120,091010,5610,500
EGIS,0,20110120,091013,21005,10
OTP,0,20110120,091016,5610,1000
RFV,0,20110120,091018,8520,2
RFV,0,20110120,091018,8510,3
RFV,0,20110120,091018,8501,11
OTP,0,20110120,091019,5610,20
OTP,0,20110120,091026,5608,20
EGIS,0,20110120,091026,21050,10
OTP,0,20110120,091029,5610,12
OTP,0,20110120,091036,5610,18
OTP,0,20110120,091039,5610,80
OTP,0,20110120,091050,5610,200
OTP,0,20110120,091053,5609,100
OTP,0,20110120,091053,5609,335
OTP,0,20110120,091053,5608,565
MOL,0,20110120,091055,22505,50
OTP,0,20110120,091055,5609,48
OTP,0,20110120,091057,5609,120
OTP,0,20110120,091057,5608,21
OTP,0,20110120,091057,5608,10
OTP,0,20110120,091057,5608,17
BUX1112,0,20110120,091058,23502,3
OTP,0,20110120,091058,5608,5
BUX1112,0,20110120,091100,23519,5
BUX1112,0,20110120,091100,23520,25
BUX1112,0,20110120,091100,23520,5
OTP,0,20110120,091101,5608,77
OTP,0,20110120,091101,5610,202
OTP,0,20110120,091101,5610,311
MOL,0,20110120,091101,22505,100
BUX1112,0,20110120,091103,23530,20
OTP,0,20110120,091107,5608,161
OTP,0,20110120,091107,5610,439
OTP,0,20110120,091107,5610,1400
BUX1112,0,20110120,091107,23530,18
MOL,0,20110120,091108,22505,60
MOL,0,20110120,091108,22505,40
OTP,0,20110120,091109,5610,593
PFLAX,0,20110120,091115,794,50
OTP,0,20110120,091121,5608,25
MOL,0,20110120,091123,22505,60
MOL,0,20110120,091123,22505,8
OTP,0,20110120,091124,5608,100
MOL,0,20110120,091126,22545,23
MOL,0,20110120,091126,22545,39
MOL,0,20110120,091126,22550,14
MOL,0,20110120,091126,22550,25
OTP,0,20110120,091131,5608,45
OTP,0,20110120,091133,5608,255
OTP,0,20110120,091133,5606,50
OTP,0,20110120,091133,5605,1000
OTP,0,20110120,091133,5605,400
OTP,0,20110120,091133,5605,295
BUX1112,0,20110120,091135,23517,1
OTP,0,20110120,091140,5609,25
OTP,0,20110120,091140,5610,7
OTP,0,20110120,091140,5612,18
EGIS,0,20110120,091143,21055,10
EGIS,0,20110120,091143,21000,50
EGIS,0,20110120,091143,21000,500
EGIS,0,20110120,091143,21000,15
EGIS,0,20110120,091143,21000,10
MOL,0,20110120,091146,22550,100
BUX1112,0,20110120,091149,23517,1
OTP,0,20110120,091150,5609,14
OTP,0,20110120,091151,5609,7
OTP,0,20110120,091151,5608,28
OTP,0,20110120,091151,5607,68
MOL,0,20110120,091152,22520,20
OTP,0,20110120,091154,5605,105
OTP,0,20110120,091154,5605,50
OTP,0,20110120,091154,5602,1000
OTP,0,20110120,091154,5601,1966
OTP,0,20110120,091154,5601,1000
OTP,0,20110120,091154,5601,879
RICHTER,0,20110120,091157,42900,2
RICHTER,0,20110120,091157,42900,30
BUX1112,0,20110120,091203,23517,2
OTP,0,20110120,091204,5601,121
OTP,0,20110120,091204,5601,1500
OTP,0,20110120,091204,5601,200
OTP,0,20110120,091204,5601,1179
OTP,0,20110120,091205,5601,200
OTP,0,20110120,091206,5601,621
OTP,0,20110120,091206,5601,70
OTP,0,20110120,091206,5601,229
OTP,0,20110120,091206,5601,174
OTP,0,20110120,091206,5601,344
OTP,0,20110120,091206,5600,1104
OTP,0,20110120,091206,5600,1000
OTP,0,20110120,091206,5600,15
OTP,0,20110120,091206,5600,200
OTP,0,20110120,091206,5600,5000
OTP,0,20110120,091206,5600,20
OTP,0,20110120,091206,5600,400
OTP,0,20110120,091206,5600,40
OTP,0,20110120,091206,5600,100
OTP,0,20110120,091206,5600,96
RICHTER,0,20110120,091206,42900,3
OTP,0,20110120,091207,5600,890
OTP,0,20110120,091207,5600,1305
OTP,0,20110120,091207,5600,1392
OTP,0,20110120,091207,5600,478
OTP,0,20110120,091207,5600,22
OTP,0,20110120,091207,5607,897
OTP,0,20110120,091207,5608,150
OTP,0,20110120,091207,5609,500
OTP,0,20110120,091207,5609,1185
OTP,0,20110120,091207,5609,2500
OTP,0,20110120,091207,5609,150
OTP,0,20110120,091207,5610,2000
OTP,0,20110120,091207,5610,2596
EGIS,0,20110120,091208,21000,46
EGIS,0,20110120,091208,21000,54
MTELEKOM,0,20110120,091209,549,50
MTELEKOM,0,20110120,091209,549,950
MOL,0,20110120,091211,22520,20
MOL,0,20110120,091211,22520,30
OTP,0,20110120,091213,5600,56
OTP,0,20110120,091218,5598,20
RABA,0,20110120,091223,844,100
OTP,0,20110120,091227,5600,100
OTP,0,20110120,091227,5600,4
OTP,0,20110120,091227,5600,400
OTP,0,20110120,091227,5600,1000
BUX1112,0,20110120,091228,23520,1
BUX1112,0,20110120,091228,23513,1
BUX1112,0,20110120,091228,23510,2
OTP,0,20110120,091232,5600,96
OTP,0,20110120,091232,5600,904
OTP,0,20110120,091234,5600,200
OTP,0,20110120,091234,5600,300
OTP,0,20110120,091235,5600,163
OTP,0,20110120,091236,5600,1324
OTP,0,20110120,091239,5600,176
KEG,0,20110120,091240,134,5
EGIS,0,20110120,091242,20995,15
BUX1112,0,20110120,091243,23503,4
BUX1112,0,20110120,091243,23502,4
BUX1112,0,20110120,091243,23501,1
BUX1112,0,20110120,091243,23501,1
EGIS,0,20110120,091246,21000,46
EGIS,0,20110120,091246,21000,4
OTP,0,20110120,091249,5600,500
OTP,0,20110120,091251,5600,100
OTP,0,20110120,091251,5600,20
OTP,0,20110120,091251,5600,250
OTP,0,20110120,091251,5600,150
OTP,0,20110120,091251,5600,100
OTP,0,20110120,091254,5600,37
EGIS,0,20110120,091255,21000,200
OTP,0,20110120,091255,5600,25
LINAMAR,0,20110120,091257,2570,350
EGIS,0,20110120,091304,21000,33
OTP,0,20110120,091307,5602,42
OTP,0,20110120,091307,5605,99
OTP,0,20110120,091312,5600,13
MOL,0,20110120,091316,22520,90
OTP,0,20110120,091321,5600,37
OTP,0,20110120,091329,5600,63
OTP,0,20110120,091329,5600,12
GENESIS,0,20110120,091329,214,30
OTP,0,20110120,091330,5600,3
OTP,0,20110120,091331,5600,200
OTP,0,20110120,091338,5600,93
MTELEKOM,0,20110120,091339,549,550
MTELEKOM,0,20110120,091339,549,1450
BUX1112,0,20110120,091340,23501,1
BUX1112,0,20110120,091340,23500,9
OTP,0,20110120,091346,5600,12
OTP,0,20110120,091350,5600,19
OTP,0,20110120,091358,5600,661
OTP,0,20110120,091358,5600,1000
OTP,0,20110120,091358,5600,750
MOL,0,20110120,091405,22565,13
MOL,0,20110120,091405,22565,5
MOL,0,20110120,091405,22565,45
MOL,0,20110120,091405,22565,15
MOL,0,20110120,091405,22565,30
OTP,0,20110120,091410,5600,89
OTP,0,20110120,091410,5600,54
OTP,0,20110120,091410,5600,14
OTP,0,20110120,091410,5600,6
OTP,0,20110120,091414,5594,55
OTP,0,20110120,091415,5600,240
MOL,0,20110120,091418,22570,7
MOL,0,20110120,091418,22570,20
MOL,0,20110120,091418,22575,55
MOL,0,20110120,091418,22575,110
MOL,0,20110120,091418,22580,247
MOL,0,20110120,091418,22580,70
MOL,0,20110120,091418,22580,100
MOL,0,20110120,091418,22590,50
MOL,0,20110120,091418,22590,15
MOL,0,20110120,091418,22595,20
MOL,0,20110120,091418,22595,83
OTP,0,20110120,091421,5600,100
MOL,0,20110120,091424,22595,2
MOL,0,20110120,091424,22600,50
MOL,0,20110120,091424,22600,2
MOL,0,20110120,091424,22600,446
MOL,0,20110120,091425,22600,54
MOL,0,20110120,091425,22600,10
MOL,0,20110120,091425,22600,35
MOL,0,20110120,091425,22600,100
MOL,0,20110120,091425,22600,50
MOL,0,20110120,091425,22600,5
MOL,0,20110120,091425,22600,56
MOL,0,20110120,091425,22600,20
MOL,0,20110120,091425,22600,15
MOL,0,20110120,091425,22600,25
MOL,0,20110120,091425,22600,8
MOL,0,20110120,091425,22600,260
MOL,0,20110120,091425,22600,9
MOL,0,20110120,091425,22600,25
OTP,0,20110120,091426,5600,60
BUX1112,0,20110120,091431,23515,1
OTP,0,20110120,091435,5600,194
OTP,0,20110120,091435,5600,6
ECONET,0,20110120,091438,88,1000
RICHTER,0,20110120,091442,42830,4
MTELEKOM,0,20110120,091446,549,259
MTELEKOM,0,20110120,091446,549,740
MTELEKOM,0,20110120,091446,549,2000
MTELEKOM,0,20110120,091446,549,6000
MTELEKOM,0,20110120,091446,549,441
MOL,0,20110120,091447,22600,82
MOL,0,20110120,091448,22610,10
MOL,0,20110120,091448,22610,45
MTELEKOM,0,20110120,091451,549,1000
OTP,0,20110120,091456,5599,700
OTP,0,20110120,091456,5600,111
MOL,0,20110120,091503,22610,95
MOL,0,20110120,091503,22610,55
MOL,0,20110120,091505,22610,75
PFLAX,0,20110120,091505,750,75
MTELEKOM,0,20110120,091508,549,559
MTELEKOM,0,20110120,091508,549,341
MOL,0,20110120,091509,22610,95
OTP,0,20110120,091510,5600,189
OTP,0,20110120,091510,5600,921
OTP,0,20110120,091518,5600,79
OTP,0,20110120,091518,5600,1500
OTP,0,20110120,091520,5600,421
OTP,0,20110120,091520,5600,100
OTP,0,20110120,091521,5600,479
OTP,0,20110120,091521,5600,871
MOL,0,20110120,091535,22620,75
MOL,0,20110120,091536,22625,5
OTP,0,20110120,091537,5600,100
OTP,0,20110120,091541,5600,29
OTP,0,20110120,091541,5600,771
MOL,0,20110120,091548,22625,15
MOL,0,20110120,091548,22640,10
MOL,0,20110120,091548,22645,50
MOL,0,20110120,091548,22645,5
MOL,0,20110120,091548,22650,20
MOL,0,20110120,091549,22620,5
MTELEKOM,0,20110120,091558,549,89
MOL,0,20110120,091559,22650,30
MOL,0,20110120,091559,22650,10
MOL,0,20110120,091559,22650,60
ZWACK,0,20110120,091559,13250,27
MOL,0,20110120,091604,22650,440
MOL,0,20110120,091604,22650,3
MOL,0,20110120,091604,22650,4
MOL,0,20110120,091604,22650,100
MOL,0,20110120,091604,22650,25
MOL,0,20110120,091604,22650,50
MOL,0,20110120,091610,22655,22
BUX1112,0,20110120,091613,23512,2
BUX1112,0,20110120,091613,23510,1
BUX1112,0,20110120,091613,23510,7
MTELEKOM,0,20110120,091614,549,411
MTELEKOM,0,20110120,091614,549,589
MOL,0,20110120,091617,22655,100
MOL,0,20110120,091620,22650,500
OTP,0,20110120,091623,5604,20
MOL,0,20110120,091625,22655,15
MOL,0,20110120,091627,22655,285
OTP,0,20110120,091629,5601,2000
OTP,0,20110120,091629,5601,122
OTP,0,20110120,091629,5601,360
OTP,0,20110120,091629,5600,100
OTP,0,20110120,091629,5600,1000
OTP,0,20110120,091629,5600,10
OTP,0,20110120,091629,5600,1000
OTP,0,20110120,091629,5600,408
MOL,0,20110120,091630,22650,215
OTP,0,20110120,091631,5600,300
OTP,0,20110120,091633,5600,292
OTP,0,20110120,091633,5600,100
OTP,0,20110120,091633,5600,20
OTP,0,20110120,091633,5600,988
MOL,0,20110120,091634,22645,10
MOL,0,20110120,091636,22645,28
HUMET,0,20110120,091640,10,1000
BUX1112,0,20110120,091644,23513,2
BUX1112,0,20110120,091646,23528,1
MOL,0,20110120,091646,22670,3
MOL,0,20110120,091648,22645,5
MOL,0,20110120,091648,22650,100
BUX1112,0,20110120,091649,23513,2
MOL,0,20110120,091650,22650,8
OTP,0,20110120,091654,5600,12
OTP,0,20110120,091654,5600,126
OTP,0,20110120,091655,5601,100
MTELEKOM,0,20110120,091658,548,1000
BUX1112,0,20110120,091659,23513,1
RICHTER,0,20110120,091700,42830,10
RICHTER,0,20110120,091703,42825,9
OTP,0,20110120,091718,5605,400
OTP,0,20110120,091718,5605,250
OTP,0,20110120,091718,5605,120
OTP,0,20110120,091718,5605,100
OTP,0,20110120,091718,5605,4
OTP,0,20110120,091719,5605,105
OTP,0,20110120,091723,5605,53
OTP,0,20110120,091723,5605,60
OTP,0,20110120,091723,5607,11
OTP,0,20110120,091723,5607,200
OTP,0,20110120,091723,5609,100
OTP,0,20110120,091723,5609,24
OTP,0,20110120,091723,5609,552
OTP,0,20110120,091725,5609,448
OTP,0,20110120,091725,5610,552
MOL,0,20110120,091731,22650,169
MOL,0,20110120,091731,22650,31
MOL,0,20110120,091739,22650,119
MOL,0,20110120,091739,22650,100
MOL,0,20110120,091739,22650,50
MOL,0,20110120,091739,22650,52
MOL,0,20110120,091739,22650,100
MOL,0,20110120,091739,22650,3
MOL,0,20110120,091746,22650,100
OTP,0,20110120,091748,5610,1000
MOL,0,20110120,091749,22650,50
MOL,0,20110120,091750,22650,50
MOL,0,20110120,091755,22650,100
MOL,0,20110120,091755,22650,150
BUX1112,0,20110120,091755,23519,3
BUX1112,0,20110120,091755,23515,15
BUX1112,0,20110120,091755,23514,2
MOL,0,20110120,091801,22650,100
OTP,0,20110120,091801,5605,102
OTP,0,20110120,091801,5605,500
OTP,0,20110120,091805,5610,1352
OTP,0,20110120,091805,5610,5
OTP,0,20110120,091805,5610,300
OTP,0,20110120,091805,5610,200
OTP,0,20110120,091805,5610,50
RICHTER,0,20110120,091808,42820,2
ELMU,0,20110120,091811,27310,1
ELMU,0,20110120,091811,27100,1
ELMU,0,20110120,091811,27005,5
ELMU,0,20110120,091811,27000,5
ELMU,0,20110120,091811,26835,1
ELMU,0,20110120,091811,26760,1
ELMU,0,20110120,091811,26615,2
ZWACK,0,20110120,091811,13250,8
BUX1112,0,20110120,091814,23528,2
OTP,0,20110120,091815,5610,93
OTP,0,20110120,091815,5610,107
OTP,0,20110120,091816,5610,30
RICHTER,0,20110120,091819,42820,2
OTP,0,20110120,091830,5610,150
OTP,0,20110120,091830,5610,55
OTP,0,20110120,091833,5610,100
BUX1112,0,20110120,091840,23521,5
BUX1112,0,20110120,091842,23520,1
PFLAX,0,20110120,091846,780,2
OTP,0,20110120,091847,5610,1000
MOL,0,20110120,091849,22630,50
BUX1112,0,20110120,091852,23520,1
MOL,0,20110120,091855,22630,30
RICHTER,0,20110120,091856,42820,7
OTP,0,20110120,091859,5610,50
OTP,0,20110120,091900,5614,200
OTP,0,20110120,091900,5614,154
MOL,0,20110120,091900,22630,5
OTP,0,20110120,091906,5615,503
OTP,0,20110120,091906,5611,35
OTP,0,20110120,091906,5610,26
OTP,0,20110120,091906,5610,436
RICHTER,0,20110120,091913,42825,2
RICHTER,0,20110120,091913,42825,16
RICHTER,0,20110120,091913,42825,2
BUX1112,0,20110120,091917,23513,1
BUX1112,0,20110120,091917,23513,1
BUX1112,0,20110120,091917,23512,3
BUX1112,0,20110120,091923,23510,3
BUX1112,0,20110120,091923,23510,5
BUX1112,0,20110120,091923,23510,2
OTP,0,20110120,091924,5616,400
OTP,0,20110120,091927,5611,46
OTP,0,20110120,091927,5610,154
BUX1112,0,20110120,091930,23520,2
OTP,0,20110120,091932,5610,100
OTP,0,20110120,091936,5610,144
MOL,0,20110120,091937,22630,65
MOL,0,20110120,091937,22625,200
MOL,0,20110120,091937,22620,120
MOL,0,20110120,091937,22620,100
MOL,0,20110120,091937,22620,100
MOL,0,20110120,091937,22610,95
MOL,0,20110120,091937,22610,70
MOL,0,20110120,091937,22610,200
MOL,0,20110120,091937,22610,5
MOL,0,20110120,091937,22610,45
OTP,0,20110120,091940,5610,150
MOL,0,20110120,091941,22610,55
MOL,0,20110120,091941,22605,200
MOL,0,20110120,091941,22605,100
MOL,0,20110120,091941,22605,145
MOL,0,20110120,091944,22605,355
MOL,0,20110120,091944,22605,400
MOL,0,20110120,091944,22600,100
MOL,0,20110120,091944,22600,100
MOL,0,20110120,091944,22600,10
MOL,0,20110120,091944,22600,15
RICHTER,0,20110120,091945,42820,30
MOL,0,20110120,091945,22600,20
MOL,0,20110120,091945,22600,50
MOL,0,20110120,091945,22600,130
BUX1112,0,20110120,091946,23520,20
OTP,0,20110120,091948,5610,16
OTP,0,20110120,091948,5610,234
OTP,0,20110120,091948,5610,500
OTP,0,20110120,091948,5610,1947
MOL,0,20110120,091948,22600,100
MOL,0,20110120,091949,22600,750
MOL,0,20110120,091949,22600,100
RICHTER,0,20110120,091949,42820,9
RICHTER,0,20110120,091949,42815,4
MOL,0,20110120,091950,22600,100
OTP,0,20110120,091952,5610,200
OTP,0,20110120,091953,5610,500
OTP,0,20110120,092000,5606,503
OTP,0,20110120,092000,5606,611
OTP,0,20110120,092000,5605,398
OTP,0,20110120,092000,5605,488
MOL,0,20110120,092000,22600,300
OTP,0,20110120,092000,5610,5
BUX1112,0,20110120,092005,23521,3
BUX1112,0,20110120,092008,23521,7
BUX1112,0,20110120,092008,23520,13
OTP,0,20110120,092010,5607,300
MOL,0,20110120,092010,22550,100
MOL,0,20110120,092010,22550,60
OTP,0,20110120,092014,5605,200
BUX1112,0,20110120,092021,23520,2
BUX1112,0,20110120,092022,23520,1
RICHTER,0,20110120,092026,42815,1
OTP,0,20110120,092029,5605,330
OTP,0,20110120,092031,5605,10
OTP,0,20110120,092032,5605,700
OTP,0,20110120,092037,5605,200
MOL,0,20110120,092042,22550,10
MOL,0,20110120,092044,22565,56
MOL,0,20110120,092044,22580,44
OTP,0,20110120,092052,5605,20
EGIS,0,20110120,092052,20915,9
OTP,0,20110120,092057,5605,52
OTP,0,20110120,092057,5605,349
OTP,0,20110120,092057,5605,100
OTP,0,20110120,092057,5603,1000
OTP,0,20110120,092057,5602,100
OTP,0,20110120,092057,5602,59
OTP,0,20110120,092057,5601,300
OTP,0,20110120,092057,5601,1040
OTP,0,20110120,092100,5609,20
BUX1112,0,20110120,092104,23511,3
BUX1112,0,20110120,092104,23510,8
BUX1112,0,20110120,092104,23510,39
FHB,0,20110120,092105,970,299
MOL,0,20110120,092105,22550,30
MOL,0,20110120,092105,22550,10
MOL,0,20110120,092105,22520,80
MOL,0,20110120,092105,22520,198
MTELEKOM,0,20110120,092105,548,1400
MTELEKOM,0,20110120,092105,548,3363
OTP,0,20110120,092105,5601,960
OTP,0,20110120,092105,5601,300
OTP,0,20110120,092105,5600,28
RICHTER,0,20110120,092105,42815,95
RICHTER,0,20110120,092105,42800,4
OTP,0,20110120,092107,5600,200
RICHTER,0,20110120,092108,42800,7
RICHTER,0,20110120,092108,42800,18
OTP,0,20110120,092110,5601,200
BUX1112,0,20110120,092111,23510,3
MOL,0,20110120,092111,22520,47
MOL,0,20110120,092111,22520,100
MOL,0,20110120,092111,22520,78
BUX1112,0,20110120,092112,23510,20
MOL,0,20110120,092115,22550,5
OTP,0,20110120,092116,5602,300
MOL,0,20110120,092116,22520,16
ELMU,0,20110120,092117,26650,4
RABA,0,20110120,092117,845,177
OTP,0,20110120,092119,5602,608
OTP,0,20110120,092120,5605,180
OTP,0,20110120,092120,5605,158
OTP,0,20110120,092120,5609,25
OTP,0,20110120,092120,5610,598
OTP,0,20110120,092120,5610,39
MTELEKOM,0,20110120,092120,549,2513
OTP,0,20110120,092122,5610,961
OTP,0,20110120,092122,5610,39
OTP,0,20110120,092123,5610,161
OTP,0,20110120,092123,5610,500
OTP,0,20110120,092123,5610,339
OTP,0,20110120,092124,5610,161
OTP,0,20110120,092124,5610,165
MOL,0,20110120,092128,22550,195
OTP,0,20110120,092129,5610,1000
BUX1112,0,20110120,092133,23504,5
OTP,0,20110120,092134,5610,200
MOL,0,20110120,092134,22550,105
OTP,0,20110120,092136,5612,300
OTP,0,20110120,092138,5610,605
OTP,0,20110120,092138,5612,1000
MOL,0,20110120,092139,22545,20
MOL,0,20110120,092139,22545,18
MOL,0,20110120,092139,22550,95
OTP,0,20110120,092141,5610,869
OTP,0,20110120,092141,5610,131
OTP,0,20110120,092141,5610,50
BUX1112,0,20110120,092141,23503,1
OTP,0,20110120,092143,5610,300
OTP,0,20110120,092143,5610,100
OTP,0,20110120,092147,5610,84
OTP,0,20110120,092149,5610,200
BUX1112,0,20110120,092149,23510,2
BUX1112,0,20110120,092149,23510,50
BUX1112,0,20110120,092149,23510,10
OTP,0,20110120,092152,5610,100
EGIS,0,20110120,092154,21000,38
FHB,0,20110120,092154,970,299
MOL,0,20110120,092154,22530,300
MOL,0,20110120,092154,22525,3
MOL,0,20110120,092154,22520,15
MTELEKOM,0,20110120,092154,549,1487
MTELEKOM,0,20110120,092154,549,1733
MTELEKOM,0,20110120,092154,548,1543
OTP,0,20110120,092155,5610,464
OTP,0,20110120,092155,5607,17
OTP,0,20110120,092155,5605,25
OTP,0,20110120,092155,5603,782
RICHTER,0,20110120,092155,42800,12
RICHTER,0,20110120,092155,42800,5
RICHTER,0,20110120,092155,42790,29
RICHTER,0,20110120,092155,42750,2
RICHTER,0,20110120,092155,42750,10
RICHTER,0,20110120,092155,42750,3
RICHTER,0,20110120,092155,42750,2
RICHTER,0,20110120,092155,42700,25
RICHTER,0,20110120,092155,42665,11
BUX1112,0,20110120,092158,23510,3
BUX1112,0,20110120,092200,23510,5
BUX1112,0,20110120,092201,23510,5
BUX1112,0,20110120,092201,23510,1
EGIS,0,20110120,092203,21000,17
BUX1112,0,20110120,092204,23510,5
BUX1112,0,20110120,092206,23510,1
BUX1112,0,20110120,092209,23510,5
BUX1112,0,20110120,092210,23510,2
BUX1112,0,20110120,092213,23510,11
BUX1112,0,20110120,092215,23501,5
BUX1112,0,20110120,092215,23501,1
RICHTER,0,20110120,092222,42665,39
RICHTER,0,20110120,092222,42665,20
RICHTER,0,20110120,092222,42660,30
RICHTER,0,20110120,092222,42650,11
MTELEKOM,0,20110120,092223,548,694
MTELEKOM,0,20110120,092223,548,180
MTELEKOM,0,20110120,092223,548,1400
MTELEKOM,0,20110120,092223,548,2000
MTELEKOM,0,20110120,092223,548,726
BUX1112,0,20110120,092228,23500,1
BUX1112,0,20110120,092228,23500,10
BUX1112,0,20110120,092228,23500,4
MOL,0,20110120,092229,22530,10
MOL,0,20110120,092229,22520,91
MOL,0,20110120,092229,22520,300
MOL,0,20110120,092229,22515,59
MTELEKOM,0,20110120,092230,549,48
BUX1112,0,20110120,092231,23499,3
BUX1112,0,20110120,092231,23499,5
MTELEKOM,0,20110120,092236,549,100
MTELEKOM,0,20110120,092237,549,2852
MTELEKOM,0,20110120,092237,549,4543
MTELEKOM,0,20110120,092240,549,100
OTP,0,20110120,092246,5604,481
OTP,0,20110120,092246,5604,19
MTELEKOM,0,20110120,092249,549,25
MTELEKOM,0,20110120,092249,549,1584
MOL,0,20110120,092256,22515,38
BUX1112,0,20110120,092301,23490,4
BUX1112,0,20110120,092301,23490,1
BUX1112,0,20110120,092301,23484,1
OTP,0,20110120,092301,5605,50
OTP,0,20110120,092301,5605,250
RICHTER,0,20110120,092302,42675,15
MTELEKOM,0,20110120,092304,548,740
BUX1112,0,20110120,092305,23482,5
OTP,0,20110120,092306,5605,50
BUX1112,0,20110120,092306,23481,5
BUX1112,0,20110120,092306,23480.5,1
BUX1112,0,20110120,092306,23480,1
BUX1112,0,20110120,092306,23480,3
MOL,0,20110120,092308,22515,5
OTP,0,20110120,092310,5605,140
OTP,0,20110120,092310,5605,150
OTP,0,20110120,092310,5605,670
DANUBIUS,0,20110120,092311,4130,54
RICHTER,0,20110120,092312,42700,4
BUX1112,0,20110120,092318,23482,2
OTP,0,20110120,092333,5605,653
OTP,0,20110120,092334,5605,20
MOL,0,20110120,092334,22520,3
OTP,0,20110120,092334,5605,20
MOL,0,20110120,092336,22520,2
MOL,0,20110120,092336,22515,176
MOL,0,20110120,092336,22515,100
MOL,0,20110120,092336,22515,200
MOL,0,20110120,092336,22515,500
MOL,0,20110120,092342,22515,22
MOL,0,20110120,092342,22515,52
MOL,0,20110120,092347,22515,126
MOL,0,20110120,092347,22510,374
OTP,0,20110120,092403,5605,137
EGIS,0,20110120,092405,20910,3
RICHTER,0,20110120,092410,42675,16
RICHTER,0,20110120,092410,42675,40
RICHTER,0,20110120,092410,42700,12
RICHTER,0,20110120,092410,42700,100
MOL,0,20110120,092411,22520,50
BUX1112,0,20110120,092414,23485,1
BUX1112,0,20110120,092414,23485,4
OTP,0,20110120,092416,5604,38
OTP,0,20110120,092418,5605,60
OTP,0,20110120,092418,5605,60
OTP,0,20110120,092422,5606,97
OTP,0,20110120,092423,5605,170
BUX1112,0,20110120,092427,23485,1
BUX1112,0,20110120,092427,23481,5
BUX1112,0,20110120,092427,23480,14
OTP,0,20110120,092428,5605,169
OTP,0,20110120,092428,5605,41
OTP,0,20110120,092428,5604,59
OTP,0,20110120,092429,5604,122
BUX1112,0,20110120,092430,23480,3
OTP,0,20110120,092431,5605,48
OTP,0,20110120,092431,5604,102
OTP,0,20110120,092439,5604,500
OTP,0,20110120,092439,5604,160
OTP,0,20110120,092439,5604,55
OTP,0,20110120,092442,5604,183
OTP,0,20110120,092444,5604,317
OTP,0,20110120,092447,5604,183
OTP,0,20110120,092447,5603,218
OTP,0,20110120,092447,5603,603
BUX1112,0,20110120,092449,23480,2
MOL,0,20110120,092454,22525,145
MOL,0,20110120,092454,22525,200
MOL,0,20110120,092454,22520,350
MOL,0,20110120,092454,22515,210
MOL,0,20110120,092454,22510,95
RICHTER,0,20110120,092454,42820,3
RICHTER,0,20110120,092454,42820,17
RICHTER,0,20110120,092454,42840,386
OTP,0,20110120,092500,5605,50
OTP,0,20110120,092501,5603,90
MOL,0,20110120,092502,22510,31
MOL,0,20110120,092502,22510,100
MOL,0,20110120,092502,22505,169
BUX1112,0,20110120,092502,23473,2
OTP,0,20110120,092508,5603,307
OTP,0,20110120,092508,5603,18
OTP,0,20110120,092508,5603,675
OTP,0,20110120,092509,5605,50
OTP,0,20110120,092509,5605,83
OTP,0,20110120,092509,5605,200
OTP,0,20110120,092512,5605,84
OTP,0,20110120,092513,5605,583
OTP,0,20110120,092513,5605,18
OTP,0,20110120,092513,5605,1000
OTP,0,20110120,092515,5605,3
OTP,0,20110120,092518,5605,183
EGIS,0,20110120,092523,20910,21
OTP,0,20110120,092527,5605,213
OTP,0,20110120,092527,5605,400
BUX1112,0,20110120,092528,23483,5
OTP,0,20110120,092528,5605,387
OTP,0,20110120,092528,5604,20
OTP,0,20110120,092528,5603,93
OTP,0,20110120,092537,5603,232
OTP,0,20110120,092537,5603,268
MTELEKOM,0,20110120,092540,548,300
OTP,0,20110120,092542,5606,100
BUX1112,0,20110120,092546,23485,5
OTP,0,20110120,092547,5605,1000
OTP,0,20110120,092548,5605,2500
OTP,0,20110120,092548,5605,1000
OTP,0,20110120,092548,5605,2500
OTP,0,20110120,092549,5605,515
SYNERGON,0,20110120,092550,534,200
MOL,0,20110120,092604,22545,25
MOL,0,20110120,092604,22545,55
MOL,0,20110120,092604,22545,47
MOL,0,20110120,092604,22550,53
MOL,0,20110120,092608,22550,47
MOL,0,20110120,092614,22550,100
BUX1112,0,20110120,092626,23490,10
BUX1112,0,20110120,092626,23490,90
EGIS,0,20110120,092627,20910,38
FHB,0,20110120,092627,971,299
MOL,0,20110120,092627,22520,214
MOL,0,20110120,092627,22520,100
MOL,0,20110120,092627,22515,4
MTELEKOM,0,20110120,092628,548,234
MTELEKOM,0,20110120,092628,548,4529
OTP,0,20110120,092628,5604,100
OTP,0,20110120,092628,5604,100
OTP,0,20110120,092628,5603,1000
OTP,0,20110120,092628,5603,88
RICHTER,0,20110120,092628,42700,32
RICHTER,0,20110120,092628,42700,17
RICHTER,0,20110120,092628,42650,50
MOL,0,20110120,092629,22550,100
BUX1112,0,20110120,092630,23490,10
OTP,0,20110120,092641,5603,14
OTP,0,20110120,092646,5604,20
OTP,0,20110120,092649,5603,898
OTP,0,20110120,092649,5603,102
HUMET,0,20110120,092650,10,1000
HUMET,0,20110120,092650,10,3000
HUMET,0,20110120,092650,10,2800
HUMET,0,20110120,092650,10,5000
HUMET,0,20110120,092650,10,200
OTP,0,20110120,092702,5603,243
OTP,0,20110120,092705,5604,142
OTP,0,20110120,092705,5605,485
OTP,0,20110120,092705,5605,70
OTP,0,20110120,092705,5605,303
PANNERGY,0,20110120,092707,912,40
EGIS,0,20110120,092709,20910,38
BUX1112,0,20110120,092712,23490,5
MOL,0,20110120,092716,22520,40
MOL,0,20110120,092717,22520,60
MOL,0,20110120,092717,22515,151
MOL,0,20110120,092717,22515,100
MOL,0,20110120,092717,22515,200
MOL,0,20110120,092717,22510,100
MOL,0,20110120,092722,22510,389
BUX1112,0,20110120,092722,23490,1
BUX1112,0,20110120,092723,23490,1
OTP,0,20110120,092723,5603,200
SYNERGON,0,20110120,092725,535,50
MOL,0,20110120,092725,22505,100
MOL,0,20110120,092725,22505,220
MOL,0,20110120,092725,22505,10
MOL,0,20110120,092725,22505,150
MOL,0,20110120,092725,22505,90
MOL,0,20110120,092725,22500,400
MOL,0,20110120,092725,22500,22
MOL,0,20110120,092725,22500,200
MOL,0,20110120,092725,22500,25
CSEPEL,0,20110120,092732,335,300
OTP,0,20110120,092734,5603,2402
OTP,0,20110120,092734,5602,92
OTP,0,20110120,092734,5602,2000
OTP,0,20110120,092734,5602,48
OTP,0,20110120,092734,5602,1000
OTP,0,20110120,092734,5602,1500
OTP,0,20110120,092734,5601,548
OTP,0,20110120,092738,5601,2252
OTP,0,20110120,092738,5601,1000
OTP,0,20110120,092738,5601,4548
OTP,0,20110120,092740,5601,242
OTP,0,20110120,092740,5601,500
OTP,0,20110120,092740,5601,3000
OTP,0,20110120,092740,5600,772
OTP,0,20110120,092740,5600,486
OTP,0,20110120,092741,5600,514
OTP,0,20110120,092741,5600,486
OTP,0,20110120,092742,5600,514
OTP,0,20110120,092742,5600,120
OTP,0,20110120,092742,5600,14
OTP,0,20110120,092742,5600,1352
BUX1112,0,20110120,092745,23490,3
BUX1112,0,20110120,092745,23486,5
BUX1112,0,20110120,092745,23486,2
OTP,0,20110120,092746,5600,3648
OTP,0,20110120,092746,5600,20
OTP,0,20110120,092746,5600,5000
OTP,0,20110120,092746,5600,1000
MTELEKOM,0,20110120,092750,549,1189
MTELEKOM,0,20110120,092750,549,5000
MTELEKOM,0,20110120,092750,549,584
MTELEKOM,0,20110120,092750,549,3218
OTP,0,20110120,092756,5601,300
OTP,0,20110120,092757,5601,1087
BUX1112,0,20110120,092757,23481,1
OTP,0,20110120,092759,5602,150
OTP,0,20110120,092759,5601,50
OTP,0,20110120,092759,5601,63
OTP,0,20110120,092759,5601,437
OTP,0,20110120,092801,5601,75
OTP,0,20110120,092802,5601,988
OTP,0,20110120,092802,5600,2012
BUX1112,0,20110120,092803,23480,1
OTP,0,20110120,092806,5600,1000
OTP,0,20110120,092807,5604,40
OTP,0,20110120,092809,5600,3028
OTP,0,20110120,092809,5600,5000
OTP,0,20110120,092809,5600,365
BUX1112,0,20110120,092810,23480,13
OTP,0,20110120,092812,5600,5000
MOL,0,20110120,092812,22460,3
MOL,0,20110120,092812,22460,200
MOL,0,20110120,092812,22455,271
MOL,0,20110120,092812,22455,200
MOL,0,20110120,092812,22455,100
MOL,0,20110120,092812,22455,200
MOL,0,20110120,092812,22450,17
MOL,0,20110120,092812,22450,9
MOL,0,20110120,092812,22450,750
OTP,0,20110120,092813,5600,1500
OTP,0,20110120,092814,5600,3500
OTP,0,20110120,092814,5600,950
OTP,0,20110120,092814,5600,100
BUX1112,0,20110120,092814,23480,12
BUX1112,0,20110120,092814,23476,2
BUX1112,0,20110120,092814,23472,1
BUX1112,0,20110120,092814,23472,7
BUX1112,0,20110120,092814,23471,3
BUX1112,0,20110120,092814,23471,1
OTP,0,20110120,092814,5600,100
OTP,0,20110120,092814,5600,150
OTP,0,20110120,092817,5600,9
OTP,0,20110120,092817,5604,300
MOL,0,20110120,092817,22450,41
MOL,0,20110120,092817,22450,500
MOL,0,20110120,092817,22450,200
OTP,0,20110120,092818,5600,191
OTP,0,20110120,092818,5600,13
OTP,0,20110120,092819,5600,9
MOL,0,20110120,092822,22450,50
MTELEKOM,0,20110120,092825,549,5000
OTP,0,20110120,092826,5600,4991
OTP,0,20110120,092826,5600,632
OTP,0,20110120,092827,5600,60
OTP,0,20110120,092830,5600,4340
OTP,0,20110120,092830,5600,632
MOL,0,20110120,092830,22455,300
MOL,0,20110120,092830,22455,300
MOL,0,20110120,092830,22450,150
MOL,0,20110120,092830,22450,800
MOL,0,20110120,092830,22450,400
OTP,0,20110120,092830,5595,80
OTP,0,20110120,092830,5595,183
OTP,0,20110120,092830,5597,580
OTP,0,20110120,092833,5600,660
MOL,0,20110120,092835,22450,300
OTP,0,20110120,092836,5600,260
OTP,0,20110120,092836,5600,652
OTP,0,20110120,092837,5595,200
OTP,0,20110120,092837,5600,2088
OTP,0,20110120,092838,5600,190
MOL,0,20110120,092839,22450,88
OTP,0,20110120,092841,5600,652
MOL,0,20110120,092850,22455,10
MOL,0,20110120,092850,22470,38
MOL,0,20110120,092850,22470,47
MOL,0,20110120,092857,22480,200
OTP,0,20110120,092902,5595,200
MOL,0,20110120,092904,22480,200
BUX1112,0,20110120,092913,23475,3
BUX1112,0,20110120,092915,23480,2
OTP,0,20110120,092922,5595,137
OTP,0,20110120,092922,5595,1594
OTP,0,20110120,092929,5597,100
MOL,0,20110120,092929,22495,10
OTP,0,20110120,092933,5594,46
OTP,0,20110120,092936,5594,600
RICHTER,0,20110120,092940,42650,39
RICHTER,0,20110120,092940,42650,16
RICHTER,0,20110120,092940,42640,7
RICHTER,0,20110120,092940,42640,38
BUX1112,0,20110120,092943,23475,10
OTP,0,20110120,092944,5595,250
OTP,0,20110120,092946,5595,999
BUX1112,0,20110120,092950,23475,5
OTP,0,20110120,092957,5595,151
OTP,0,20110120,092957,5595,299
RABA,0,20110120,092957,845,123
SYNERGON,0,20110120,092958,535,50
OTP,0,20110120,092958,5595,701
OTP,0,20110120,092959,5595,450
BUX1112,0,20110120,092959,23475,2
BUX1112,0,20110120,092959,23471,2
OTP,0,20110120,093002,5595,99
OTP,0,20110120,093006,5595,211
OTP,0,20110120,093006,5595,400
RABA,0,20110120,093007,845,40
RABA,0,20110120,093011,845,347
OTP,0,20110120,093011,5595,200
MOL,0,20110120,093014,22480,50
BUX1112,0,20110120,093016,23471,3
BUX1112,0,20110120,093016,23470,1
BUX1112,0,20110120,093016,23470,7
OTP,0,20110120,093019,5595,100
OTP,0,20110120,093020,5595,50
OTP,0,20110120,093022,5595,100
OTP,0,20110120,093023,5595,739
OTP,0,20110120,093023,5594,299
OTP,0,20110120,093023,5594,152
OTP,0,20110120,093025,5595,19
BUX1112,0,20110120,093029,23470,19
MTELEKOM,0,20110120,093029,548,500
PHYLAXIA,0,20110120,093038,44,50
BUX1112,0,20110120,093041,23470,1
OTP,0,20110120,093047,5596,200
OTP,0,20110120,093047,5596,135
BUX1112,0,20110120,093049,23470,1
OTP,0,20110120,093050,5596,665
OTP,0,20110120,093050,5595,350
MTELEKOM,0,20110120,093050,548,250
SYNERGON,0,20110120,093051,535,50
MOL,0,20110120,093055,22495,281
MOL,0,20110120,093055,22495,48
MOL,0,20110120,093055,22495,35
MOL,0,20110120,093055,22500,1136
OTP,0,20110120,093057,5597,56
OTP,0,20110120,093057,5597,111
OTP,0,20110120,093058,5597,13
OTP,0,20110120,093058,5597,135
BUX1112,0,20110120,093102,23468,2
OTP,0,20110120,093105,5595,1031
OTP,0,20110120,093105,5595,1681
BUX1112,0,20110120,093109,23468,3
OTP,0,20110120,093111,5595,444
OTP,0,20110120,093112,5595,580
OTP,0,20110120,093114,5595,300
OTP,0,20110120,093122,5592,500
OTP,0,20110120,093122,5591,1500
OTP,0,20110120,093123,5595,20
OTP,0,20110120,093127,5595,156
OTP,0,20110120,093127,5595,44
OTP,0,20110120,093132,5595,11
OTP,0,20110120,093134,5595,5
OTP,0,20110120,093134,5595,10
OTP,0,20110120,093134,5595,18
OTP,0,20110120,093137,5595,8
MOL,0,20110120,093137,22490,3
OTP,0,20110120,093137,5595,1000
OTP,0,20110120,093139,5596,50
OTP,0,20110120,093143,5596,400
MOL,0,20110120,093147,22480,4
OTP,0,20110120,093151,5597,340
OTP,0,20110120,093151,5599,160
OTP,0,20110120,093153,5596,600
OTP,0,20110120,093153,5596,60
OTP,0,20110120,093158,5599,140
OTP,0,20110120,093158,5599,500
OTP,0,20110120,093158,5599,1000
OTP,0,20110120,093158,5599,350
OTP,0,20110120,093158,5600,158
OTP,0,20110120,093158,5600,100
OTP,0,20110120,093158,5600,200
OTP,0,20110120,093158,5600,799
OTP,0,20110120,093158,5600,200
OTP,0,20110120,093158,5600,214
OTP,0,20110120,093158,5600,200
OTP,0,20110120,093158,5600,100
OTP,0,20110120,093158,5600,100
OTP,0,20110120,093158,5600,50
OTP,0,20110120,093158,5600,300
OTP,0,20110120,093158,5600,2000
OTP,0,20110120,093158,5600,100
OTP,0,20110120,093158,5600,1000
OTP,0,20110120,093158,5600,10
OTP,0,20110120,093158,5600,90
MOL,0,20110120,093202,22500,500
OTP,0,20110120,093202,5601,100
OTP,0,20110120,093203,5600,389
OTP,0,20110120,093206,5604,50
OTP,0,20110120,093209,5604,8
OTP,0,20110120,093209,5605,1492
PFLAX,0,20110120,093209,750,21
PFLAX,0,20110120,093209,750,79
OTP,0,20110120,093210,5605,343
OTP,0,20110120,093210,5605,1000
OTP,0,20110120,093210,5605,157
OTP,0,20110120,093211,5601,50
OTP,0,20110120,093211,5605,843
OTP,0,20110120,093211,5605,30
OTP,0,20110120,093211,5605,1000
SYNERGON,0,20110120,093211,535,200
FHB,0,20110120,093213,971,11
FHB,0,20110120,093213,970,89
OTP,0,20110120,093214,5605,1127
OTP,0,20110120,093214,5605,3373
OTP,0,20110120,093214,5605,15
OTP,0,20110120,093216,5607,20
OTP,0,20110120,093216,5608,30
RICHTER,0,20110120,093217,42645,44
OTP,0,20110120,093219,5605,3358
OTP,0,20110120,093219,5605,500
RICHTER,0,20110120,093223,42640,15
BUX1112,0,20110120,093224,23480,10
MOL,0,20110120,093238,22490,53
MOL,0,20110120,093238,22500,228
FOTEX,0,20110120,093243,385,1276
MOL,0,20110120,093243,22500,500
BUX1112,0,20110120,093246,23481,1
RICHTER,0,20110120,093246,42640,2
OTP,0,20110120,093248,5603,900
MOL,0,20110120,093248,22500,1419
MOL,0,20110120,093248,22500,25
MOL,0,20110120,093248,22500,859
BUX1112,0,20110120,093252,23489,5
BUX1112,0,20110120,093252,23489,5
BUX1112,0,20110120,093300,23490,10
RICHTER,0,20110120,093304,42645,4
MOL,0,20110120,093312,22500,500
MOL,0,20110120,093318,22500,300
BUX1112,0,20110120,093328,23490,4
OTP,0,20110120,093329,5608,20
OTP,0,20110120,093329,5608,167
OTP,0,20110120,093329,5608,161
OTP,0,20110120,093329,5609,200
OTP,0,20110120,093329,5609,10
OTP,0,20110120,093329,5609,450
OTP,0,20110120,093329,5610,492
OTP,0,20110120,093329,5610,8
OTP,0,20110120,093329,5610,920
OTP,0,20110120,093329,5610,10
OTP,0,20110120,093329,5610,100
OTP,0,20110120,093329,5610,50
OTP,0,20110120,093329,5610,412
MOL,0,20110120,093330,22500,1200
OTP,0,20110120,093332,5610,1500
RICHTER,0,20110120,093335,42645,12
RICHTER,0,20110120,093335,42645,8
OTP,0,20110120,093337,5605,160
BUX1112,0,20110120,093343,23490,5
RICHTER,0,20110120,093348,42645,8
RICHTER,0,20110120,093348,42645,12
MOL,0,20110120,093350,22520,10
MOL,0,20110120,093350,22550,40
RICHTER,0,20110120,093351,42640,5
RICHTER,0,20110120,093352,42645,4
OTP,0,20110120,093353,5610,294
OTP,0,20110120,093355,5611,9
OTP,0,20110120,093356,5610,200
BUX1112,0,20110120,093406,23490,3
BUX1112,0,20110120,093408,23490,4
BUX1112,0,20110120,093420,23490,20
OTP,0,20110120,093422,5611,83
OTP,0,20110120,093422,5612,700
OTP,0,20110120,093422,5614,100
OTP,0,20110120,093422,5614,117
MOL,0,20110120,093422,22510,5
MOL,0,20110120,093422,22500,95
OTP,0,20110120,093424,5610,100
BUX1112,0,20110120,093439,23490,4
BUX1112,0,20110120,093439,23490,6
OTP,0,20110120,093454,5610,406
OTP,0,20110120,093454,5610,173
OTP,0,20110120,093454,5610,235
OTP,0,20110120,093506,5610,20
OTP,0,20110120,093512,5610,320
OTP,0,20110120,093514,5610,500
SYNERGON,0,20110120,093517,535,200
OTP,0,20110120,093520,5610,189
BUX1112,0,20110120,093524,23489,10
BUX1112,0,20110120,093527,23490,4
MOL,0,20110120,093528,22505,70
MOL,0,20110120,093528,22500,405
OTP,0,20110120,093528,5613,200
OTP,0,20110120,093538,5610,698
OTP,0,20110120,093538,5610,326
OTP,0,20110120,093538,5610,349
OTP,0,20110120,093543,5610,236
OTP,0,20110120,093544,5613,20
OTP,0,20110120,093547,5610,50
OTP,0,20110120,093548,5610,32
OTP,0,20110120,093549,5610,1660
SYNERGON,0,20110120,093609,537,195
MOL,0,20110120,093624,22485,200
MOL,0,20110120,093624,22485,5
MOL,0,20110120,093624,22485,50
MOL,0,20110120,093624,22480,146
MOL,0,20110120,093624,22480,99
OTP,0,20110120,093628,5612,500
OTP,0,20110120,093637,5611,9
MOL,0,20110120,093637,22480,1
MOL,0,20110120,093644,22470,7
OTP,0,20110120,093647,5611,43
OTP,0,20110120,093701,5611,48
OTP,0,20110120,093701,5611,52
RABA,0,20110120,093706,845,510
RABA,0,20110120,093706,845,5
OTP,0,20110120,093706,5611,824
OTP,0,20110120,093706,5611,676
MOL,0,20110120,093707,22480,4
OTP,0,20110120,093707,5611,339
OTP,0,20110120,093707,5610,25
OTP,0,20110120,093707,5610,160
OTP,0,20110120,093707,5610,976
OTP,0,20110120,093708,5610,24
OTP,0,20110120,093709,5610,923
OTP,0,20110120,093710,5610,553
OTP,0,20110120,093716,5610,911
OTP,0,20110120,093719,5610,589
MOL,0,20110120,093724,22475,3
OTP,0,20110120,093725,5610,133
OTP,0,20110120,093730,5610,20
ZWACK,0,20110120,093731,13155,12
OTP,0,20110120,093736,5610,1000
OTP,0,20110120,093740,5610,480
OTP,0,20110120,093742,5610,201
OTP,0,20110120,093742,5610,250
BUX1112,0,20110120,093742,23489,3
MOL,0,20110120,093745,22475,40
MOL,0,20110120,093745,22475,29
OTP,0,20110120,093745,5610,569
OTP,0,20110120,093745,5609,100
OTP,0,20110120,093746,5609,400
MOL,0,20110120,093752,22485,57
OTP,0,20110120,093756,5609,80
OTP,0,20110120,093756,5609,20
OTP,0,20110120,093809,5609,914
OTP,0,20110120,093809,5609,310
RICHTER,0,20110120,093823,42700,2
OTP,0,20110120,093826,5607,50
BUX1112,0,20110120,093828,23489,3
OTP,0,20110120,093828,5607,15
OTP,0,20110120,093840,5607,100
OTP,0,20110120,093847,5607,200
OTP,0,20110120,093850,5607,200
OTP,0,20110120,093853,5607,229
OTP,0,20110120,093853,5605,610
BUX1112,0,20110120,093900,23483,2
BUX1112,0,20110120,093900,23481,3
BUX1112,0,20110120,093900,23481,5
BUX1112,0,20110120,093900,23480,15
BUX1112,0,20110120,093900,23474,10
BUX1112,0,20110120,093900,23471,1
BUX1112,0,20110120,093900,23470,2
OTP,0,20110120,093912,5603,600
OTP,0,20110120,093912,5603,700
OTP,0,20110120,093912,5603,200
OTP,0,20110120,093922,5603,7
OTP,0,20110120,093925,5603,30
OTP,0,20110120,093926,5603,1463
OTP,0,20110120,093926,5603,37
OTP,0,20110120,093926,5602,38
BUX1112,0,20110120,093936,23470,1
OTP,0,20110120,093941,5602,100
OTP,0,20110120,093942,5602,87
OTP,0,20110120,093946,5603,150
OTP,0,20110120,093949,5603,1
OTP,0,20110120,093949,5603,138
MOL,0,20110120,094001,22500,2
OTP,0,20110120,094002,5603,150
OTP,0,20110120,094002,5603,50
OTP,0,20110120,094002,5602,310
OTP,0,20110120,094022,5603,200
OTP,0,20110120,094022,5604,160
OTP,0,20110120,094022,5604,189
OTP,0,20110120,094027,5604,100
OTP,0,20110120,094030,5604,16
OTP,0,20110120,094032,5604,18
OTP,0,20110120,094034,5605,103
OTP,0,20110120,094034,5605,147
OTP,0,20110120,094040,5604,25
OTP,0,20110120,094047,5605,23
RABA,0,20110120,094110,845,47
RABA,0,20110120,094110,840,320
OTP,0,20110120,094111,5605,30
OTP,0,20110120,094113,5609,200
OTP,0,20110120,094124,5605,147
OTP,0,20110120,094124,5605,213
OTP,0,20110120,094129,5609,20
RICHTER,0,20110120,094137,42710,3
OTP,0,20110120,094137,5605,8
MOL,0,20110120,094137,22485,7
BUX1112,0,20110120,094137,23490,1
OTP,0,20110120,094138,5609,200
OTP,0,20110120,094144,5609,340
MOL,0,20110120,094152,22490,1
MOL,0,20110120,094159,22485,93
MOL,0,20110120,094159,22470,64
MOL,0,20110120,094159,22470,43
RICHTER,0,20110120,094200,42710,2
OTP,0,20110120,094207,5605,190
OTP,0,20110120,094207,5605,186
MOL,0,20110120,094211,22480,34
MOL,0,20110120,094211,22490,52
MOL,0,20110120,094211,22490,53
MOL,0,20110120,094211,22500,23
MOL,0,20110120,094211,22500,100
OTP,0,20110120,094216,5605,14
OTP,0,20110120,094216,5605,60
OTP,0,20110120,094216,5605,128
OTP,0,20110120,094216,5609,16
OTP,0,20110120,094216,5610,82
RICHTER,0,20110120,094225,42710,11
RICHTER,0,20110120,094225,42710,15
RICHTER,0,20110120,094225,42710,15
OTP,0,20110120,094252,5605,50
OTP,0,20110120,094252,5605,50
OTP,0,20110120,094252,5605,678
OTP,0,20110120,094252,5605,50
EGIS,0,20110120,094257,20830,5
CSEPEL,0,20110120,094258,335,200
CSEPEL,0,20110120,094258,338,100
OTP,0,20110120,094301,5604,150
MTELEKOM,0,20110120,094310,548,721
MTELEKOM,0,20110120,094310,548,1000
MTELEKOM,0,20110120,094310,548,1515
OTP,0,20110120,094314,5605,12
OTP,0,20110120,094314,5605,168
OTP,0,20110120,094315,5605,20
OTP,0,20110120,094315,5604,142
OTP,0,20110120,094315,5604,300
OTP,0,20110120,094315,5604,55
OTP,0,20110120,094315,5604,53
OTP,0,20110120,094315,5602,430
OTP,0,20110120,094322,5609,20
BUX1112,0,20110120,094329,23494,1
MOL,0,20110120,094343,22530,5
OTP,0,20110120,094346,5603,30
OTP,0,20110120,094346,5602,835
OTP,0,20110120,094346,5602,273
OTP,0,20110120,094346,5601,362
OTP,0,20110120,094347,5604,20
OTP,0,20110120,094347,5601,1088
OTP,0,20110120,094347,5601,392
MOL,0,20110120,094412,22500,22
RABA,0,20110120,094452,845,100
OTP,0,20110120,094452,5603,393
BUX1112,0,20110120,094456,23481.5,2
BUX1112,0,20110120,094456,23481,5
BUX1112,0,20110120,094456,23481,1
BUX1112,0,20110120,094456,23480,18
OTP,0,20110120,094507,5603,100
OTP,0,20110120,094512,5603,7
OTP,0,20110120,094512,5603,126
OTP,0,20110120,094512,5603,17
RICHTER,0,20110120,094513,42730,100
OTP,0,20110120,094519,5603,50
OTP,0,20110120,094525,5605,140
OTP,0,20110120,094528,5603,30
OTP,0,20110120,094532,5605,5
OTP,0,20110120,094532,5605,470
OTP,0,20110120,094532,5605,165
OTP,0,20110120,094532,5605,4000
MOL,0,20110120,094532,22500,216
BUX1112,0,20110120,094537,23480,2
EBGOLD,0,20110120,094540,2778,215
OTP,0,20110120,094543,5603,120
OTP,0,20110120,094548,5603,200
FHB,0,20110120,094553,970,65
MOL,0,20110120,094611,22475,39
MOL,0,20110120,094611,22480,5
BUX1112,0,20110120,094614,23493,2
OTP,0,20110120,094614,5605,4
OTP,0,20110120,094629,5603,87
OTP,0,20110120,094629,5603,113
OTP,0,20110120,094637,5603,9
MOL,0,20110120,094637,22470,50
MOL,0,20110120,094637,22470,7
OTP,0,20110120,094638,5603,700
OTP,0,20110120,094639,5605,500
BUX1112,0,20110120,094643,23493,4
OTP,0,20110120,094644,5603,30
MOL,0,20110120,094653,22475,66
MOL,0,20110120,094653,22475,36
MOL,0,20110120,094653,22475,62
MOL,0,20110120,094653,22475,36
MOL,0,20110120,094654,22475,12
BUX1112,0,20110120,094656,23495,1
PFLAX,0,20110120,094659,720,200
PFLAX,0,20110120,094659,720,100
OTP,0,20110120,094701,5603,40
OTP,0,20110120,094705,5605,162
OTP,0,20110120,094714,5605,338
OTP,0,20110120,094714,5605,162
RICHTER,0,20110120,094718,42720,7
OTP,0,20110120,094734,5605,1
OTP,0,20110120,094734,5605,1500
OTP,0,20110120,094734,5609,30
OTP,0,20110120,094734,5609,40
OTP,0,20110120,094734,5610,168
OTP,0,20110120,094734,5610,1500
OTP,0,20110120,094734,5610,355
OTP,0,20110120,094734,5610,300
OTP,0,20110120,094734,5610,20
OTP,0,20110120,094734,5610,250
OTP,0,20110120,094734,5610,500
OTP,0,20110120,094734,5610,5336
OTP,0,20110120,094755,5605,60
OTP,0,20110120,094755,5605,84
OTP,0,20110120,094802,5609,20
OTP,0,20110120,094802,5605,1356
OTP,0,20110120,094802,5605,124
RABA,0,20110120,094830,845,2
OTP,0,20110120,094836,5610,100
RICHTER,0,20110120,094843,42720,8
RICHTER,0,20110120,094843,42720,8
RICHTER,0,20110120,094843,42720,15
RICHTER,0,20110120,094843,42720,16
OTP,0,20110120,094851,5610,50
OTP,0,20110120,094904,5606,400
OTP,0,20110120,094904,5606,360
OTP,0,20110120,094911,5609,50
OTP,0,20110120,094911,5610,14
OTP,0,20110120,094911,5610,157
OTP,0,20110120,094911,5610,1279
MOL,0,20110120,094918,22490,44
MOL,0,20110120,094918,22500,6
MOL,0,20110120,094921,22500,300
MTELEKOM,0,20110120,094925,548,485
MTELEKOM,0,20110120,094925,548,501
OTP,0,20110120,094958,5606,36
EBDAX,0,20110120,095011,1935,25
MOL,0,20110120,095025,22500,89
OTP,0,20110120,095030,5606,204
OTP,0,20110120,095030,5606,1413
OTP,0,20110120,095030,5606,968
OTP,0,20110120,095030,5605,415
RICHTER,0,20110120,095043,42725,36
RICHTER,0,20110120,095043,42735,39
RICHTER,0,20110120,095043,42845,1
RICHTER,0,20110120,095043,42845,24
OTP,0,20110120,095045,5605,961
OTP,0,20110120,095045,5605,39
RABA,0,20110120,095100,840,98
OTP,0,20110120,095106,5608,148
MOL,0,20110120,095110,22500,500
OTP,0,20110120,095125,5608,122
OTP,0,20110120,095130,5608,120
OTP,0,20110120,095132,5610,591
OTP,0,20110120,095132,5610,909
OTP,0,20110120,095132,5610,591
OTP,0,20110120,095132,5610,200
OTP,0,20110120,095132,5610,709
OTP,0,20110120,095132,5610,1287
OTP,0,20110120,095132,5610,30
OTP,0,20110120,095132,5610,60
OTP,0,20110120,095132,5610,123
OTP,0,20110120,095133,5610,27
OTP,0,20110120,095133,5610,1473
OTP,0,20110120,095133,5610,27
OTP,0,20110120,095133,5610,1473
OTP,0,20110120,095133,5610,27
OTP,0,20110120,095138,5608,8
MOL,0,20110120,095138,22480,8
OTP,0,20110120,095138,5609,18
MOL,0,20110120,095140,22480,300
OTP,0,20110120,095146,5611,80
OTP,0,20110120,095150,5612,730
OTP,0,20110120,095150,5613,780
OTP,0,20110120,095150,5613,30
OTP,0,20110120,095153,5611,1420
OTP,0,20110120,095153,5611,80
OTP,0,20110120,095155,5611,1420
OTP,0,20110120,095155,5611,80
OTP,0,20110120,095158,5614,250
OTP,0,20110120,095158,5614,14
OTP,0,20110120,095158,5614,20
OTP,0,20110120,095158,5615,216
OTP,0,20110120,095159,5615,784
OTP,0,20110120,095159,5615,24
OTP,0,20110120,095159,5615,20
OTP,0,20110120,095159,5615,70
OTP,0,20110120,095159,5615,367
BUX1112,0,20110120,095203,23495,4
BUX1112,0,20110120,095203,23495,1
OTP,0,20110120,095203,5611,1420
OTP,0,20110120,095203,5611,80
BUX1112,0,20110120,095205,23495,2
BUX1112,0,20110120,095205,23497,8
OTP,0,20110120,095209,5611,100
OTP,0,20110120,095210,5611,1320
OTP,0,20110120,095211,5611,180
MOL,0,20110120,095218,22490,25
OTP,0,20110120,095224,5615,1500
OTP,0,20110120,095224,5615,50
BUX1112,0,20110120,095235,23490,1
OTP,0,20110120,095237,5616,600
OTP,0,20110120,095237,5616,35
OTP,0,20110120,095237,5617,50
OTP,0,20110120,095237,5617,815
OTP,0,20110120,095242,5617,571
MOL,0,20110120,095243,22480,192
MTELEKOM,0,20110120,095248,549,700
MTELEKOM,0,20110120,095248,549,500
MTELEKOM,0,20110120,095248,549,800
OTP,0,20110120,095252,5614,100
BUX1112,0,20110120,095302,23490,1
BUX1112,0,20110120,095302,23497,2
BUX1112,0,20110120,095302,23499,1
OTP,0,20110120,095310,5615,203
OTP,0,20110120,095313,5616,500
MOL,0,20110120,095314,22475,3
OTP,0,20110120,095316,5616,50
OTP,0,20110120,095332,5617,114
OTP,0,20110120,095332,5617,154
OTP,0,20110120,095332,5619,632
OTP,0,20110120,095332,5619,200
OTP,0,20110120,095332,5619,21
OTP,0,20110120,095332,5619,50
OTP,0,20110120,095332,5619,100
OTP,0,20110120,095332,5620,260
OTP,0,20110120,095332,5620,617
OTP,0,20110120,095332,5620,1000
OTP,0,20110120,095332,5620,150
OTP,0,20110120,095332,5620,1470
OTP,0,20110120,095332,5620,530
OTP,0,20110120,095332,5620,470
OTP,0,20110120,095332,5620,100
OTP,0,20110120,095334,5620,1230
OTP,0,20110120,095334,5620,492
OTP,0,20110120,095334,5620,101
OTP,0,20110120,095334,5620,100
OTP,0,20110120,095334,5620,795
OTP,0,20110120,095334,5620,20
OTP,0,20110120,095334,5620,50
OTP,0,20110120,095346,5621,1500
OTP,0,20110120,095346,5624,300
OTP,0,20110120,095348,5624,100
OTP,0,20110120,095348,5624,100
FHB,0,20110120,095348,970,1000
MOL,0,20110120,095352,22475,5
OTP,0,20110120,095354,5624,153
OTP,0,20110120,095354,5625,200
OTP,0,20110120,095354,5625,48
OTP,0,20110120,095359,5626,250
OTP,0,20110120,095359,5626,18
MTELEKOM,0,20110120,095402,549,200
MTELEKOM,0,20110120,095402,549,1274
OTP,0,20110120,095409,5626,732
OTP,0,20110120,095409,5626,768
OTP,0,20110120,095410,5626,232
OTP,0,20110120,095410,5626,768
OTP,0,20110120,095411,5625,50
OTP,0,20110120,095411,5626,732
OTP,0,20110120,095411,5626,768
OTP,0,20110120,095412,5625,100
OTP,0,20110120,095414,5625,500
OTP,0,20110120,095426,5625,50
OTP,0,20110120,095427,5626,600
OTP,0,20110120,095429,5625,7
OTP,0,20110120,095429,5625,59
OTP,0,20110120,095430,5626,100
OTP,0,20110120,095435,5626,32
OTP,0,20110120,095435,5626,68
OTP,0,20110120,095437,5626,21
OTP,0,20110120,095438,5626,200
OTP,0,20110120,095440,5626,200
OTP,0,20110120,095440,5625,150
OTP,0,20110120,095444,5625,525
OTP,0,20110120,095444,5625,50
OTP,0,20110120,095445,5626,200
MOL,0,20110120,095447,22470,9
OTP,0,20110120,095448,5625,150
OTP,0,20110120,095455,5626,20
MOL,0,20110120,095455,22460,22
OTP,0,20110120,095458,5625,50
OTP,0,20110120,095501,5625,100
OTP,0,20110120,095505,5625,318
BUX1112,0,20110120,095507,23488.5,1
BUX1112,0,20110120,095507,23488,1
RICHTER,0,20110120,095510,42755,3
RICHTER,0,20110120,095511,42755,12
OTP,0,20110120,095516,5625,1182
OTP,0,20110120,095516,5625,100
BUX1112,0,20110120,095519,23486,1
OTP,0,20110120,095521,5626,91
OTP,0,20110120,095521,5626,409
MOL,0,20110120,095522,22460,20
MOL,0,20110120,095522,22460,44
MOL,0,20110120,095522,22460,36
OTP,0,20110120,095522,5626,591
OTP,0,20110120,095526,5625,80
MOL,0,20110120,095527,22460,11
MOL,0,20110120,095527,22460,17
MOL,0,20110120,095527,22470,34
MOL,0,20110120,095527,22500,38
OTP,0,20110120,095536,5625,150
OTP,0,20110120,095538,5625,3551
RICHTER,0,20110120,095538,42755,5
OTP,0,20110120,095539,5625,525
OTP,0,20110120,095540,5625,924
OTP,0,20110120,095540,5625,2000
RICHTER,0,20110120,095542,42755,10
RICHTER,0,20110120,095542,42760,6
OTP,0,20110120,095544,5625,290
MOL,0,20110120,095548,22455,100
OTP,0,20110120,095549,5625,295
OTP,0,20110120,095550,5626,200
OTP,0,20110120,095550,5629,800
OTP,0,20110120,095550,5629,25
OTP,0,20110120,095550,5629,50
OTP,0,20110120,095550,5629,50
OTP,0,20110120,095550,5629,500
OTP,0,20110120,095550,5630,500
OTP,0,20110120,095550,5630,1000
OTP,0,20110120,095550,5630,100
OTP,0,20110120,095550,5630,45
OTP,0,20110120,095550,5630,300
OTP,0,20110120,095550,5630,5500
OTP,0,20110120,095550,5630,152
OTP,0,20110120,095550,5630,50
OTP,0,20110120,095550,5630,7000
OTP,0,20110120,095550,5630,100
OTP,0,20110120,095550,5635,1000
OTP,0,20110120,095550,5635,100
OTP,0,20110120,095559,5633,50
OTP,0,20110120,095602,5633,100
OTP,0,20110120,095602,5630,403
BUX1112,0,20110120,095627,23499,1
BUX1112,0,20110120,095627,23501,2
OTP,0,20110120,095628,5630,1097
OTP,0,20110120,095628,5630,403
OTP,0,20110120,095629,5630,1500
OTP,0,20110120,095637,5630,9
MOL,0,20110120,095637,22455,7
OTP,0,20110120,095637,5630,338
OTP,0,20110120,095649,5630,2000
RICHTER,0,20110120,095649,42760,10
RICHTER,0,20110120,095649,42760,15
RICHTER,0,20110120,095649,42845,21
OTP,0,20110120,095700,5630,173
OTP,0,20110120,095703,5630,159
OTP,0,20110120,095710,5623,70
BUX1112,0,20110120,095711,23519.5,1
BUX1112,0,20110120,095711,23520,1
BUX1112,0,20110120,095711,23524,1
BUX1112,0,20110120,095711,23525,1
BUX1112,0,20110120,095711,23528,1
BUX1112,0,20110120,095711,23529,5
BUX1112,0,20110120,095711,23530,4
MOL,0,20110120,095712,22470,5
MTELEKOM,0,20110120,095718,549,217
OTP,0,20110120,095718,5623,130
OTP,0,20110120,095718,5623,670
BUX1112,0,20110120,095735,23530,1
BUX1112,0,20110120,095735,23537.5,1
BUX1112,0,20110120,095735,23538,3
OTP,0,20110120,095745,5629,154
OTP,0,20110120,095745,5630,10
OTP,0,20110120,095745,5630,100
OTP,0,20110120,095746,5630,2
BUX1112,0,20110120,095749,23500,1
MOL,0,20110120,095753,22455,45
OTP,0,20110120,095802,5635,20
OTP,0,20110120,095802,5635,14
OTP,0,20110120,095802,5635,20
OTP,0,20110120,095802,5635,21
OTP,0,20110120,095802,5635,36
OTP,0,20110120,095802,5635,100
OTP,0,20110120,095802,5635,610
OTP,0,20110120,095802,5638,25
OTP,0,20110120,095802,5638,8
OTP,0,20110120,095802,5638,50
OTP,0,20110120,095802,5639,100
OTP,0,20110120,095802,5639,1000
OTP,0,20110120,095802,5639,20
OTP,0,20110120,095802,5640,110
OTP,0,20110120,095802,5640,50
OTP,0,20110120,095802,5640,106
OTP,0,20110120,095802,5640,200
OTP,0,20110120,095802,5640,790
OTP,0,20110120,095802,5640,2000
OTP,0,20110120,095802,5640,40
OTP,0,20110120,095802,5640,500
OTP,0,20110120,095802,5640,200
OTP,0,20110120,095802,5645,900
OTP,0,20110120,095802,5645,100
OTP,0,20110120,095805,5645,650
OTP,0,20110120,095805,5645,1
OTP,0,20110120,095811,5645,919
OTP,0,20110120,095811,5645,81
BUX1112,0,20110120,095820,23528,1
OTP,0,20110120,095825,5644,250
OTP,0,20110120,095825,5645,6
OTP,0,20110120,095825,5645,144
OTP,0,20110120,095826,5643,100
OTP,0,20110120,095826,5643,3100
BUX1112,0,20110120,095834,23535,20
BUX1112,0,20110120,095834,23528,1
OTP,0,20110120,095837,5643,8
ZWACK,0,20110120,095842,13150,4
OTP,0,20110120,095851,5643,22
OTP,0,20110120,095851,5640,8
BUX1112,0,20110120,095901,23528,2
OTP,0,20110120,095902,5640,92
OTP,0,20110120,095903,5635,108
OTP,0,20110120,095903,5635,142
OTP,0,20110120,095903,5633,57
OTP,0,20110120,095903,5633,43
OTP,0,20110120,095903,5633,300
MOL,0,20110120,095912,22455,2
OTP,0,20110120,095919,5634,100
BUX1112,0,20110120,095926,23503,10
BUX1112,0,20110120,095926,23501,3
BUX1112,0,20110120,095926,23500,5
OTP,0,20110120,095930,5635,20
OTP,0,20110120,095934,5635,14
OTP,0,20110120,095934,5635,7
OTP,0,20110120,095937,5635,13
MOL,0,20110120,095942,22470,4
MOL,0,20110120,095942,22470,58
MOL,0,20110120,095942,22470,39
MOL,0,20110120,095942,22470,54
BUX1112,0,20110120,095942,23510,10
OTP,0,20110120,095943,5635,162
OTP,0,20110120,095950,5635,72
OTP,0,20110120,095950,5634,128
OTP,0,20110120,095952,5634,100
OTP,0,20110120,100007,5634,50
OTP,0,20110120,100030,5636,800
OTP,0,20110120,100030,5636,1200
OTP,0,20110120,100030,5636,400
OTP,0,20110120,100030,5636,1600
OTP,0,20110120,100039,5640,800
MOL,0,20110120,100044,22470,45
MOL,0,20110120,100045,22470,40
OTP,0,20110120,100047,5640,400
EGIS,0,20110120,100055,20910,26
OTP,0,20110120,100132,5634,145
OTP,0,20110120,100137,5634,8
MOL,0,20110120,100137,22460,7
OTP,0,20110120,100148,5634,100
OTP,0,20110120,100150,5636,200
OTP,0,20110120,100150,5634,369
OTP,0,20110120,100150,5634,231
OTP,0,20110120,100159,5639,100
OTP,0,20110120,100159,5640,100
OTP,0,20110120,100208,5640,500
CSEPEL,0,20110120,100209,338,170
CSEPEL,0,20110120,100209,338,336
CSEPEL,0,20110120,100209,339,294
MOL,0,20110120,100210,22460,104
OTP,0,20110120,100222,5640,200
OTP,0,20110120,100222,5640,151
OTP,0,20110120,100222,5640,20
OTP,0,20110120,100222,5640,100
OTP,0,20110120,100222,5640,100
OTP,0,20110120,100222,5640,200
OTP,0,20110120,100222,5640,20
OTP,0,20110120,100222,5640,209
OTP,0,20110120,100223,5635,102
MOL,0,20110120,100223,22470,2
BUX1112,0,20110120,100223,23527,5
BUX1112,0,20110120,100223,23528,10
BUX1112,0,20110120,100223,23528,5
BUX1112,0,20110120,100223,23529,20
OTP,0,20110120,100224,5640,1000
OTP,0,20110120,100225,5640,1000
OTP,0,20110120,100227,5640,791
OTP,0,20110120,100232,5640,209
OTP,0,20110120,100232,5640,64
BUX1112,0,20110120,100234,23520,10
BUX1112,0,20110120,100236,23520,20
BUX1112,0,20110120,100237,23520,20
MOL,0,20110120,100240,22470,3
MOL,0,20110120,100240,22470,51
MOL,0,20110120,100240,22470,45
MOL,0,20110120,100241,22460,42
MOL,0,20110120,100246,22470,49
RICHTER,0,20110120,100249,42755,17
RICHTER,0,20110120,100249,42755,8
BUX1112,0,20110120,100252,23527,1
OTP,0,20110120,100255,5638,15
BUX1112,0,20110120,100255,23512,5
BUX1112,0,20110120,100255,23511,20
CSEPEL,0,20110120,100312,339,6
CSEPEL,0,20110120,100312,340,14
OTP,0,20110120,100317,5639,166
OTP,0,20110120,100317,5640,834
OTP,0,20110120,100326,5640,1000
OTP,0,20110120,100326,5640,893
OTP,0,20110120,100326,5640,5
OTP,0,20110120,100331,5640,45
OTP,0,20110120,100331,5640,1955
OTP,0,20110120,100331,5640,45
OTP,0,20110120,100331,5640,205
OTP,0,20110120,100337,5640,750
OTP,0,20110120,100337,5640,1000
OTP,0,20110120,100337,5640,121
OTP,0,20110120,100339,5638,50
OTP,0,20110120,100341,5640,1000
OTP,0,20110120,100341,5638,35
OTP,0,20110120,100341,5638,465
DANUBIUS,0,20110120,100351,4130,6
OTP,0,20110120,100358,5639,500
CSEPEL,0,20110120,100401,340,300
OTP,0,20110120,100401,5639,500
OTP,0,20110120,100402,5638,60
OTP,0,20110120,100407,5638,1543
GENESIS,0,20110120,100414,210,30
OTP,0,20110120,100419,5634,100
OTP,0,20110120,100419,5634,100
RICHTER,0,20110120,100419,42755,7
RICHTER,0,20110120,100419,42755,15
RICHTER,0,20110120,100419,42755,3
OTP,0,20110120,100432,5634,50
OTP,0,20110120,100432,5635,50
OTP,0,20110120,100435,5635,123
OTP,0,20110120,100438,5638,151
OTP,0,20110120,100438,5638,100
OTP,0,20110120,100438,5638,22
OTP,0,20110120,100438,5639,1227
OTP,0,20110120,100440,5639,1500
OTP,0,20110120,100441,5639,309
OTP,0,20110120,100447,5635,130
OTP,0,20110120,100458,5635,370
OTP,0,20110120,100458,5635,630
OTP,0,20110120,100459,5635,500
BUX1112,0,20110120,100505,23526,2
OTP,0,20110120,100511,5635,1500
EGIS,0,20110120,100512,20950,5
EGIS,0,20110120,100512,20955,6
EGIS,0,20110120,100512,20970,9
EGIS,0,20110120,100512,20975,15
EGIS,0,20110120,100512,20980,12
EGIS,0,20110120,100512,21000,2
EGIS,0,20110120,100512,21000,21
BUX1112,0,20110120,100519,23524,2
BUX1112,0,20110120,100519,23524,6
MOL,0,20110120,100522,22480,10
OTP,0,20110120,100523,5638,10
OTP,0,20110120,100524,5635,55
RICHTER,0,20110120,100528,42755,4
MTELEKOM,0,20110120,100534,550,50
MTELEKOM,0,20110120,100536,550,60
MTELEKOM,0,20110120,100536,550,140
OTP,0,20110120,100538,5638,290
OTP,0,20110120,100538,5638,170
OTP,0,20110120,100538,5638,50
OTP,0,20110120,100538,5639,1090
BUX1112,0,20110120,100541,23524,2
BUX1112,0,20110120,100541,23525,28
OTP,0,20110120,100600,5639,374
OTP,0,20110120,100600,5639,126
MOL,0,20110120,100602,22480,20
MOL,0,20110120,100603,22480,10
MOL,0,20110120,100603,22480,53
OTP,0,20110120,100607,5636,600
GENESIS,0,20110120,100609,214,30
OTP,0,20110120,100611,5638,10
OTP,0,20110120,100611,5639,20
MOL,0,20110120,100612,22495,59
MOL,0,20110120,100612,22500,351
MOL,0,20110120,100612,22500,15
MOL,0,20110120,100612,22500,25
MOL,0,20110120,100612,22500,200
MOL,0,20110120,100612,22500,50
MOL,0,20110120,100612,22500,2
MOL,0,20110120,100612,22500,98
MOL,0,20110120,100612,22500,302
MOL,0,20110120,100612,22500,90
MOL,0,20110120,100613,22500,200
MOL,0,20110120,100614,22500,100
CSEPEL,0,20110120,100618,340,186
BUX1112,0,20110120,100618,23525,1
BUX1112,0,20110120,100618,23527,2
BUX1112,0,20110120,100618,23530,1
MOL,0,20110120,100619,22500,108
MOL,0,20110120,100619,22500,100
MOL,0,20110120,100619,22500,100
MOL,0,20110120,100625,22500,100
MOL,0,20110120,100629,22500,442
RICHTER,0,20110120,100630,42750,15
MOL,0,20110120,100632,22500,58
OTP,0,20110120,100637,5635,9
MOL,0,20110120,100637,22480,7
OTP,0,20110120,100642,5635,1133
OTP,0,20110120,100642,5636,13
OTP,0,20110120,100642,5639,187
OTP,0,20110120,100657,5639,50
LINAMAR,0,20110120,100659,2669,5
RICHTER,0,20110120,100704,42755,7
RICHTER,0,20110120,100704,42755,2
RICHTER,0,20110120,100704,42755,6
RICHTER,0,20110120,100704,42800,21
SYNERGON,0,20110120,100707,537,5
SYNERGON,0,20110120,100707,537,80
MTELEKOM,0,20110120,100713,550,1020
MOL,0,20110120,100721,22480,29
PHYLAXIA,0,20110120,100735,45,725
OTP,0,20110120,100735,5632,30
BOOK,0,20110120,100741,471,170
CSEPEL,0,20110120,100749,344,300
OTP,0,20110120,100751,5633,10
OTP,0,20110120,100756,5635,193
OTP,0,20110120,100756,5635,140
OTP,0,20110120,100804,5635,167
OTP,0,20110120,100811,5633,50
PANNERGY,0,20110120,100818,913,100
MOL,0,20110120,100818,22500,142
MOL,0,20110120,100818,22500,442
MOL,0,20110120,100818,22500,54
MOL,0,20110120,100818,22500,51
MOL,0,20110120,100818,22500,5
GENESIS,0,20110120,100819,209,250
CSEPEL,0,20110120,100824,345,100
MOL,0,20110120,100835,22500,200
CSEPEL,0,20110120,100836,345,230
CSEPEL,0,20110120,100841,345,296
MOL,0,20110120,100845,22500,250
MOL,0,20110120,100846,22500,3
MOL,0,20110120,100846,22500,250
OTP,0,20110120,100851,5633,40
OTP,0,20110120,100851,5633,1413
OTP,0,20110120,100851,5633,47
MTELEKOM,0,20110120,100852,550,1000
CSEPEL,0,20110120,100853,349,10
CSEPEL,0,20110120,100853,350,225
CSEPEL,0,20110120,100901,355,130
CSEPEL,0,20110120,100901,363,30
MOL,0,20110120,100904,22500,97
MOL,0,20110120,100904,22500,3
MOL,0,20110120,100905,22500,97
OTP,0,20110120,100906,5633,453
OTP,0,20110120,100906,5633,181
OTP,0,20110120,100906,5632,70
OTP,0,20110120,100906,5631,100
OTP,0,20110120,100906,5631,696
FHB,0,20110120,100906,971,103
FHB,0,20110120,100906,971,102
PANNERGY,0,20110120,100910,917,76
PANNERGY,0,20110120,100910,917,324
BUX1112,0,20110120,100912,23520,2
BUX1112,0,20110120,100912,23520,10
CSEPEL,0,20110120,100923,360,300
MTELEKOM,0,20110120,100925,550,2000
MOL,0,20110120,100927,22495,53
MOL,0,20110120,100927,22500,3
MOL,0,20110120,100927,22500,250
MOL,0,20110120,100927,22500,494
MOL,0,20110120,100927,22500,306
MOL,0,20110120,100927,22500,494
OTP,0,20110120,100929,5631,104
OTP,0,20110120,100929,5631,281
OTP,0,20110120,100929,5630,100
OTP,0,20110120,100929,5630,1330
OTP,0,20110120,100929,5630,1400
OTP,0,20110120,100929,5630,1000
MOL,0,20110120,100932,22500,100
OTP,0,20110120,100938,5628,900
OTP,0,20110120,100938,5628,163
OTP,0,20110120,100938,5630,1937
OTP,0,20110120,100939,5626,580
OTP,0,20110120,100939,5630,920
OTP,0,20110120,100940,5630,1500
OTP,0,20110120,100941,5625,300
OTP,0,20110120,100941,5625,700
OTP,0,20110120,100942,5630,1428
OTP,0,20110120,100942,5630,72
MTELEKOM,0,20110120,100947,550,2000
OTP,0,20110120,100947,5630,77
KEG,0,20110120,100958,133,2000
BUX1112,0,20110120,100959,23515,2
BUX1112,0,20110120,100959,23513,3
EGIS,0,20110120,101000,20910,5
BUX1112,0,20110120,101003,23532,20
BUX1112,0,20110120,101003,23533,10
OTP,0,20110120,101004,5630,200
MOL,0,20110120,101005,22500,100
OTP,0,20110120,101011,5631,500
MTELEKOM,0,20110120,101027,550,670
EBGOLD,0,20110120,101048,2777,50
EBGOLD,0,20110120,101048,2777,50
MOL,0,20110120,101055,22490,2
OTP,0,20110120,101100,5631,800
OTP,0,20110120,101100,5631,105
OTP,0,20110120,101110,5635,25
OTP,0,20110120,101114,5635,475
OTP,0,20110120,101118,5631,290
OTP,0,20110120,101130,5631,10
OTP,0,20110120,101137,5631,8
MOL,0,20110120,101137,22490,8
OTP,0,20110120,101138,5631,1328
OTP,0,20110120,101138,5631,1000
OTP,0,20110120,101138,5631,1000
OTP,0,20110120,101138,5630,1223
OTP,0,20110120,101138,5630,1449
OTP,0,20110120,101139,5630,34
KEG,0,20110120,101142,132,140
KEG,0,20110120,101142,132,3760
KEG,0,20110120,101142,132,777
KEG,0,20110120,101142,132,1000
KEG,0,20110120,101142,132,1000
KEG,0,20110120,101142,132,2270
KEG,0,20110120,101142,132,2000
KEG,0,20110120,101142,131,878
KEG,0,20110120,101142,131,2000
KEG,0,20110120,101142,131,3000
KEG,0,20110120,101142,131,800
KEG,0,20110120,101142,131,1282
KEG,0,20110120,101142,131,500
KEG,0,20110120,101142,131,1660
KEG,0,20110120,101142,131,1000
KEG,0,20110120,101142,131,777
KEG,0,20110120,101142,131,856
OTP,0,20110120,101159,5630,200
OTP,0,20110120,101205,5631,1400
MOL,0,20110120,101208,22490,30
MOL,0,20110120,101208,22490,40
MOL,0,20110120,101209,22490,30
MOL,0,20110120,101209,22495,44
MOL,0,20110120,101209,22495,47
MOL,0,20110120,101209,22500,106
MOL,0,20110120,101209,22500,100
MOL,0,20110120,101209,22500,470
MOL,0,20110120,101214,22500,30
MOL,0,20110120,101214,22500,100
MOL,0,20110120,101228,22500,100
MOL,0,20110120,101228,22500,200
MOL,0,20110120,101228,22500,200
OTP,0,20110120,101230,5631,100
OTP,0,20110120,101230,5631,900
OTP,0,20110120,101231,5634,25
OTP,0,20110120,101231,5634,131
OTP,0,20110120,101231,5635,20
OTP,0,20110120,101237,5637,300
OTP,0,20110120,101237,5638,500
OTP,0,20110120,101237,5638,100
OTP,0,20110120,101237,5639,617
OTP,0,20110120,101237,5639,55
OTP,0,20110120,101237,5639,18
OTP,0,20110120,101237,5639,760
OTP,0,20110120,101237,5640,2129
OTP,0,20110120,101237,5640,520
OTP,0,20110120,101237,5640,4000
OTP,0,20110120,101237,5640,290
OTP,0,20110120,101237,5640,400
OTP,0,20110120,101237,5640,25
OTP,0,20110120,101237,5643,45
OTP,0,20110120,101237,5643,50
OTP,0,20110120,101237,5644,5
OTP,0,20110120,101237,5644,16
OTP,0,20110120,101237,5644,170
OTP,0,20110120,101246,5640,1500
RICHTER,0,20110120,101247,42770,14
RICHTER,0,20110120,101247,42770,11
RICHTER,0,20110120,101247,42770,6
OTP,0,20110120,101247,5640,2221
OTP,0,20110120,101251,5640,1279
OTP,0,20110120,101253,5640,1500
OTP,0,20110120,101257,5640,1500
EGIS,0,20110120,101258,21000,20
OTP,0,20110120,101259,5640,379
BUX1112,0,20110120,101259,23529,7
BUX1112,0,20110120,101259,23530,1
RICHTER,0,20110120,101308,42770,9
RICHTER,0,20110120,101308,42770,8
RICHTER,0,20110120,101309,42770,3
OTP,0,20110120,101314,5635,24
OTP,0,20110120,101314,5635,176
RICHTER,0,20110120,101322,42770,4
RICHTER,0,20110120,101322,42800,78
OTP,0,20110120,101324,5635,35
KEG,0,20110120,101328,133,750
EGIS,0,20110120,101336,21000,189
MOL,0,20110120,101343,22495,40
MOL,0,20110120,101343,22495,47
MOL,0,20110120,101343,22500,13
MOL,0,20110120,101345,22500,30
OTP,0,20110120,101345,5635,2000
OTP,0,20110120,101345,5635,50
MOL,0,20110120,101347,22500,100
OTP,0,20110120,101356,5640,20
BUX1112,0,20110120,101358,23534,1
BUX1112,0,20110120,101358,23535,2
BUX1112,0,20110120,101358,23537,8
RICHTER,0,20110120,101402,42845,20
RICHTER,0,20110120,101402,42845,31
RICHTER,0,20110120,101402,42850,49
BUX1112,0,20110120,101404,23538,1
BUX1112,0,20110120,101419,23538,4
OTP,0,20110120,101425,5638,173
OTP,0,20110120,101425,5640,77
MOL,0,20110120,101438,22500,157
MOL,0,20110120,101438,22500,300
MOL,0,20110120,101438,22500,3
MOL,0,20110120,101438,22500,40
OTP,0,20110120,101439,5636,85
OTP,0,20110120,101439,5636,15
MOL,0,20110120,101451,22500,100
OTP,0,20110120,101455,5637,45
OTP,0,20110120,101455,5636,755
BUX1112,0,20110120,101458,23540,1
MOL,0,20110120,101459,22500,60
MOL,0,20110120,101459,22500,250
MOL,0,20110120,101500,22500,190
MOL,0,20110120,101501,22500,4
MOL,0,20110120,101503,22485,50
MOL,0,20110120,101503,22485,50
MOL,0,20110120,101503,22500,6
MOL,0,20110120,101504,22500,100
OTP,0,20110120,101505,5638,177
OTP,0,20110120,101505,5640,1223
EGIS,0,20110120,101505,21055,6
EGIS,0,20110120,101505,21055,13
OTP,0,20110120,101514,5636,380
OTP,0,20110120,101514,5635,20
RICHTER,0,20110120,101514,42850,51
RICHTER,0,20110120,101514,42850,11
OTP,0,20110120,101518,5635,404
MOL,0,20110120,101522,22500,344
OTP,0,20110120,101523,5640,35
KEG,0,20110120,101524,133,804
KEG,0,20110120,101524,133,1000
KEG,0,20110120,101524,133,396
BUX1112,0,20110120,101526,23544.5,1
MOL,0,20110120,101528,22500,156
OTP,0,20110120,101528,5640,266
MOL,0,20110120,101531,22500,344
MOL,0,20110120,101537,22500,100
MOL,0,20110120,101537,22500,400
OTP,0,20110120,101544,5632,63
MOL,0,20110120,101546,22505,9
MOL,0,20110120,101546,22505,250
MOL,0,20110120,101546,22505,45
MOL,0,20110120,101553,22500,100
MOL,0,20110120,101553,22500,100
OTP,0,20110120,101553,5633,320
MOL,0,20110120,101554,22500,200
MOL,0,20110120,101555,22500,100
BUX1112,0,20110120,101611,23545,5
BUX1112,0,20110120,101611,23547,1
BUX1112,0,20110120,101611,23548,1
BUX1112,0,20110120,101611,23548,1
BUX1112,0,20110120,101611,23549,2
RICHTER,0,20110120,101614,42850,3
RICHTER,0,20110120,101614,42850,33
RICHTER,0,20110120,101614,42900,10
RICHTER,0,20110120,101614,42975,2
OTP,0,20110120,101616,5635,90
MOL,0,20110120,101621,22500,156
MOL,0,20110120,101621,22500,284
MOL,0,20110120,101621,22500,200
MOL,0,20110120,101623,22500,360
MOL,0,20110120,101625,22500,96
BUX1112,0,20110120,101627,23545,2
MOL,0,20110120,101628,22500,404
BUX1112,0,20110120,101632,23549,48
BUX1112,0,20110120,101632,23550,10
BUX1112,0,20110120,101632,23550,1
BUX1112,0,20110120,101632,23550,11
BUX1112,0,20110120,101632,23550,10
MOL,0,20110120,101635,22500,52
MOL,0,20110120,101635,22500,500
OTP,0,20110120,101637,5634,9
MOL,0,20110120,101637,22470,7
MOL,0,20110120,101638,22500,448
MOL,0,20110120,101638,22500,8
MOL,0,20110120,101638,22500,242
CSEPEL,0,20110120,101640,336,104
CSEPEL,0,20110120,101640,335,44
PANNERGY,0,20110120,101646,912,460
PANNERGY,0,20110120,101646,912,500
PANNERGY,0,20110120,101646,912,210
MOL,0,20110120,101650,22500,258
MOL,0,20110120,101650,22500,176
MOL,0,20110120,101658,22500,66
OTP,0,20110120,101658,5635,1
OTP,0,20110120,101702,5635,9
OTP,0,20110120,101702,5635,162
RICHTER,0,20110120,101709,42975,5
OTP,0,20110120,101709,5635,329
MOL,0,20110120,101709,22500,134
MOL,0,20110120,101717,22500,66
MOL,0,20110120,101717,22500,200
MOL,0,20110120,101718,22500,200
MOL,0,20110120,101719,22500,34
MOL,0,20110120,101723,22500,166
MOL,0,20110120,101723,22500,200
MOL,0,20110120,101724,22500,134
BUX1112,0,20110120,101726,23550,3
MOL,0,20110120,101727,22500,66
MOL,0,20110120,101727,22500,134
MOL,0,20110120,101727,22500,272
MOL,0,20110120,101728,22500,200
MOL,0,20110120,101729,22500,28
OTP,0,20110120,101731,5640,20
BUX1112,0,20110120,101734,23550,1
BUX1112,0,20110120,101734,23550,20
BUX1112,0,20110120,101734,23550,1
MOL,0,20110120,101752,22480,35
MOL,0,20110120,101752,22490,41
MOL,0,20110120,101752,22500,16
MOL,0,20110120,101757,22500,108
MOL,0,20110120,101805,22500,392
MTELEKOM,0,20110120,101815,550,8170
MTELEKOM,0,20110120,101815,550,100
MTELEKOM,0,20110120,101815,550,1730
MOL,0,20110120,101820,22500,500
OTP,0,20110120,101822,5640,642
MTELEKOM,0,20110120,101822,550,2000
MOL,0,20110120,101823,22500,500
MOL,0,20110120,101829,22500,200
MOL,0,20110120,101832,22500,300
MOL,0,20110120,101835,22500,500
BUX1112,0,20110120,101837,23555,1
BUX1112,0,20110120,101837,23556,1
BUX1112,0,20110120,101837,23560,10
MOL,0,20110120,101840,22500,500
MOL,0,20110120,101843,22500,500
MOL,0,20110120,101843,22500,200
MOL,0,20110120,101843,22500,500
MOL,0,20110120,101843,22505,54
OTP,0,20110120,101843,5640,40
MOL,0,20110120,101847,22505,446
MOL,0,20110120,101855,22500,500
MOL,0,20110120,101858,22500,500
MOL,0,20110120,101901,22500,485
MOL,0,20110120,101901,22500,1000
MOL,0,20110120,101901,22500,500
BUX1112,0,20110120,101905,23565,1
OTP,0,20110120,101910,5640,1167
OTP,0,20110120,101921,5643,2300
OTP,0,20110120,101922,5640,13
MOL,0,20110120,101930,22510,131
MOL,0,20110120,101931,22520,25
MOL,0,20110120,101931,22520,25
MOL,0,20110120,101933,22520,19
MOL,0,20110120,101933,22520,54
MOL,0,20110120,101933,22525,152
OTP,0,20110120,101933,5644,830
OTP,0,20110120,101933,5644,186
OTP,0,20110120,101933,5645,56
OTP,0,20110120,101933,5645,155
OTP,0,20110120,101933,5645,200
OTP,0,20110120,101933,5645,1000
OTP,0,20110120,101933,5645,100
OTP,0,20110120,101933,5645,20
OTP,0,20110120,101933,5645,108
BUX1112,0,20110120,101934,23565,1
OTP,0,20110120,101936,5640,118
OTP,0,20110120,101936,5640,536
OTP,0,20110120,101936,5640,296
BUX1112,0,20110120,101936,23560,3
OTP,0,20110120,101940,5640,1
MOL,0,20110120,101942,22520,25
MOL,0,20110120,101942,22510,319
MOL,0,20110120,101942,22510,175
SYNERGON,0,20110120,101942,537,266
PANNERGY,0,20110120,101943,912,400
OTP,0,20110120,101946,5640,120
OTP,0,20110120,101946,5640,80
BUX1112,0,20110120,101947,23560,5
MTELEKOM,0,20110120,101951,550,270
MTELEKOM,0,20110120,101951,550,20000
MTELEKOM,0,20110120,101951,550,5000
MTELEKOM,0,20110120,101951,550,10000
MTELEKOM,0,20110120,101951,550,8000
MTELEKOM,0,20110120,101951,550,5000
MTELEKOM,0,20110120,101951,550,5000
MTELEKOM,0,20110120,101951,550,3550
MTELEKOM,0,20110120,101951,550,335
MTELEKOM,0,20110120,101951,550,355
MTELEKOM,0,20110120,101951,550,529
MTELEKOM,0,20110120,101951,550,500
MTELEKOM,0,20110120,101951,550,1729
MTELEKOM,0,20110120,101951,550,900
BUX1112,0,20110120,101954,23560,1
OTP,0,20110120,101957,5640,28
MOL,0,20110120,102001,22520,200
MTELEKOM,0,20110120,102001,550,2000
MTELEKOM,0,20110120,102003,550,10000
OTP,0,20110120,102003,5643,129
MTELEKOM,0,20110120,102005,550,3114
OTP,0,20110120,102006,5646,63
OTP,0,20110120,102006,5646,161
OTP,0,20110120,102006,5647,510
OTP,0,20110120,102006,5648,400
OTP,0,20110120,102006,5648,366
OTP,0,20110120,102006,5648,834
OTP,0,20110120,102006,5649,400
OTP,0,20110120,102006,5649,200
OTP,0,20110120,102006,5649,66
MTELEKOM,0,20110120,102006,550,7614
OTP,0,20110120,102006,5649,934
OTP,0,20110120,102006,5649,16
OTP,0,20110120,102006,5649,500
OTP,0,20110120,102006,5649,50
MTELEKOM,0,20110120,102007,550,9272
MOL,0,20110120,102008,22520,200
OTP,0,20110120,102008,5649,450
OTP,0,20110120,102008,5649,200
OTP,0,20110120,102008,5649,98
OTP,0,20110120,102008,5649,50
OTP,0,20110120,102008,5649,70
OTP,0,20110120,102008,5650,290
OTP,0,20110120,102008,5650,35
OTP,0,20110120,102008,5650,6
OTP,0,20110120,102008,5650,90
OTP,0,20110120,102008,5650,40
OTP,0,20110120,102008,5650,14
OTP,0,20110120,102008,5650,157
OTP,0,20110120,102008,5650,153
OTP,0,20110120,102008,5650,100
OTP,0,20110120,102008,5650,20
OTP,0,20110120,102008,5650,60
OTP,0,20110120,102008,5650,110
OTP,0,20110120,102008,5650,159
OTP,0,20110120,102008,5650,898
OTP,0,20110120,102008,5650,434
OTP,0,20110120,102008,5650,500
OTP,0,20110120,102008,5650,400
OTP,0,20110120,102008,5650,166
OTP,0,20110120,102008,5650,649
OTP,0,20110120,102008,5650,400
OTP,0,20110120,102008,5650,451
PFLAX,0,20110120,102010,746,10
OTP,0,20110120,102010,5650,10
OTP,0,20110120,102011,5650,1500
OTP,0,20110120,102011,5650,139
OTP,0,20110120,102011,5650,600
OTP,0,20110120,102011,5650,500
OTP,0,20110120,102011,5650,200
OTP,0,20110120,102011,5650,61
OTP,0,20110120,102012,5650,139
OTP,0,20110120,102012,5650,50
OTP,0,20110120,102012,5650,1311
MOL,0,20110120,102012,22510,25
OTP,0,20110120,102012,5650,739
OTP,0,20110120,102012,5650,3000
OTP,0,20110120,102012,5650,230
OTP,0,20110120,102012,5650,40
OTP,0,20110120,102012,5650,15
OTP,0,20110120,102012,5650,2000
OTP,0,20110120,102012,5650,1021
MOL,0,20110120,102013,22510,50
OTP,0,20110120,102014,5650,3779
OTP,0,20110120,102014,5650,265
OTP,0,20110120,102014,5650,300
OTP,0,20110120,102014,5650,45
OTP,0,20110120,102014,5650,200
OTP,0,20110120,102014,5650,199
OTP,0,20110120,102014,5650,125
OTP,0,20110120,102014,5650,51
OTP,0,20110120,102014,5650,412
OTP,0,20110120,102014,5650,1000
OTP,0,20110120,102014,5650,180
OTP,0,20110120,102014,5650,14
OTP,0,20110120,102014,5650,80
OTP,0,20110120,102014,5650,522
OTP,0,20110120,102014,5650,200
OTP,0,20110120,102014,5650,628
MTELEKOM,0,20110120,102015,550,2000
OTP,0,20110120,102017,5650,557
OTP,0,20110120,102017,5650,50
OTP,0,20110120,102017,5650,100
OTP,0,20110120,102017,5650,100
OTP,0,20110120,102017,5650,50
OTP,0,20110120,102017,5650,405
OTP,0,20110120,102017,5650,1000
OTP,0,20110120,102017,5650,1000
OTP,0,20110120,102017,5650,200
MTELEKOM,0,20110120,102020,550,3000
MTELEKOM,0,20110120,102020,550,2708
MTELEKOM,0,20110120,102020,550,1427
OTP,0,20110120,102020,5650,200
MTELEKOM,0,20110120,102025,550,10216
MOL,0,20110120,102025,22510,100
MTELEKOM,0,20110120,102027,550,2649
OTP,0,20110120,102029,5654,100
OTP,0,20110120,102029,5654,200
MOL,0,20110120,102032,22510,300
MOL,0,20110120,102032,22510,100
MOL,0,20110120,102032,22505,1000
MOL,0,20110120,102032,22505,200
MOL,0,20110120,102032,22505,10
OTP,0,20110120,102034,5653,150
MOL,0,20110120,102034,22520,20
MOL,0,20110120,102034,22525,30
GENESIS,0,20110120,102039,212,15
GENESIS,0,20110120,102039,214,15
MTELEKOM,0,20110120,102039,550,600
MTELEKOM,0,20110120,102039,550,3344
OTP,0,20110120,102041,5653,50
MOL,0,20110120,102041,22505,200
MOL,0,20110120,102041,22500,500
MOL,0,20110120,102041,22500,200
MOL,0,20110120,102041,22500,1000
MOL,0,20110120,102041,22500,300
MTELEKOM,0,20110120,102043,550,13251
OTP,0,20110120,102045,5650,1338
OTP,0,20110120,102045,5650,50
MTELEKOM,0,20110120,102046,550,2805
MTELEKOM,0,20110120,102046,550,2607
OTP,0,20110120,102049,5650,612
OTP,0,20110120,102049,5650,1388
OTP,0,20110120,102051,5653,20
BUX1112,0,20110120,102053,23560,1
BUX1112,0,20110120,102053,23577,1
BUX1112,0,20110120,102053,23578,1
BUX1112,0,20110120,102053,23578.5,1
BUX1112,0,20110120,102053,23579,10
BUX1112,0,20110120,102053,23579,2
BUX1112,0,20110120,102053,23580,1
BUX1112,0,20110120,102053,23580,5
RICHTER,0,20110120,102055,42830,10
MOL,0,20110120,102055,22505,108
MOL,0,20110120,102055,22500,117
BUX1112,0,20110120,102102,23580,5
BUX1112,0,20110120,102102,23580,2
MOL,0,20110120,102105,22500,34
BUX1112,0,20110120,102108,23580,3
OTP,0,20110120,102108,5653,100
OTP,0,20110120,102109,5650,200
MTELEKOM,0,20110120,102115,550,400
OTP,0,20110120,102117,5653,180
OTP,0,20110120,102128,5653,170
OTP,0,20110120,102128,5653,130
OTP,0,20110120,102129,5653,1605
OTP,0,20110120,102129,5650,1395
OTP,0,20110120,102132,5654,71
MOL,0,20110120,102137,22500,7
OTP,0,20110120,102137,5650,8
OTP,0,20110120,102149,5654,129
OTP,0,20110120,102149,5654,165
OTP,0,20110120,102149,5656,706
OTP,0,20110120,102149,5656,10
OTP,0,20110120,102150,5656,284
OTP,0,20110120,102152,5650,789
OTP,0,20110120,102152,5650,539
PANNERGY,0,20110120,102155,912,500
EGIS,0,20110120,102155,21050,35
FHB,0,20110120,102157,970,50
BUX1112,0,20110120,102205,23588,1
PANNERGY,0,20110120,102207,912,500
OTP,0,20110120,102207,5651,1000
OTP,0,20110120,102207,5650,770
MOL,0,20110120,102215,22505,18
MOL,0,20110120,102218,22505,296
MTELEKOM,0,20110120,102225,550,1681
MTELEKOM,0,20110120,102225,550,2000
MTELEKOM,0,20110120,102225,550,1319
OTP,0,20110120,102227,5650,1691
OTP,0,20110120,102227,5650,3309
RICHTER,0,20110120,102231,42825,10
BUX1112,0,20110120,102234,23589.5,1
BUX1112,0,20110120,102234,23590,19
MOL,0,20110120,102235,22505,70
OTP,0,20110120,102238,5650,1500
OTP,0,20110120,102239,5650,874
OTP,0,20110120,102239,5650,626
OTP,0,20110120,102239,5650,82
OTP,0,20110120,102239,5650,100
OTP,0,20110120,102240,5650,1318
MOL,0,20110120,102247,22505,166
MOL,0,20110120,102247,22500,42
MOL,0,20110120,102247,22500,10
MOL,0,20110120,102247,22500,46
OTP,0,20110120,102250,5644,50
OTP,0,20110120,102253,5650,100
OTP,0,20110120,102257,5650,300
OTP,0,20110120,102259,5653,1
OTP,0,20110120,102303,5650,100
OTP,0,20110120,102305,5644,21
OTP,0,20110120,102305,5644,308
BUX1112,0,20110120,102329,23584,2
BUX1112,0,20110120,102329,23585,18
KEG,0,20110120,102332,132,1000
KEG,0,20110120,102332,132,100
KEG,0,20110120,102332,132,500
KEG,0,20110120,102332,131,144
KEG,0,20110120,102332,131,300
KEG,0,20110120,102332,131,1000
KEG,0,20110120,102332,131,1000
KEG,0,20110120,102332,131,1000
KEG,0,20110120,102332,131,360
OTP,0,20110120,102349,5644,100
MOL,0,20110120,102351,22505,7
MTELEKOM,0,20110120,102351,550,681
MTELEKOM,0,20110120,102351,550,2000
MTELEKOM,0,20110120,102351,550,2000
BUX1112,0,20110120,102359,23585,2
BUX1112,0,20110120,102402,23585,3
RICHTER,0,20110120,102411,42820,4
MTELEKOM,0,20110120,102412,550,319
MTELEKOM,0,20110120,102412,550,1172
MTELEKOM,0,20110120,102412,550,3509
MTELEKOM,0,20110120,102414,550,1314
MTELEKOM,0,20110120,102414,550,1578
CSEPEL,0,20110120,102443,340,14
CSEPEL,0,20110120,102444,340,46
OTP,0,20110120,102506,5646,20
OTP,0,20110120,102523,5646,100
PANNERGY,0,20110120,102529,911,13
PANNERGY,0,20110120,102529,911,200
PANNERGY,0,20110120,102529,911,200
PANNERGY,0,20110120,102529,911,287
RICHTER,0,20110120,102532,42820,5
OTP,0,20110120,102532,5646,25
OTP,0,20110120,102532,5646,155
RICHTER,0,20110120,102536,42820,4
BUX1112,0,20110120,102542,23585,10
OTP,0,20110120,102546,5647,50
MOL,0,20110120,102554,22510,49
MOL,0,20110120,102554,22510,37
MOL,0,20110120,102554,22510,47
MOL,0,20110120,102554,22515,57
MOL,0,20110120,102554,22515,46
OTP,0,20110120,102606,5646,220
OTP,0,20110120,102606,5646,98
OTP,0,20110120,102606,5646,32
OTP,0,20110120,102611,5647,50
RICHTER,0,20110120,102612,42810,10
CSEPEL,0,20110120,102615,340,54
OTP,0,20110120,102627,5646,500
OTP,0,20110120,102628,5646,50
MOL,0,20110120,102630,22520,30
OTP,0,20110120,102634,5646,500
OTP,0,20110120,102637,5646,9
MOL,0,20110120,102637,22505,8
OTP,0,20110120,102639,5646,20
RICHTER,0,20110120,102641,42805,10
MOL,0,20110120,102701,22505,38
