<TICKER>,<PER>,<DTYYYYMMDD>,<TIME>,<CLOSE>,<VOLUME>
ECONET,0,20110107,090033,90,1500
EGIS,0,20110107,090033,20885,5
EGIS,0,20110107,090033,20885,4
FHB,0,20110107,090033,978,100
FHB,0,20110107,090033,978,50
FHB,0,20110107,090033,978,170
FOTEX,0,20110107,090033,388,200
FOTEX,0,20110107,090033,388,300
GENESIS,0,20110107,090033,241,150
GENESIS,0,20110107,090033,241,150
GENESIS,0,20110107,090033,241,150
HUMET,0,20110107,090033,9,5380
HUMET,0,20110107,090033,9,5000
HUMET,0,20110107,090033,9,10000
HUMET,0,20110107,090033,9,4
HUMET,0,20110107,090033,9,3000
HUMET,0,20110107,090033,9,11770
HUMET,0,20110107,090033,9,20000
HUMET,0,20110107,090033,9,13296
HUMET,0,20110107,090033,9,6704
HUMET,0,20110107,090033,9,5550
HUMET,0,20110107,090033,9,50000
HUMET,0,20110107,090033,9,13366
HUMET,0,20110107,090033,9,46634
HUMET,0,20110107,090033,9,3386
HUMET,0,20110107,090033,9,3000
KEG,0,20110107,090033,140,552
KEG,0,20110107,090033,140,448
KEG,0,20110107,090033,140,300
KEG,0,20110107,090033,140,800
KEG,0,20110107,090033,140,452
KEG,0,20110107,090033,140,442
KEG,0,20110107,090033,140,500
KEG,0,20110107,090033,140,606
KEG,0,20110107,090033,140,394
KEG,0,20110107,090033,140,700
MOL,0,20110107,090033,21500,47
MOL,0,20110107,090033,21500,15
MOL,0,20110107,090033,21500,38
MOL,0,20110107,090033,21500,253
MOL,0,20110107,090033,21500,10
MOL,0,20110107,090033,21500,20
MOL,0,20110107,090033,21500,130
MOL,0,20110107,090033,21500,49
MOL,0,20110107,090033,21500,1
MOL,0,20110107,090033,21500,4
MOL,0,20110107,090033,21500,46
MOL,0,20110107,090033,21500,3
MOL,0,20110107,090033,21500,2
MOL,0,20110107,090033,21500,48
MOL,0,20110107,090033,21500,52
MOL,0,20110107,090033,21500,100
MOL,0,20110107,090033,21500,2
MTELEKOM,0,20110107,090033,558,345
MTELEKOM,0,20110107,090033,558,1000
MTELEKOM,0,20110107,090033,558,600
MTELEKOM,0,20110107,090033,558,10
MTELEKOM,0,20110107,090033,558,100
MTELEKOM,0,20110107,090033,558,346
MTELEKOM,0,20110107,090033,558,485
MTELEKOM,0,20110107,090033,558,919
MTELEKOM,0,20110107,090033,558,745
MTELEKOM,0,20110107,090033,558,1336
MTELEKOM,0,20110107,090033,558,110
MTELEKOM,0,20110107,090033,558,100
MTELEKOM,0,20110107,090033,558,100
MTELEKOM,0,20110107,090033,558,10000
OTP,0,20110107,090033,5346,200
OTP,0,20110107,090033,5346,8
OTP,0,20110107,090033,5346,20
OTP,0,20110107,090033,5346,100
OTP,0,20110107,090033,5346,57
OTP,0,20110107,090033,5346,14
OTP,0,20110107,090033,5346,500
OTP,0,20110107,090033,5346,185
OTP,0,20110107,090033,5346,500
OTP,0,20110107,090033,5346,14
OTP,0,20110107,090033,5346,6
OTP,0,20110107,090033,5346,29
OTP,0,20110107,090033,5346,80
OTP,0,20110107,090033,5346,76
OTP,0,20110107,090033,5346,324
OTP,0,20110107,090033,5346,25
OTP,0,20110107,090033,5346,6
OTP,0,20110107,090033,5346,645
OTP,0,20110107,090033,5346,50
OTP,0,20110107,090033,5346,305
OTP,0,20110107,090033,5346,400
PANNERGY,0,20110107,090033,910,200
PANNERGY,0,20110107,090033,910,86
PANNERGY,0,20110107,090033,910,100
RABA,0,20110107,090033,830,15
RFV,0,20110107,090033,8350,40
RFV,0,20110107,090033,8350,2
RFV,0,20110107,090033,8350,7
RFV,0,20110107,090033,8350,1
RFV,0,20110107,090033,8350,19
RFV,0,20110107,090033,8350,25
RFV,0,20110107,090033,8350,6
RFV,0,20110107,090033,8350,4
RICHTER,0,20110107,090033,43600,10
RICHTER,0,20110107,090033,43600,3
RICHTER,0,20110107,090033,43600,14
RICHTER,0,20110107,090033,43600,42
RICHTER,0,20110107,090033,43600,2
RICHTER,0,20110107,090033,43600,7
RICHTER,0,20110107,090033,43600,7
ZWACK,0,20110107,090033,12550,5
ZWACK,0,20110107,090033,12550,5
ZWACK,0,20110107,090033,12550,3
ZWACK,0,20110107,090033,12550,5
ZWACK,0,20110107,090033,12550,7
ZWACK,0,20110107,090033,12550,3
ZWACK,0,20110107,090033,12550,3
ZWACK,0,20110107,090033,12550,3
ZWACK,0,20110107,090033,12550,11
ZWACK,0,20110107,090033,12550,59
ZWACK,0,20110107,090033,12550,6
ZWACK,0,20110107,090033,12550,50
ZWACK,0,20110107,090033,12550,5
ZWACK,0,20110107,090033,12550,30
BUX1112,0,20110107,090041,23000,8
BUX1112,0,20110107,090041,23000,5
BUX1112,0,20110107,090041,23000,2
BUX1112,0,20110107,090041,23000,5
BUX1112,0,20110107,090041,23000,1
BUX1112,0,20110107,090041,23000,1
BUX1112,0,20110107,090041,23000,5
BUX1112,0,20110107,090041,23000,9
BUX1112,0,20110107,090041,23000,1
BUX1112,0,20110107,090041,23000,20
BUX1112,0,20110107,090041,23000,3
BUX1112,0,20110107,090041,23000,1
BUX1112,0,20110107,090041,23000,1
BUX1112,0,20110107,090041,23000,10
BUX1112,0,20110107,090041,23000,7
BUX1112,0,20110107,090041,23000,5
BUX1112,0,20110107,090041,23000,2
BUX1112,0,20110107,090041,23000,8
BUX1112,0,20110107,090041,23000,17
RFV,0,20110107,090200,8306,12
RFV,0,20110107,090200,8305,50
MOL,0,20110107,090200,21500,846
MOL,0,20110107,090202,21500,2
OTP,0,20110107,090203,5347,1
OTP,0,20110107,090203,5346,200
BUX1112,0,20110107,090204,23000,20
BUX1112,0,20110107,090205,23000,15
ZWACK,0,20110107,090206,12500,13
ZWACK,0,20110107,090206,12500,30
ZWACK,0,20110107,090206,12500,1
ZWACK,0,20110107,090206,12500,40
ZWACK,0,20110107,090206,12500,16
ZWACK,0,20110107,090206,12500,5
ZWACK,0,20110107,090206,12475,5
MOL,0,20110107,090207,21500,8
MOL,0,20110107,090207,21500,108
OTP,0,20110107,090209,5346,145
OTP,0,20110107,090209,5340,125
MOL,0,20110107,090209,21500,134
MTELEKOM,0,20110107,090209,558,1346
MTELEKOM,0,20110107,090209,558,500
MTELEKOM,0,20110107,090209,558,900
MTELEKOM,0,20110107,090209,558,300
KEG,0,20110107,090211,141,667
KEG,0,20110107,090211,141,333
MOL,0,20110107,090212,21510,10
RABA,0,20110107,090212,830,22
PANNERGY,0,20110107,090214,910,580
ECONET,0,20110107,090219,90,500
OTP,0,20110107,090219,5340,5
MTELEKOM,0,20110107,090221,557,100
MTELEKOM,0,20110107,090221,557,2000
MTELEKOM,0,20110107,090221,557,500
MTELEKOM,0,20110107,090221,557,1000
MTELEKOM,0,20110107,090221,557,1400
BUX1112,0,20110107,090223,22960.5,5
BUX1112,0,20110107,090223,22960.5,1
OTP,0,20110107,090225,5335,15
OTP,0,20110107,090225,5335,180
OTP,0,20110107,090225,5335,25
OTP,0,20110107,090225,5330,14
OTP,0,20110107,090225,5330,100
OTP,0,20110107,090225,5325,20
OTP,0,20110107,090225,5325,8
OTP,0,20110107,090225,5323,400
OTP,0,20110107,090225,5321,72
OTP,0,20110107,090225,5321,3
OTP,0,20110107,090225,5321,10
OTP,0,20110107,090227,5321,120
BUX1112,0,20110107,090228,22960.5,2
OTP,0,20110107,090229,5330,10
OTP,0,20110107,090230,5330,656
OTP,0,20110107,090230,5330,800
MOL,0,20110107,090234,21430,37
MOL,0,20110107,090234,21480,40
MOL,0,20110107,090234,21500,10
FOTEX,0,20110107,090234,388,400
BUX1112,0,20110107,090235,22960.5,2
BUX1112,0,20110107,090235,22955.5,2
BUX1112,0,20110107,090235,22952,2
BUX1112,0,20110107,090235,22940,2
BUX1112,0,20110107,090235,22940,2
BUX1112,0,20110107,090235,22932,1
BUX1112,0,20110107,090237,22950,2
MOL,0,20110107,090237,21500,60
MOL,0,20110107,090238,21500,10
MTELEKOM,0,20110107,090238,557,400
MTELEKOM,0,20110107,090238,557,2600
OTP,0,20110107,090240,5334,30
ORC,0,20110107,090240,2035,9
ORC,0,20110107,090240,2025,33
ORC,0,20110107,090240,2020,27
ORC,0,20110107,090240,2015,3
MTELEKOM,0,20110107,090241,557,400
RFV,0,20110107,090243,8300,20
BUX1112,0,20110107,090244,22950,2
BUX1112,0,20110107,090247,22950,10
MOL,0,20110107,090247,21495,271
MOL,0,20110107,090247,21495,98
OTP,0,20110107,090248,5330,100
BUX1112,0,20110107,090251,22960,10
BUX1112,0,20110107,090251,22950,6
KEG,0,20110107,090252,141,467
KEG,0,20110107,090252,141,405
KEG,0,20110107,090252,141,128
FHB,0,20110107,090257,978,140
FHB,0,20110107,090257,974,400
FHB,0,20110107,090257,973,25
FHB,0,20110107,090257,971,110
FHB,0,20110107,090257,970,255
OTP,0,20110107,090257,5330,400
ZWACK,0,20110107,090257,12450,5
KEG,0,20110107,090258,140,500
OTP,0,20110107,090259,5330,20
BUX1112,0,20110107,090300,22920,2
BUX1112,0,20110107,090300,22920,1
BUX1112,0,20110107,090300,22920,2
OTP,0,20110107,090301,5333,26
RICHTER,0,20110107,090301,43800,4
BUX1112,0,20110107,090302,22925,40
MTELEKOM,0,20110107,090306,557,400
MTELEKOM,0,20110107,090306,557,500
MTELEKOM,0,20110107,090306,557,100
BUX1112,0,20110107,090307,22950,14
BUX1112,0,20110107,090307,22950,3
KEG,0,20110107,090310,141,1000
BUX1112,0,20110107,090310,22960,33
ZWACK,0,20110107,090312,12450,20
OTP,0,20110107,090317,5333,124
MOL,0,20110107,090319,21485,10
RICHTER,0,20110107,090319,43800,8
BUX1112,0,20110107,090322,22950,2
BUX1112,0,20110107,090330,22950,20
OTP,0,20110107,090330,5334,120
RFV,0,20110107,090336,8300,20
ZWACK,0,20110107,090338,12450,27
OTP,0,20110107,090344,5339,800
OTP,0,20110107,090344,5340,7725
OTP,0,20110107,090344,5340,1000
OTP,0,20110107,090344,5345,20
OTP,0,20110107,090344,5345,200
OTP,0,20110107,090348,5346,20
OTP,0,20110107,090348,5347,29
OTP,0,20110107,090348,5349,61
MTELEKOM,0,20110107,090349,557,1000
ECONET,0,20110107,090353,90,500
OTP,0,20110107,090357,5345,255
OTP,0,20110107,090357,5335,83
OTP,0,20110107,090357,5334,2
MTELEKOM,0,20110107,090409,556,800
MTELEKOM,0,20110107,090409,556,120
MTELEKOM,0,20110107,090409,556,80
MTELEKOM,0,20110107,090409,556,2050
BUX1112,0,20110107,090410,22960,2
BUX1112,0,20110107,090410,22960,2
BUX1112,0,20110107,090415,22960,1
BUX1112,0,20110107,090416,22960,8
OTP,0,20110107,090418,5345,150
OTP,0,20110107,090418,5349,109
OTP,0,20110107,090420,5340,500
OTP,0,20110107,090420,5335,100
OTP,0,20110107,090420,5335,100
BUX1112,0,20110107,090421,22960,1
BUX1112,0,20110107,090421,22960,1
OTP,0,20110107,090423,5340,595
BUX1112,0,20110107,090425,22969.5,2
BUX1112,0,20110107,090432,22970,8
BUX1112,0,20110107,090432,22960,13
OTP,0,20110107,090434,5349,300
KEG,0,20110107,090434,140,900
KEG,0,20110107,090439,141,1000
OTP,0,20110107,090443,5350,15
OTP,0,20110107,090443,5350,300
OTP,0,20110107,090443,5350,191
OTP,0,20110107,090443,5350,63
OTP,0,20110107,090443,5350,100
OTP,0,20110107,090443,5350,638
RICHTER,0,20110107,090444,43650,10
RICHTER,0,20110107,090444,43600,44
RICHTER,0,20110107,090444,43600,25
RICHTER,0,20110107,090444,43525,5
RICHTER,0,20110107,090444,43500,8
RICHTER,0,20110107,090444,43500,8
MTELEKOM,0,20110107,090446,556,800
OTP,0,20110107,090449,5350,50
OTP,0,20110107,090502,5350,40
BUX1112,0,20110107,090506,22969.5,1
BUX1112,0,20110107,090506,22970,1
OTP,0,20110107,090509,5350,14
MTELEKOM,0,20110107,090511,556,2150
MTELEKOM,0,20110107,090511,555,4850
MTELEKOM,0,20110107,090511,555,200
MTELEKOM,0,20110107,090511,555,350
MTELEKOM,0,20110107,090511,555,1000
MTELEKOM,0,20110107,090511,555,1000
MTELEKOM,0,20110107,090511,555,65
MTELEKOM,0,20110107,090511,555,180
MTELEKOM,0,20110107,090511,555,100
MTELEKOM,0,20110107,090511,555,140
MTELEKOM,0,20110107,090511,555,150
MTELEKOM,0,20110107,090511,555,15
MTELEKOM,0,20110107,090511,555,500
MTELEKOM,0,20110107,090511,555,485
MTELEKOM,0,20110107,090511,555,1000
RFV,0,20110107,090521,8300,20
MTELEKOM,0,20110107,090525,555,1000
OTP,0,20110107,090525,5359,20
OTP,0,20110107,090528,5350,89
OTP,0,20110107,090528,5350,400
OTP,0,20110107,090533,5350,50
BUX1112,0,20110107,090534,22965,2
BUX1112,0,20110107,090535,22969.5,1
BUX1112,0,20110107,090535,22970,4
OTP,0,20110107,090535,5349,100
OTP,0,20110107,090536,5340,100
BUX1112,0,20110107,090551,22970,1
BUX1112,0,20110107,090551,22960,4
OTP,0,20110107,090552,5340,200
OTP,0,20110107,090552,5340,150
OTP,0,20110107,090552,5358,300
OTP,0,20110107,090601,5350,1000
OTP,0,20110107,090603,5350,40
MTELEKOM,0,20110107,090607,555,2040
ECONET,0,20110107,090613,90,1000
MOL,0,20110107,090622,21465,40
MOL,0,20110107,090622,21450,1
MOL,0,20110107,090622,21450,50
MOL,0,20110107,090623,21450,86
MOL,0,20110107,090627,21450,113
KEG,0,20110107,090629,141,102
KEG,0,20110107,090629,141,98
BUX1112,0,20110107,090629,22960,1
FOTEX,0,20110107,090630,390,200
FOTEX,0,20110107,090630,391,200
BUX1112,0,20110107,090632,22960,45
MOL,0,20110107,090635,21480,17
BUX1112,0,20110107,090641,22960,5
BUX1112,0,20110107,090645,22931,1
MTELEKOM,0,20110107,090647,555,5475
MTELEKOM,0,20110107,090647,555,85
MTELEKOM,0,20110107,090647,555,500
MTELEKOM,0,20110107,090647,555,1540
MTELEKOM,0,20110107,090647,555,1400
MTELEKOM,0,20110107,090648,555,500
BUX1112,0,20110107,090652,22960,6
KEG,0,20110107,090655,141,902
KEG,0,20110107,090655,141,598
MOL,0,20110107,090703,21495,140
MOL,0,20110107,090703,21500,300
OTP,0,20110107,090706,5342,200
OTP,0,20110107,090706,5341,275
OTP,0,20110107,090706,5340,150
OTP,0,20110107,090706,5340,300
OTP,0,20110107,090706,5340,75
OTP,0,20110107,090713,5341,50
OTP,0,20110107,090713,5340,1275
MTELEKOM,0,20110107,090718,555,250
MOL,0,20110107,090720,21500,60
MOL,0,20110107,090720,21485,356
BUX1112,0,20110107,090721,22959,30
GENESIS,0,20110107,090727,241,100
ZWACK,0,20110107,090729,12450,3
BUX1112,0,20110107,090736,22931.5,1
BUX1112,0,20110107,090736,22931,4
OTP,0,20110107,090738,5341,500
OTP,0,20110107,090745,5347,500
ZWACK,0,20110107,090747,12435,8
ZWACK,0,20110107,090747,12410,6
RFV,0,20110107,090749,8300,33
RICHTER,0,20110107,090801,43800,3
OTP,0,20110107,090802,5348,1000
OTP,0,20110107,090802,5349,300
OTP,0,20110107,090802,5349,800
OTP,0,20110107,090802,5350,418
OTP,0,20110107,090802,5350,1200
OTP,0,20110107,090802,5350,500
OTP,0,20110107,090802,5350,1394
OTP,0,20110107,090802,5350,2
BUX1112,0,20110107,090805,22950,20
OTP,0,20110107,090806,5356,17
MTELEKOM,0,20110107,090812,555,1000
OTP,0,20110107,090813,5351,100
OTP,0,20110107,090814,5351,945
OTP,0,20110107,090814,5350,4386
ZWACK,0,20110107,090814,12385,5
ZWACK,0,20110107,090814,12370,10
ZWACK,0,20110107,090814,12300,7
ZWACK,0,20110107,090814,12300,40
ZWACK,0,20110107,090814,12300,23
ZWACK,0,20110107,090814,12260,100
ZWACK,0,20110107,090814,12250,100
ZWACK,0,20110107,090814,12250,10
HUMET,0,20110107,090817,10,17609
HUMET,0,20110107,090817,10,2000
HUMET,0,20110107,090817,10,391
BUX1112,0,20110107,090823,22936,4
BUX1112,0,20110107,090823,22936,1
MTELEKOM,0,20110107,090823,555,100
BUX1112,0,20110107,090826,22950,11
OTP,0,20110107,090826,5350,100
OTP,0,20110107,090826,5350,1458
MTELEKOM,0,20110107,090831,555,4000
BUX1112,0,20110107,090832,22949,5
OTP,0,20110107,090838,5350,442
ECONET,0,20110107,090841,91,2000
ECONET,0,20110107,090841,91,10000
ECONET,0,20110107,090841,91,1000
ECONET,0,20110107,090841,91,2000
KEG,0,20110107,090845,141,902
OTP,0,20110107,090847,5350,1000
MTELEKOM,0,20110107,090850,555,1000
OTP,0,20110107,090857,5350,1016
OTP,0,20110107,090857,5350,1984
MTELEKOM,0,20110107,090901,555,27
MTELEKOM,0,20110107,090901,555,73
MTELEKOM,0,20110107,090901,555,20
MTELEKOM,0,20110107,090905,555,187
MTELEKOM,0,20110107,090905,555,41
BUX1112,0,20110107,090911,22945,5
BUX1112,0,20110107,090921,22950,1
BUX1112,0,20110107,090928,22949,1
BUX1112,0,20110107,090928,22950,2
BUX1112,0,20110107,090929,22950,11
BUX1112,0,20110107,090932,22950,2
BUX1112,0,20110107,090932,22950,2
OTP,0,20110107,090934,5349,50
OTP,0,20110107,090935,5346,2
OTP,0,20110107,090935,5342,50
OTP,0,20110107,090935,5342,298
MTELEKOM,0,20110107,090940,555,72
MTELEKOM,0,20110107,090940,555,1331
MTELEKOM,0,20110107,090940,555,500
OTP,0,20110107,090943,5342,41
OTP,0,20110107,090943,5341,959
RFV,0,20110107,090946,8300,10
OTP,0,20110107,090954,5345,100
MTELEKOM,0,20110107,090954,556,250
OTP,0,20110107,090959,5345,500
OTP,0,20110107,090959,5341,500
MTELEKOM,0,20110107,091008,554,500
MTELEKOM,0,20110107,091008,554,1500
MTELEKOM,0,20110107,091008,554,99
MTELEKOM,0,20110107,091008,554,1000
MTELEKOM,0,20110107,091008,554,2000
MTELEKOM,0,20110107,091008,554,1568
MTELEKOM,0,20110107,091008,553,50
MTELEKOM,0,20110107,091008,553,572
MTELEKOM,0,20110107,091008,553,100
MTELEKOM,0,20110107,091008,553,328
MTELEKOM,0,20110107,091008,553,100
MTELEKOM,0,20110107,091008,553,572
BUX1112,0,20110107,091011,22950,6
RFV,0,20110107,091013,8270,40
RFV,0,20110107,091013,8251,75
RFV,0,20110107,091013,8206,50
RFV,0,20110107,091013,8205,50
RFV,0,20110107,091013,8200,117
OTP,0,20110107,091015,5341,40
MTELEKOM,0,20110107,091018,555,1000
MOL,0,20110107,091022,21485,5
MTELEKOM,0,20110107,091024,555,1000
OTP,0,20110107,091025,5343,235
OTP,0,20110107,091025,5341,265
MTELEKOM,0,20110107,091037,554,700
MTELEKOM,0,20110107,091040,554,250
ZWACK,0,20110107,091045,12390,44
EGIS,0,20110107,091049,20880,5
MOL,0,20110107,091056,21485,295
MOL,0,20110107,091056,21485,20
MOL,0,20110107,091056,21480,33
OTP,0,20110107,091057,5341,235
OTP,0,20110107,091057,5340,50
OTP,0,20110107,091057,5340,215
OTP,0,20110107,091057,5340,285
OTP,0,20110107,091057,5340,90
OTP,0,20110107,091057,5340,25
RFV,0,20110107,091059,8200,168
MOL,0,20110107,091059,21480,248
BUX1112,0,20110107,091100,22945,5
EGIS,0,20110107,091104,20880,10
MTELEKOM,0,20110107,091107,553,2033
MTELEKOM,0,20110107,091110,554,50
MTELEKOM,0,20110107,091110,554,400
MTELEKOM,0,20110107,091113,554,550
OTP,0,20110107,091118,5340,70
GENESIS,0,20110107,091119,241,170
GENESIS,0,20110107,091119,243,10
MTELEKOM,0,20110107,091129,554,5000
GENESIS,0,20110107,091130,243,727
GENESIS,0,20110107,091130,243,333
BUX1112,0,20110107,091132,22945,1
BUX1112,0,20110107,091132,22948,4
OTP,0,20110107,091135,5340,423
OTP,0,20110107,091135,5340,100
OTP,0,20110107,091135,5340,47
MTELEKOM,0,20110107,091137,554,1025
MOL,0,20110107,091141,21480,48
MOL,0,20110107,091146,21480,100
KEG,0,20110107,091149,141,150
OTP,0,20110107,091153,5340,453
OTP,0,20110107,091153,5340,7
PANNERGY,0,20110107,091155,910,320
PANNERGY,0,20110107,091155,910,100
PANNERGY,0,20110107,091155,907,470
ZWACK,0,20110107,091157,12300,58
MOL,0,20110107,091201,21485,8
MOL,0,20110107,091201,21480,42
OTP,0,20110107,091201,5340,45
OTP,0,20110107,091201,5340,500
KEG,0,20110107,091204,142,100
KEG,0,20110107,091209,141,1000
BUX1112,0,20110107,091211,22940,10
SYNERGON,0,20110107,091214,490,600
BUX1112,0,20110107,091220,22940,3
OTP,0,20110107,091221,5340,500
OTP,0,20110107,091221,5340,500
OTP,0,20110107,091221,5340,500
PANNERGY,0,20110107,091222,913,239
MOL,0,20110107,091224,21480,212
OTP,0,20110107,091226,5339,138
MOL,0,20110107,091229,21480,136
MOL,0,20110107,091230,21480,10
ZWACK,0,20110107,091231,12380,3
BUX1112,0,20110107,091236,22941,2
BUX1112,0,20110107,091236,22940,4
BUX1112,0,20110107,091241,22940,3
KEG,0,20110107,091244,141,800
BUX1112,0,20110107,091254,22940,30
OTP,0,20110107,091258,5339,62
GENESIS,0,20110107,091259,244,400
BUX1112,0,20110107,091300,22940,3
KEG,0,20110107,091301,141,3500
RICHTER,0,20110107,091301,43790,2
OTP,0,20110107,091306,5339,16
BUX1112,0,20110107,091306,22940.5,6
BUX1112,0,20110107,091306,22940,14
BUX1112,0,20110107,091311,22949,5
BUX1112,0,20110107,091311,22950,5
KEG,0,20110107,091312,141,648
KEG,0,20110107,091312,141,352
KEG,0,20110107,091315,141,500
OTP,0,20110107,091326,5338,23
OTP,0,20110107,091326,5338,15
OTP,0,20110107,091327,5338,500
KEG,0,20110107,091328,141,1148
OTP,0,20110107,091336,5338,10
RFV,0,20110107,091339,8201,12
OTP,0,20110107,091343,5338,500
MTELEKOM,0,20110107,091347,555,400
OTP,0,20110107,091352,5335,2000
RICHTER,0,20110107,091410,43610,50
RICHTER,0,20110107,091410,43605,72
RFV,0,20110107,091411,8201,88
PANNERGY,0,20110107,091427,910,165
GENESIS,0,20110107,091428,247,50
OTP,0,20110107,091430,5334,78
OTP,0,20110107,091430,5334,100
OTP,0,20110107,091430,5334,5
OTP,0,20110107,091430,5334,300
OTP,0,20110107,091430,5333,200
OTP,0,20110107,091430,5332,357
OTP,0,20110107,091430,5331,1000
OTP,0,20110107,091430,5330,580
OTP,0,20110107,091430,5330,20
OTP,0,20110107,091430,5330,25
RFV,0,20110107,091435,8250,12
RFV,0,20110107,091435,8250,4
OTP,0,20110107,091436,5330,150
BUX1112,0,20110107,091437,22945,3
BUX1112,0,20110107,091440,22945,2
BUX1112,0,20110107,091440,22945,5
RFV,0,20110107,091444,8250,12
BUX1112,0,20110107,091446,22941,1
BUX1112,0,20110107,091446,22940.5,2
BUX1112,0,20110107,091446,22940,22
BUX1112,0,20110107,091450,22940,2
BUX1112,0,20110107,091451,22940,1
BUX1112,0,20110107,091456,22940,8
BUX1112,0,20110107,091456,22940,1
BUX1112,0,20110107,091456,22940,16
OTP,0,20110107,091457,5325,60
OTP,0,20110107,091459,5325,10
OTP,0,20110107,091501,5330,185
OTP,0,20110107,091504,5330,215
OTP,0,20110107,091504,5325,130
OTP,0,20110107,091504,5325,100
OTP,0,20110107,091504,5325,20
OTP,0,20110107,091504,5323,535
KEG,0,20110107,091509,140,2000
KEG,0,20110107,091510,140,7506
KEG,0,20110107,091510,140,6494
RFV,0,20110107,091516,8250,84
ZWACK,0,20110107,091517,12305,12
ZWACK,0,20110107,091517,12300,15
KEG,0,20110107,091517,140,506
ZWACK,0,20110107,091522,12350,20
BUX1112,0,20110107,091524,22940,3
OTP,0,20110107,091529,5324,75
OTP,0,20110107,091530,5324,25
OTP,0,20110107,091530,5323,59
BUX1112,0,20110107,091536,22945,10
ECONET,0,20110107,091539,90,2000
OTP,0,20110107,091543,5325,25
OTP,0,20110107,091548,5323,37
BOOK,0,20110107,091554,470,34
BOOK,0,20110107,091554,476,6
OTP,0,20110107,091612,5323,169
OTP,0,20110107,091612,5323,200
OTP,0,20110107,091612,5323,1000
OTP,0,20110107,091623,5322,500
OTP,0,20110107,091623,5321,395
OTP,0,20110107,091623,5321,50
OTP,0,20110107,091623,5321,5
OTP,0,20110107,091623,5320,50
OTP,0,20110107,091623,5320,10
OTP,0,20110107,091623,5320,17
OTP,0,20110107,091623,5320,20
OTP,0,20110107,091623,5320,30
OTP,0,20110107,091623,5320,100
OTP,0,20110107,091623,5319,100
OTP,0,20110107,091623,5318,73
BUX1112,0,20110107,091624,22940,10
BUX1112,0,20110107,091625,22940,20
BUX1112,0,20110107,091629,22940,1
RFV,0,20110107,091630,8300,20
OTP,0,20110107,091636,5318,107
OTP,0,20110107,091636,5318,500
ZWACK,0,20110107,091637,12350,4
ZWACK,0,20110107,091637,12380,67
ZWACK,0,20110107,091637,12390,56
ZWACK,0,20110107,091637,12400,186
OTP,0,20110107,091639,5318,40
OTP,0,20110107,091646,5323,12
OTP,0,20110107,091646,5324,84
RABA,0,20110107,091647,825,40
RABA,0,20110107,091647,825,100
RABA,0,20110107,091647,825,230
RABA,0,20110107,091647,825,45
OTP,0,20110107,091650,5325,75
OTP,0,20110107,091650,5325,100
OTP,0,20110107,091653,5325,84
SYNERGON,0,20110107,091653,490,298
BUX1112,0,20110107,091653,22935,1
BUX1112,0,20110107,091653,22931,19
BUX1112,0,20110107,091659,22931,1
BUX1112,0,20110107,091659,22930,3
BUX1112,0,20110107,091659,22930,1
BUX1112,0,20110107,091659,22930,9
OTP,0,20110107,091701,5325,145
MOL,0,20110107,091706,21455,10
MOL,0,20110107,091706,21455,50
MOL,0,20110107,091706,21455,22
MOL,0,20110107,091706,21450,20
MOL,0,20110107,091706,21450,146
OTP,0,20110107,091707,5325,75
OTP,0,20110107,091707,5326,84
OTP,0,20110107,091707,5327,41
EBDAX,0,20110107,091708,1940,770
OTP,0,20110107,091711,5321,50
OTP,0,20110107,091714,5321,250
OTP,0,20110107,091714,5320,1200
BOOK,0,20110107,091715,476,59
BOOK,0,20110107,091715,476,40
KEG,0,20110107,091720,139,1000
KEG,0,20110107,091720,139,400
MTELEKOM,0,20110107,091721,555,200
KEG,0,20110107,091726,138,494
MOL,0,20110107,091727,21455,35
MOL,0,20110107,091727,21450,354
MOL,0,20110107,091727,21450,86
BUX1112,0,20110107,091743,22926,1
BUX1112,0,20110107,091743,22925,1
BUX1112,0,20110107,091743,22921,8
OTP,0,20110107,091744,5316,100
OTP,0,20110107,091749,5316,145
MOL,0,20110107,091754,21435,300
SYNERGON,0,20110107,091758,490,102
BUX1112,0,20110107,091801,22929.5,1
OTP,0,20110107,091802,5320,75
OTP,0,20110107,091802,5320,100
OTP,0,20110107,091803,5320,825
OTP,0,20110107,091805,5320,175
RICHTER,0,20110107,091806,43790,3
MOL,0,20110107,091808,21440,31
MOL,0,20110107,091808,21435,300
MOL,0,20110107,091808,21435,72
MOL,0,20110107,091808,21435,100
MOL,0,20110107,091810,21435,3
KEG,0,20110107,091811,139,1000
BUX1112,0,20110107,091811,22921,3
MOL,0,20110107,091812,21430,263
MOL,0,20110107,091812,21430,120
MOL,0,20110107,091812,21430,40
OTP,0,20110107,091813,5324,16
OTP,0,20110107,091814,5320,20
MOL,0,20110107,091815,21450,10
MOL,0,20110107,091815,21435,10
BUX1112,0,20110107,091816,22921,1
BUX1112,0,20110107,091817,22915,5
BUX1112,0,20110107,091817,22921,1
OTP,0,20110107,091819,5320,50
MOL,0,20110107,091828,21445,32
MOL,0,20110107,091830,21450,33
MOL,0,20110107,091831,21450,167
OTP,0,20110107,091833,5325,10
OTP,0,20110107,091833,5325,18
OTP,0,20110107,091833,5325,65
BUX1112,0,20110107,091839,22912,8
OTP,0,20110107,091840,5325,75
MTELEKOM,0,20110107,091841,555,200
OTP,0,20110107,091841,5327,25
MOL,0,20110107,091842,21440,10
KEG,0,20110107,091842,139,1000
MOL,0,20110107,091843,21440,26
EGIS,0,20110107,091845,20800,25
OTP,0,20110107,091845,5321,20
OTP,0,20110107,091845,5320,507
OTP,0,20110107,091845,5320,20
OTP,0,20110107,091845,5320,200
MOL,0,20110107,091850,21445,35
MOL,0,20110107,091850,21445,24
MOL,0,20110107,091850,21440,7
OTP,0,20110107,091850,5320,700
OTP,0,20110107,091851,5320,53
BUX1112,0,20110107,091851,22912,10
OTP,0,20110107,091855,5321,100
OTP,0,20110107,091855,5320,347
RFV,0,20110107,091857,8299,12
RFV,0,20110107,091857,8300,52
OTP,0,20110107,091859,5320,100
MTELEKOM,0,20110107,091905,554,800
MTELEKOM,0,20110107,091905,554,875
MTELEKOM,0,20110107,091905,554,125
ECONET,0,20110107,091905,91,3100
MTELEKOM,0,20110107,091907,555,200
OTP,0,20110107,091908,5320,1000
BUX1112,0,20110107,091909,22915,2
BUX1112,0,20110107,091909,22912,2
BUX1112,0,20110107,091909,22910,2
BUX1112,0,20110107,091909,22910,3
BUX1112,0,20110107,091909,22910,2
BUX1112,0,20110107,091909,22910,29
BUX1112,0,20110107,091909,22910,1
BUX1112,0,20110107,091909,22910,10
BUX1112,0,20110107,091910,22910,10
BUX1112,0,20110107,091910,22910,1
BUX1112,0,20110107,091910,22910,5
BUX1112,0,20110107,091910,22905,2
BUX1112,0,20110107,091910,22905,1
BUX1112,0,20110107,091910,22905,1
BUX1112,0,20110107,091910,22902,15
OTP,0,20110107,091912,5320,500
OTP,0,20110107,091912,5320,500
MOL,0,20110107,091914,21430,20
MOL,0,20110107,091914,21430,10
ZWACK,0,20110107,091920,12450,5
OTP,0,20110107,091920,5318,20
OTP,0,20110107,091922,5319,1000
OTP,0,20110107,091923,5318,80
OTP,0,20110107,091923,5316,255
OTP,0,20110107,091923,5316,150
OTP,0,20110107,091923,5315,40
OTP,0,20110107,091923,5315,1000
OTP,0,20110107,091923,5315,120
OTP,0,20110107,091923,5315,22
OTP,0,20110107,091923,5315,20
OTP,0,20110107,091923,5315,10
RFV,0,20110107,091925,8300,16
OTP,0,20110107,091930,5315,20
OTP,0,20110107,091930,5315,75
BUX1112,0,20110107,091930,22902,5
MOL,0,20110107,091932,21430,16
OTP,0,20110107,091932,5319,200
OTP,0,20110107,091932,5315,285
OTP,0,20110107,091935,5320,700
MOL,0,20110107,091935,21430,7
OTP,0,20110107,091936,5320,1082
MOL,0,20110107,091936,21430,26
MTELEKOM,0,20110107,091940,555,200
ANY,0,20110107,091944,750,724
OTP,0,20110107,091947,5320,218
OTP,0,20110107,091947,5320,200
OTP,0,20110107,091947,5320,16
OTP,0,20110107,091955,5320,200
OTP,0,20110107,092000,5320,245
EGIS,0,20110107,092000,20800,3
OTP,0,20110107,092004,5320,121
OTP,0,20110107,092004,5320,84
OTP,0,20110107,092004,5320,50
OTP,0,20110107,092004,5325,12
OTP,0,20110107,092004,5325,500
OTP,0,20110107,092010,5325,233
OTP,0,20110107,092013,5315,50
OTP,0,20110107,092013,5315,150
BUX1112,0,20110107,092016,22902,1
BUX1112,0,20110107,092016,22915,1
BUX1112,0,20110107,092016,22915,1
OTP,0,20110107,092018,5325,20
KEG,0,20110107,092019,139,888
KEG,0,20110107,092019,139,894
KEG,0,20110107,092019,140,1000
KEG,0,20110107,092019,140,2000
KEG,0,20110107,092019,140,218
BUX1112,0,20110107,092019,22915,4
BUX1112,0,20110107,092021,22903,7
BUX1112,0,20110107,092021,22902,3
EGIS,0,20110107,092022,20800,42
OTP,0,20110107,092022,5320,200
OTP,0,20110107,092022,5320,300
RICHTER,0,20110107,092023,43615,10
RICHTER,0,20110107,092023,43610,75
OTP,0,20110107,092024,5325,100
OTP,0,20110107,092027,5325,113
OTP,0,20110107,092028,5325,88
OTP,0,20110107,092028,5320,370
OTP,0,20110107,092028,5320,42
OTP,0,20110107,092029,5320,458
OTP,0,20110107,092030,5320,50
OTP,0,20110107,092036,5320,300
OTP,0,20110107,092038,5320,62
OTP,0,20110107,092041,5320,300
OTP,0,20110107,092044,5318,5
OTP,0,20110107,092044,5318,500
OTP,0,20110107,092044,5315,350
OTP,0,20110107,092044,5315,100
OTP,0,20110107,092044,5315,40
OTP,0,20110107,092044,5320,300
MTELEKOM,0,20110107,092045,555,300
MTELEKOM,0,20110107,092048,555,100
MTELEKOM,0,20110107,092048,555,100
EGIS,0,20110107,092051,20800,66
BUX1112,0,20110107,092052,22902.5,1
BUX1112,0,20110107,092052,22902,1
BUX1112,0,20110107,092052,22902,8
OTP,0,20110107,092056,5320,26
ECONET,0,20110107,092056,90,100
RFV,0,20110107,092102,8270,25
MTELEKOM,0,20110107,092111,554,600
OTP,0,20110107,092125,5320,100
OTP,0,20110107,092125,5320,400
MOL,0,20110107,092127,21410,6
MOL,0,20110107,092127,21410,4
MOL,0,20110107,092127,21405,100
MOL,0,20110107,092127,21405,100
MOL,0,20110107,092127,21405,50
MOL,0,20110107,092127,21405,83
MOL,0,20110107,092130,21410,121
MOL,0,20110107,092130,21405,77
MOL,0,20110107,092130,21405,50
ANY,0,20110107,092135,746,60
ANY,0,20110107,092135,743,450
ANY,0,20110107,092135,742,200
ANY,0,20110107,092135,741,120
ANY,0,20110107,092135,740,100
ANY,0,20110107,092135,736,300
ANY,0,20110107,092135,730,445
ANY,0,20110107,092135,725,101
OTP,0,20110107,092135,5320,874
OTP,0,20110107,092135,5320,1000
OTP,0,20110107,092135,5320,126
OTP,0,20110107,092136,5316,400
OTP,0,20110107,092136,5316,524
OTP,0,20110107,092136,5316,500
OTP,0,20110107,092136,5316,76
ANY,0,20110107,092138,726,100
MOL,0,20110107,092139,21410,32
OTP,0,20110107,092141,5319,500
OTP,0,20110107,092146,5316,75
BUX1112,0,20110107,092148,22905,3
BUX1112,0,20110107,092148,22904,2
ANY,0,20110107,092150,726,20
OTP,0,20110107,092150,5320,374
OTP,0,20110107,092150,5320,226
EGIS,0,20110107,092152,20800,70
OTP,0,20110107,092155,5320,974
OTP,0,20110107,092155,5317,100
BUX1112,0,20110107,092156,22904,3
BUX1112,0,20110107,092156,22903,2
BUX1112,0,20110107,092156,22902.5,8
BUX1112,0,20110107,092156,22902,17
BUX1112,0,20110107,092156,22901,1
BUX1112,0,20110107,092156,22901,1
BUX1112,0,20110107,092156,22900.5,20
BUX1112,0,20110107,092156,22900,5
BUX1112,0,20110107,092156,22900,10
BUX1112,0,20110107,092157,22900,5
OTP,0,20110107,092157,5317,280
OTP,0,20110107,092157,5316,849
OTP,0,20110107,092157,5316,127
BUX1112,0,20110107,092159,22900,25
OTP,0,20110107,092159,5320,20
OTP,0,20110107,092200,5316,373
OTP,0,20110107,092200,5315,622
BUX1112,0,20110107,092203,22900,3
BUX1112,0,20110107,092203,22900,5
BUX1112,0,20110107,092203,22900,10
OTP,0,20110107,092203,5317,100
OTP,0,20110107,092203,5315,338
OTP,0,20110107,092203,5315,500
ECONET,0,20110107,092207,90,1223
PHYLAXIA,0,20110107,092210,45,4630
BUX1112,0,20110107,092216,22890,50
BUX1112,0,20110107,092219,22886,1
BUX1112,0,20110107,092219,22877,2
BUX1112,0,20110107,092219,22876,2
BUX1112,0,20110107,092219,22875,1
BUX1112,0,20110107,092219,22861,1
BUX1112,0,20110107,092219,22860,2
BUX1112,0,20110107,092219,22855.5,2
OTP,0,20110107,092220,5315,500
OTP,0,20110107,092220,5315,26
OTP,0,20110107,092220,5313,17
OTP,0,20110107,092220,5313,50
OTP,0,20110107,092220,5312,82
OTP,0,20110107,092220,5312,1325
BUX1112,0,20110107,092221,22855,6
OTP,0,20110107,092222,5313,290
MOL,0,20110107,092223,21410,50
MOL,0,20110107,092224,21410,3
MOL,0,20110107,092224,21405,150
MOL,0,20110107,092224,21400,200
MOL,0,20110107,092224,21400,200
MOL,0,20110107,092224,21400,50
MOL,0,20110107,092224,21400,20
MOL,0,20110107,092224,21400,377
MOL,0,20110107,092224,21400,8
MOL,0,20110107,092224,21400,4
ZWACK,0,20110107,092225,12410,40
ZWACK,0,20110107,092225,12410,40
MOL,0,20110107,092228,21405,31
MOL,0,20110107,092228,21400,80
MTELEKOM,0,20110107,092228,554,554
OTP,0,20110107,092229,5315,100
OTP,0,20110107,092229,5313,8
OTP,0,20110107,092229,5313,500
OTP,0,20110107,092229,5312,175
OTP,0,20110107,092229,5312,500
OTP,0,20110107,092229,5311,1000
OTP,0,20110107,092229,5311,84
OTP,0,20110107,092229,5310,62
OTP,0,20110107,092229,5310,50
OTP,0,20110107,092229,5310,100
OTP,0,20110107,092229,5310,100
OTP,0,20110107,092229,5310,65
OTP,0,20110107,092229,5310,60
OTP,0,20110107,092229,5310,70
OTP,0,20110107,092229,5310,100
OTP,0,20110107,092229,5310,10
OTP,0,20110107,092229,5310,230
OTP,0,20110107,092229,5310,5
OTP,0,20110107,092229,5310,20
MOL,0,20110107,092231,21400,31
PANNERGY,0,20110107,092232,910,300
MOL,0,20110107,092235,21410,31
MOL,0,20110107,092235,21400,70
MOL,0,20110107,092235,21400,37
MOL,0,20110107,092236,21400,62
OTP,0,20110107,092236,5315,275
MTELEKOM,0,20110107,092237,554,1000
OTP,0,20110107,092243,5306,300
OTP,0,20110107,092243,5306,500
OTP,0,20110107,092243,5305,20
OTP,0,20110107,092243,5305,60
OTP,0,20110107,092243,5305,100
OTP,0,20110107,092243,5305,25
OTP,0,20110107,092243,5305,25
OTP,0,20110107,092243,5305,70
OTP,0,20110107,092243,5305,100
OTP,0,20110107,092243,5305,1000
OTP,0,20110107,092243,5304,40
OTP,0,20110107,092243,5304,100
OTP,0,20110107,092243,5302,3000
OTP,0,20110107,092243,5302,5
OTP,0,20110107,092243,5301,300
OTP,0,20110107,092243,5301,8
OTP,0,20110107,092243,5301,50
OTP,0,20110107,092243,5301,5000
OTP,0,20110107,092243,5301,1000
OTP,0,20110107,092243,5301,100
OTP,0,20110107,092243,5300,50
OTP,0,20110107,092243,5300,395
OTP,0,20110107,092243,5300,50
OTP,0,20110107,092243,5300,40
OTP,0,20110107,092243,5300,4000
OTP,0,20110107,092243,5300,50
OTP,0,20110107,092243,5300,50
OTP,0,20110107,092243,5300,2311
OTP,0,20110107,092243,5300,300
OTP,0,20110107,092243,5300,100
OTP,0,20110107,092243,5300,377
OTP,0,20110107,092243,5300,500
OTP,0,20110107,092243,5300,250
OTP,0,20110107,092243,5300,13
OTP,0,20110107,092243,5300,90
OTP,0,20110107,092243,5300,22
OTP,0,20110107,092243,5300,50
OTP,0,20110107,092247,5299,10
OTP,0,20110107,092247,5299,484
OTP,0,20110107,092247,5296,30
OTP,0,20110107,092247,5295,40
OTP,0,20110107,092247,5295,100
OTP,0,20110107,092247,5292,15
OTP,0,20110107,092247,5291,15
OTP,0,20110107,092247,5291,985
OTP,0,20110107,092247,5290,25
OTP,0,20110107,092247,5290,55
OTP,0,20110107,092247,5290,250
OTP,0,20110107,092247,5289,120
OTP,0,20110107,092247,5286,100
OTP,0,20110107,092247,5285,1870
OTP,0,20110107,092247,5285,100
OTP,0,20110107,092247,5285,30
OTP,0,20110107,092247,5283,9
OTP,0,20110107,092247,5283,11
OTP,0,20110107,092247,5282,10
OTP,0,20110107,092247,5282,154
OTP,0,20110107,092247,5282,96
OTP,0,20110107,092247,5281,84
OTP,0,20110107,092247,5281,116
OTP,0,20110107,092247,5281,2000
OTP,0,20110107,092247,5281,400
OTP,0,20110107,092247,5280,400
OTP,0,20110107,092247,5280,50
OTP,0,20110107,092247,5280,4
OTP,0,20110107,092247,5280,50
OTP,0,20110107,092247,5280,20
OTP,0,20110107,092247,5280,240
OTP,0,20110107,092247,5280,1000
OTP,0,20110107,092247,5280,50
OTP,0,20110107,092247,5280,200
OTP,0,20110107,092247,5280,100
OTP,0,20110107,092247,5280,30
OTP,0,20110107,092247,5276,3000
OTP,0,20110107,092247,5275,197
OTP,0,20110107,092247,5275,500
OTP,0,20110107,092247,5275,200
OTP,0,20110107,092247,5275,200
OTP,0,20110107,092247,5272,403
OTP,0,20110107,092247,5272,18
OTP,0,20110107,092247,5272,20
OTP,0,20110107,092247,5273,65
OTP,0,20110107,092247,5279,57
OTP,0,20110107,092247,5280,63
OTP,0,20110107,092248,5280,300
OTP,0,20110107,092251,5280,977
OTP,0,20110107,092251,5280,25
OTP,0,20110107,092251,5280,498
KEG,0,20110107,092252,139,500
OTP,0,20110107,092253,5290,500
OTP,0,20110107,092253,5290,3000
OTP,0,20110107,092253,5290,150
OTP,0,20110107,092253,5290,55
BUX1112,0,20110107,092254,22857,3
OTP,0,20110107,092256,5295,2700
OTP,0,20110107,092256,5295,340
OTP,0,20110107,092256,5295,100
OTP,0,20110107,092256,5297,638
OTP,0,20110107,092256,5299,1222
OTP,0,20110107,092301,5281,570
OTP,0,20110107,092301,5280,256
MOL,0,20110107,092302,21400,145
OTP,0,20110107,092304,5280,746
OTP,0,20110107,092304,5298,700
OTP,0,20110107,092304,5299,2778
OTP,0,20110107,092304,5300,185
MOL,0,20110107,092304,21380,32
MOL,0,20110107,092304,21375,10
MOL,0,20110107,092304,21370,20
MOL,0,20110107,092304,21360,50
MOL,0,20110107,092304,21360,38
OTP,0,20110107,092306,5304,16
RICHTER,0,20110107,092306,43775,2
OTP,0,20110107,092307,5300,968
OTP,0,20110107,092309,5300,369
OTP,0,20110107,092311,5300,25
MOL,0,20110107,092312,21365,14
KEG,0,20110107,092312,139,1000
OTP,0,20110107,092313,5300,344
OTP,0,20110107,092314,5300,656
BUX1112,0,20110107,092316,22857,2
OTP,0,20110107,092317,5300,15
MTELEKOM,0,20110107,092318,554,767
MTELEKOM,0,20110107,092318,554,233
OTP,0,20110107,092321,5300,50
BUX1112,0,20110107,092327,22860,2
OTP,0,20110107,092330,5290,1184
OTP,0,20110107,092333,5290,316
OTP,0,20110107,092333,5290,100
OTP,0,20110107,092333,5285,487
KEG,0,20110107,092336,140,1000
OTP,0,20110107,092338,5290,40
OTP,0,20110107,092338,5286,400
OTP,0,20110107,092338,5285,420
OTP,0,20110107,092338,5285,12
MTELEKOM,0,20110107,092339,554,150
PANNERGY,0,20110107,092341,910,60
BUX1112,0,20110107,092343,22861,1
OTP,0,20110107,092346,5285,100
OTP,0,20110107,092347,5285,10
OTP,0,20110107,092353,5295,25
PANNERGY,0,20110107,092400,910,25
PANNERGY,0,20110107,092400,908,100
PANNERGY,0,20110107,092400,907,275
RICHTER,0,20110107,092403,43610,5
MOL,0,20110107,092404,21390,66
MOL,0,20110107,092406,21390,8
MOL,0,20110107,092406,21390,10
MOL,0,20110107,092406,21390,52
MTELEKOM,0,20110107,092406,554,617
MTELEKOM,0,20110107,092406,554,1613
MTELEKOM,0,20110107,092406,554,1000
OTP,0,20110107,092411,5295,12
OTP,0,20110107,092411,5290,18
FOTEX,0,20110107,092415,388,200
BUX1112,0,20110107,092415,22870,3
MOL,0,20110107,092416,21385,33
MOL,0,20110107,092416,21380,1
MOL,0,20110107,092416,21380,47
MOL,0,20110107,092416,21380,60
MOL,0,20110107,092416,21360,12
OTP,0,20110107,092431,5295,100
BUX1112,0,20110107,092431,22870,2
RICHTER,0,20110107,092432,43610,10
BUX1112,0,20110107,092433,22870,2
EGIS,0,20110107,092435,20800,7
MOL,0,20110107,092436,21360,20
MOL,0,20110107,092436,21360,7
OTP,0,20110107,092436,5290,57
OTP,0,20110107,092436,5290,300
OTP,0,20110107,092436,5290,40
BUX1112,0,20110107,092436,22878.5,1
BUX1112,0,20110107,092438,22870,2
OTP,0,20110107,092438,5290,100
BUX1112,0,20110107,092442,22880,5
BUX1112,0,20110107,092443,22870,26
OTP,0,20110107,092445,5290,175
OTP,0,20110107,092446,5290,70
RICHTER,0,20110107,092447,43610,5
OTP,0,20110107,092449,5290,170
OTP,0,20110107,092450,5290,25
EBGOLD,0,20110107,092452,2912,800
OTP,0,20110107,092452,5287,15
OTP,0,20110107,092452,5290,63
OTP,0,20110107,092455,5290,507
BUX1112,0,20110107,092456,22855,5
MOL,0,20110107,092459,21360,68
OTP,0,20110107,092502,5290,85
OTP,0,20110107,092502,5290,100
RFV,0,20110107,092503,8255,10
BUX1112,0,20110107,092503,22855,1
MOL,0,20110107,092507,21365,10
OTP,0,20110107,092508,5290,15
OTP,0,20110107,092508,5290,25
OTP,0,20110107,092510,5290,25
MOL,0,20110107,092512,21355,50
MOL,0,20110107,092512,21350,20
MOL,0,20110107,092512,21350,27
MOL,0,20110107,092512,21350,498
MOL,0,20110107,092512,21350,2
MOL,0,20110107,092512,21350,18
MTELEKOM,0,20110107,092512,553,96
MOL,0,20110107,092515,21355,90
MOL,0,20110107,092515,21355,57
MTELEKOM,0,20110107,092516,554,200
OTP,0,20110107,092516,5290,800
RICHTER,0,20110107,092516,43610,5
MOL,0,20110107,092520,21355,36
MOL,0,20110107,092520,21350,7
MOL,0,20110107,092520,21350,50
BUX1112,0,20110107,092523,22861,12
BUX1112,0,20110107,092523,22860,12
MOL,0,20110107,092524,21360,10
MOL,0,20110107,092528,21360,57
MOL,0,20110107,092528,21360,20
OTP,0,20110107,092529,5295,263
OTP,0,20110107,092529,5299,66
OTP,0,20110107,092529,5299,336
OTP,0,20110107,092529,5299,300
OTP,0,20110107,092529,5300,230
BUX1112,0,20110107,092531,22870,3
MOL,0,20110107,092532,21365,35
RICHTER,0,20110107,092536,43610,1
RICHTER,0,20110107,092536,43605,4
GENESIS,0,20110107,092538,244,50
GENESIS,0,20110107,092538,244,300
GENESIS,0,20110107,092538,244,120
MOL,0,20110107,092541,21360,20
MOL,0,20110107,092541,21325,3
MOL,0,20110107,092541,21325,5
MOL,0,20110107,092541,21300,6
MOL,0,20110107,092541,21300,50
MOL,0,20110107,092541,21300,20
MOL,0,20110107,092541,21300,20
MOL,0,20110107,092541,21300,200
MOL,0,20110107,092541,21280,50
MOL,0,20110107,092541,21280,7
MOL,0,20110107,092541,21255,51
MOL,0,20110107,092541,21255,49
MOL,0,20110107,092541,21210,4
MOL,0,20110107,092541,21210,6
MOL,0,20110107,092541,21210,114
MOL,0,20110107,092541,21210,9
MOL,0,20110107,092541,21210,50
MOL,0,20110107,092541,21210,3
RFV,0,20110107,092542,8255,10
OTP,0,20110107,092544,5299,452
OTP,0,20110107,092544,5300,205
OTP,0,20110107,092544,5300,2000
OTP,0,20110107,092544,5300,100
OTP,0,20110107,092544,5300,1000
OTP,0,20110107,092544,5300,600
OTP,0,20110107,092544,5300,130
MOL,0,20110107,092545,21220,30
MOL,0,20110107,092545,21220,45
MOL,0,20110107,092545,21230,12
MOL,0,20110107,092545,21240,35
BUX1112,0,20110107,092545,22870,1
OTP,0,20110107,092548,5300,9
MOL,0,20110107,092549,21245,50
MOL,0,20110107,092549,21250,80
OTP,0,20110107,092551,5300,1000
OTP,0,20110107,092552,5300,490
BUX1112,0,20110107,092552,22860,1
MOL,0,20110107,092554,21295,6
MOL,0,20110107,092554,21300,2
MOL,0,20110107,092556,21295,65
MOL,0,20110107,092558,21295,57
RICHTER,0,20110107,092601,43600,20
BUX1112,0,20110107,092601,22870,1
BUX1112,0,20110107,092603,22870,3
BUX1112,0,20110107,092604,22880,1
MOL,0,20110107,092607,21270,75
OTP,0,20110107,092614,5304,100
OTP,0,20110107,092617,5304,84
MOL,0,20110107,092618,21290,276
MOL,0,20110107,092618,21295,124
BUX1112,0,20110107,092620,22870,10
OTP,0,20110107,092622,5304,116
BUX1112,0,20110107,092625,22870,1
BUX1112,0,20110107,092625,22880,4
OTP,0,20110107,092628,5304,500
MOL,0,20110107,092631,21295,154
MOL,0,20110107,092631,21300,96
MOL,0,20110107,092636,21300,155
MOL,0,20110107,092636,21300,11
OTP,0,20110107,092636,5301,200
MOL,0,20110107,092641,21300,100
MOL,0,20110107,092644,21300,134
ZWACK,0,20110107,092645,12400,120
MOL,0,20110107,092645,21300,11
MOL,0,20110107,092647,21300,134
MOL,0,20110107,092651,21285,32
MOL,0,20110107,092651,21280,40
MOL,0,20110107,092652,21300,66
BUX1112,0,20110107,092653,22886,3
BUX1112,0,20110107,092654,22886,1
RICHTER,0,20110107,092657,43600,12
BUX1112,0,20110107,092700,22886,1
MTELEKOM,0,20110107,092705,553,70
RFV,0,20110107,092707,8300,18
MOL,0,20110107,092711,21300,34
MOL,0,20110107,092711,21300,50
MOL,0,20110107,092711,21300,36
MOL,0,20110107,092714,21300,80
MOL,0,20110107,092714,21330,20
OTP,0,20110107,092716,5302,370
OTP,0,20110107,092716,5302,230
GENESIS,0,20110107,092723,241,2500
GENESIS,0,20110107,092723,241,1000
MOL,0,20110107,092724,21300,36
MOL,0,20110107,092726,21300,200
MOL,0,20110107,092726,21300,34
MOL,0,20110107,092729,21300,30
RABA,0,20110107,092730,825,15
OTP,0,20110107,092731,5303,100
OTP,0,20110107,092731,5302,106
BUX1112,0,20110107,092743,22889,2
KEG,0,20110107,092747,140,405
KEG,0,20110107,092747,140,195
GENESIS,0,20110107,092749,244,530
GENESIS,0,20110107,092749,247,250
GENESIS,0,20110107,092749,247,470
PANNERGY,0,20110107,092759,907,2000
BUX1112,0,20110107,092802,22886,4
BUX1112,0,20110107,092802,22880,1
OTP,0,20110107,092806,5309,17
RICHTER,0,20110107,092806,43660,3
MOL,0,20110107,092816,21330,5
MOL,0,20110107,092817,21315,33
MOL,0,20110107,092817,21310,195
MOL,0,20110107,092818,21300,10
MOL,0,20110107,092818,21300,40
BUX1112,0,20110107,092822,22875,10
MOL,0,20110107,092823,21300,110
MOL,0,20110107,092823,21300,10
MOL,0,20110107,092823,21300,35
BUX1112,0,20110107,092827,22875,1
RICHTER,0,20110107,092828,43600,1
RICHTER,0,20110107,092828,43550,10
MOL,0,20110107,092828,21295,40
MOL,0,20110107,092828,21295,90
MOL,0,20110107,092828,21290,58
MOL,0,20110107,092828,21290,10
MOL,0,20110107,092828,21280,50
MOL,0,20110107,092828,21300,84
BUX1112,0,20110107,092830,22875,4
BUX1112,0,20110107,092830,22871,6
OTP,0,20110107,092850,5305,50
OTP,0,20110107,092850,5303,82
OTP,0,20110107,092850,5303,700
OTP,0,20110107,092850,5302,1416
MTELEKOM,0,20110107,092854,554,950
BUX1112,0,20110107,092854,22871,4
OTP,0,20110107,092900,5305,188
OTP,0,20110107,092900,5302,200
OTP,0,20110107,092906,5302,25
EGIS,0,20110107,092909,20800,87
OTP,0,20110107,092910,5309,50
BUX1112,0,20110107,092919,22870,6
BUX1112,0,20110107,092919,22870,1
BUX1112,0,20110107,092919,22870,4
MTELEKOM,0,20110107,092926,554,740
MTELEKOM,0,20110107,092932,554,500
MTELEKOM,0,20110107,092936,554,380
MTELEKOM,0,20110107,092936,554,500
OTP,0,20110107,092952,5305,6
MOL,0,20110107,092955,21305,5
ZWACK,0,20110107,092956,12400,20
PANNERGY,0,20110107,093006,910,100
MTELEKOM,0,20110107,093008,555,400
MTELEKOM,0,20110107,093008,555,15540
MTELEKOM,0,20110107,093008,555,608
MTELEKOM,0,20110107,093008,555,70
BUX1112,0,20110107,093016,22870,8
HUMET,0,20110107,093025,9,901
HUMET,0,20110107,093025,9,4099
OTP,0,20110107,093029,5309,33
GENESIS,0,20110107,093033,241,1000
GENESIS,0,20110107,093033,241,2000
GENESIS,0,20110107,093033,241,500
EGIS,0,20110107,093046,20750,10
OTP,0,20110107,093051,5309,118
BUX1112,0,20110107,093054,22870,1
EGIS,0,20110107,093056,20740,60
EGIS,0,20110107,093059,20740,3
EGIS,0,20110107,093059,20750,30
OTP,0,20110107,093059,5309,100
BUX1112,0,20110107,093101,22870,8
BUX1112,0,20110107,093101,22870,5
MOL,0,20110107,093131,21305,17
MOL,0,20110107,093131,21305,34
MOL,0,20110107,093131,21305,53
MOL,0,20110107,093131,21300,12
MOL,0,20110107,093131,21300,34
BUX1112,0,20110107,093133,22875,5
OTP,0,20110107,093134,5305,11
OTP,0,20110107,093134,5305,2000
OTP,0,20110107,093134,5305,100
OTP,0,20110107,093134,5303,5
OTP,0,20110107,093134,5303,300
OTP,0,20110107,093134,5303,50
OTP,0,20110107,093134,5302,23
OTP,0,20110107,093134,5302,40
OTP,0,20110107,093134,5302,3
OTP,0,20110107,093134,5302,2000
OTP,0,20110107,093134,5301,190
OTP,0,20110107,093134,5301,50
OTP,0,20110107,093134,5301,1500
OTP,0,20110107,093134,5301,180
OTP,0,20110107,093134,5300,100
OTP,0,20110107,093134,5300,600
OTP,0,20110107,093134,5300,100
OTP,0,20110107,093134,5300,5
KEG,0,20110107,093137,139,1400
BUX1112,0,20110107,093138,22871,1
MTELEKOM,0,20110107,093140,555,1570
MTELEKOM,0,20110107,093140,555,1000
OTP,0,20110107,093141,5299,1000
OTP,0,20110107,093141,5296,200
GENESIS,0,20110107,093141,241,50
BUX1112,0,20110107,093141,22870,10
GENESIS,0,20110107,093141,243,500
MTELEKOM,0,20110107,093142,555,2000
BUX1112,0,20110107,093144,22870,5
GENESIS,0,20110107,093147,243,100
OTP,0,20110107,093148,5299,100
MOL,0,20110107,093151,21300,16
MOL,0,20110107,093151,21300,100
MOL,0,20110107,093151,21300,34
BUX1112,0,20110107,093151,22870,1
MOL,0,20110107,093152,21300,100
OTP,0,20110107,093159,5296,300
OTP,0,20110107,093200,5299,300
OTP,0,20110107,093205,5299,55
OTP,0,20110107,093206,5295,500
OTP,0,20110107,093206,5292,200
OTP,0,20110107,093213,5299,50
BUX1112,0,20110107,093220,22861,1
OTP,0,20110107,093232,5295,95
BUX1112,0,20110107,093241,22857,1
BUX1112,0,20110107,093245,22857,1
BUX1112,0,20110107,093250,22860,1
BUX1112,0,20110107,093256,22855,5
BUX1112,0,20110107,093257,22855,4
FOTEX,0,20110107,093306,388,3333
RICHTER,0,20110107,093306,43660,1
OTP,0,20110107,093310,5295,400
OTP,0,20110107,093311,5299,16
MOL,0,20110107,093313,21315,5
MOL,0,20110107,093313,21315,5
MOL,0,20110107,093313,21320,50
BUX1112,0,20110107,093316,22865,1
RICHTER,0,20110107,093316,43745,1
FOTEX,0,20110107,093321,388,767
OTP,0,20110107,093333,5299,200
OTP,0,20110107,093334,5295,400
MOL,0,20110107,093334,21320,54
MOL,0,20110107,093334,21320,34
MOL,0,20110107,093334,21320,38
MOL,0,20110107,093334,21310,49
MTELEKOM,0,20110107,093347,555,2000
MTELEKOM,0,20110107,093348,555,1500
MTELEKOM,0,20110107,093350,554,780
BUX1112,0,20110107,093357,22860,5
BUX1112,0,20110107,093402,22851,1
FHB,0,20110107,093403,972,100
OTP,0,20110107,093404,5295,2000
BUX1112,0,20110107,093405,22850,1
OTP,0,20110107,093407,5295,1105
BUX1112,0,20110107,093408,22850,1
BUX1112,0,20110107,093412,22850,1
BUX1112,0,20110107,093412,22842,1
MOL,0,20110107,093417,21325,115
MOL,0,20110107,093418,21325,35
BUX1112,0,20110107,093422,22850,1
BUX1112,0,20110107,093423,22850,1
OTP,0,20110107,093432,5295,50
OTP,0,20110107,093432,5295,845
BUX1112,0,20110107,093436,22860,1
MOL,0,20110107,093438,21340,25
MOL,0,20110107,093438,21345,18
MOL,0,20110107,093438,21345,5
OTP,0,20110107,093439,5295,390
MOL,0,20110107,093440,21345,112
RABA,0,20110107,093443,825,296
BUX1112,0,20110107,093446,22865,9
MTELEKOM,0,20110107,093446,555,1
OTP,0,20110107,093446,5295,1000
BUX1112,0,20110107,093455,22870,1
KEG,0,20110107,093457,138,6
KEG,0,20110107,093457,138,494
OTP,0,20110107,093457,5298,50
KEG,0,20110107,093501,139,600
KEG,0,20110107,093501,139,400
KEG,0,20110107,093506,139,1000
KEG,0,20110107,093506,139,1000
EGIS,0,20110107,093508,20800,27
BUX1112,0,20110107,093509,22870,6
BUX1112,0,20110107,093509,22870,10
OTP,0,20110107,093512,5299,279
OTP,0,20110107,093512,5300,500
OTP,0,20110107,093512,5300,200
OTP,0,20110107,093512,5300,22
OTP,0,20110107,093514,5300,370
EGIS,0,20110107,093515,20800,3
RICHTER,0,20110107,093516,43650,20
OTP,0,20110107,093518,5300,3
OTP,0,20110107,093530,5301,50
OTP,0,20110107,093530,5300,250
MOL,0,20110107,093537,21350,10
MOL,0,20110107,093539,21350,190
BUX1112,0,20110107,093546,22879,1
MOL,0,20110107,093550,21330,10
MTELEKOM,0,20110107,093553,554,140
MTELEKOM,0,20110107,093553,554,150
MTELEKOM,0,20110107,093553,554,110
MTELEKOM,0,20110107,093553,554,6000
MTELEKOM,0,20110107,093553,554,5000
BUX1112,0,20110107,093554,22871,3
BUX1112,0,20110107,093554,22870,7
RICHTER,0,20110107,093555,43600,1
MTELEKOM,0,20110107,093558,553,2229
MTELEKOM,0,20110107,093558,553,800
MTELEKOM,0,20110107,093558,553,500
MTELEKOM,0,20110107,093558,553,904
BUX1112,0,20110107,093607,22870,3
BUX1112,0,20110107,093613,22865,1
OTP,0,20110107,093618,5301,100
OTP,0,20110107,093618,5300,100
OTP,0,20110107,093618,5304,20
EGIS,0,20110107,093620,20800,5
OTP,0,20110107,093638,5301,200
OTP,0,20110107,093638,5300,150
OTP,0,20110107,093638,5300,245
OTP,0,20110107,093638,5300,26
OTP,0,20110107,093646,5300,40
MOL,0,20110107,093648,21335,52
MOL,0,20110107,093648,21335,31
MOL,0,20110107,093648,21335,25
BUX1112,0,20110107,093649,22852,3
BUX1112,0,20110107,093649,22851.5,1
OTP,0,20110107,093656,5300,339
MOL,0,20110107,093656,21370,20
OTP,0,20110107,093706,5300,18
OTP,0,20110107,093728,5304,30
EGIS,0,20110107,093730,20800,22
BUX1112,0,20110107,093735,22852,3
OTP,0,20110107,093737,5304,20
OTP,0,20110107,093737,5300,25
OTP,0,20110107,093742,5305,100
OTP,0,20110107,093750,5300,40
EGIS,0,20110107,093759,20800,20
OTP,0,20110107,093801,5300,30
OTP,0,20110107,093806,5304,1
OTP,0,20110107,093811,5304,16
RICHTER,0,20110107,093811,43745,3
BUX1112,0,20110107,093818,22877,2
BUX1112,0,20110107,093818,22878,2
BUX1112,0,20110107,093818,22878,10
BUX1112,0,20110107,093818,22879,9
BUX1112,0,20110107,093818,22880,1
BUX1112,0,20110107,093818,22880,5
BUX1112,0,20110107,093825,22860,5
HUMET,0,20110107,093832,10,7
OTP,0,20110107,093842,5304,33
OTP,0,20110107,093842,5304,30
OTP,0,20110107,093842,5305,437
MTELEKOM,0,20110107,093844,554,500
RFV,0,20110107,093847,8270,12
RFV,0,20110107,093847,8255,80
RFV,0,20110107,093847,8255,300
RFV,0,20110107,093847,8255,30
OTP,0,20110107,093853,5302,1
BUX1112,0,20110107,093853,22860,1
OTP,0,20110107,093858,5302,999
OTP,0,20110107,093858,5301,450
OTP,0,20110107,093858,5301,2000
OTP,0,20110107,093858,5301,100
OTP,0,20110107,093858,5300,4548
OTP,0,20110107,093858,5300,1945
OTP,0,20110107,093858,5300,20
OTP,0,20110107,093858,5305,63
OTP,0,20110107,093858,5305,50
OTP,0,20110107,093858,5305,12
OTP,0,20110107,093902,5305,11
MOL,0,20110107,093903,21340,20
MOL,0,20110107,093903,21340,23
MOL,0,20110107,093903,21335,10
MOL,0,20110107,093903,21330,50
MOL,0,20110107,093903,21325,12
OTP,0,20110107,093905,5305,500
OTP,0,20110107,093910,5305,8
OTP,0,20110107,093911,5305,192
OTP,0,20110107,093912,5300,6
OTP,0,20110107,093912,5300,174
OTP,0,20110107,093917,5300,50
OTP,0,20110107,093921,5305,372
MTELEKOM,0,20110107,093929,554,81
MTELEKOM,0,20110107,093929,554,919
OTP,0,20110107,093937,5309,1000
MOL,0,20110107,093940,21330,25
MOL,0,20110107,093940,21325,132
MTELEKOM,0,20110107,093946,554,200
MTELEKOM,0,20110107,093950,554,1000
BUX1112,0,20110107,093951,22853.5,1
BUX1112,0,20110107,093951,22853,1
OTP,0,20110107,093952,5305,128
OTP,0,20110107,093952,5302,364
OTP,0,20110107,093952,5301,2000
OTP,0,20110107,093952,5300,268
MTELEKOM,0,20110107,093955,554,213
OTP,0,20110107,093956,5302,3
OTP,0,20110107,094002,5304,100
OTP,0,20110107,094002,5302,147
OTP,0,20110107,094002,5300,353
MTELEKOM,0,20110107,094005,554,787
MTELEKOM,0,20110107,094005,554,1213
MTELEKOM,0,20110107,094011,554,234
MTELEKOM,0,20110107,094011,554,1750
GENESIS,0,20110107,094025,243,400
GENESIS,0,20110107,094025,243,20
MTELEKOM,0,20110107,094029,554,16
MTELEKOM,0,20110107,094029,554,759
RFV,0,20110107,094052,8255,1
OTP,0,20110107,094055,5303,50
OTP,0,20110107,094056,5303,100
OTP,0,20110107,094058,5305,50
OTP,0,20110107,094058,5308,120
OTP,0,20110107,094058,5309,100
OTP,0,20110107,094058,5310,223
OTP,0,20110107,094058,5310,7
OTP,0,20110107,094059,5310,7
RICHTER,0,20110107,094100,43745,5
OTP,0,20110107,094107,5310,63
OTP,0,20110107,094107,5310,503
OTP,0,20110107,094107,5310,5
OTP,0,20110107,094107,5310,785
OTP,0,20110107,094127,5311,100
MOL,0,20110107,094127,21380,80
MOL,0,20110107,094127,21380,50
MOL,0,20110107,094127,21385,100
OTP,0,20110107,094128,5311,138
EGIS,0,20110107,094128,20840,40
OTP,0,20110107,094133,5307,200
OTP,0,20110107,094133,5306,500
OTP,0,20110107,094133,5305,300
MOL,0,20110107,094135,21390,48
OTP,0,20110107,094139,5310,500
OTP,0,20110107,094143,5310,12
OTP,0,20110107,094146,5310,100
BUX1112,0,20110107,094151,22878,1
BUX1112,0,20110107,094151,22879,12
BUX1112,0,20110107,094151,22880,20
OTP,0,20110107,094159,5315,70
MTELEKOM,0,20110107,094203,554,1000
OTP,0,20110107,094208,5310,888
OTP,0,20110107,094208,5310,100
OTP,0,20110107,094208,5310,12
EBWTIOIL,0,20110107,094221,1985,100
OTP,0,20110107,094226,5313,200
OTP,0,20110107,094231,5315,55
OTP,0,20110107,094231,5315,445
OTP,0,20110107,094232,5314,300
BUX1112,0,20110107,094239,22886,1
OTP,0,20110107,094248,5310,288
OTP,0,20110107,094248,5310,1000
OTP,0,20110107,094248,5310,5712
OTP,0,20110107,094252,5310,7
RFV,0,20110107,094302,8216,20
RFV,0,20110107,094302,8215,20
RFV,0,20110107,094302,8210,8
RFV,0,20110107,094302,8210,102
RFV,0,20110107,094302,8200,832
RFV,0,20110107,094302,8200,15
BUX1112,0,20110107,094303,22886,4
OTP,0,20110107,094310,5314,50
OTP,0,20110107,094311,5314,17
RICHTER,0,20110107,094311,43745,2
OTP,0,20110107,094311,5314,151
OTP,0,20110107,094319,5311,60
OTP,0,20110107,094319,5310,274
OTP,0,20110107,094320,5314,100
RFV,0,20110107,094323,8200,3
BUX1112,0,20110107,094326,22886,1
OTP,0,20110107,094335,5314,32
MOL,0,20110107,094343,21390,31
RFV,0,20110107,094347,8255,4
MTELEKOM,0,20110107,094351,554,5000
MTELEKOM,0,20110107,094359,553,96
MTELEKOM,0,20110107,094359,553,204
FHB,0,20110107,094404,976,30
FHB,0,20110107,094404,977,50
KEG,0,20110107,094426,140,657
KEG,0,20110107,094426,140,1731
KEG,0,20110107,094426,140,2000
KEG,0,20110107,094426,140,500
KEG,0,20110107,094426,140,112
MOL,0,20110107,094431,21385,100
MTELEKOM,0,20110107,094433,554,900
MTELEKOM,0,20110107,094433,554,600
MTELEKOM,0,20110107,094436,553,296
MTELEKOM,0,20110107,094436,553,1
MTELEKOM,0,20110107,094449,553,100
OTP,0,20110107,094450,5315,11
OTP,0,20110107,094450,5315,19
OTP,0,20110107,094501,5314,18
OTP,0,20110107,094501,5312,32
OTP,0,20110107,094504,5312,15
HUMET,0,20110107,094507,10,8102
HUMET,0,20110107,094507,10,1000
HUMET,0,20110107,094507,10,898
BUX1112,0,20110107,094509,22881,1
OTP,0,20110107,094517,5312,127
OTP,0,20110107,094517,5311,70
OTP,0,20110107,094517,5310,1007
OTP,0,20110107,094517,5310,450
BUX1112,0,20110107,094520,22881,5
BUX1112,0,20110107,094520,22880,25
BUX1112,0,20110107,094523,22880,20
BUX1112,0,20110107,094525,22880,22
MTELEKOM,0,20110107,094532,553,700
OTP,0,20110107,094534,5310,100
MTELEKOM,0,20110107,094536,553,2600
OTP,0,20110107,094541,5310,500
MTELEKOM,0,20110107,094543,553,1283
OTP,0,20110107,094544,5310,246
OTP,0,20110107,094544,5310,174
OTP,0,20110107,094544,5310,50
MOL,0,20110107,094545,21385,9
MOL,0,20110107,094545,21385,33
MOL,0,20110107,094545,21380,1
OTP,0,20110107,094550,5310,150
OTP,0,20110107,094550,5310,380
OTP,0,20110107,094604,5310,150
KEG,0,20110107,094604,140,888
KEG,0,20110107,094604,140,5375
OTP,0,20110107,094609,5310,150
MOL,0,20110107,094619,21380,49
MOL,0,20110107,094619,21380,73
MOL,0,20110107,094619,21380,50
OTP,0,20110107,094623,5310,100
OTP,0,20110107,094647,5310,73
MOL,0,20110107,094647,21365,22
MOL,0,20110107,094647,21365,3
BUX1112,0,20110107,094653,22862,1
OTP,0,20110107,094656,5310,50
MTELEKOM,0,20110107,094702,554,200
BUX1112,0,20110107,094702,22862,2
BUX1112,0,20110107,094730,22870,23
RFV,0,20110107,094738,8200,97
BUX1112,0,20110107,094746,22870,2
MOL,0,20110107,094747,21365,14
MOL,0,20110107,094747,21355,36
OTP,0,20110107,094752,5311,2
MOL,0,20110107,094801,21355,24
MOL,0,20110107,094801,21355,19
MOL,0,20110107,094801,21350,200
MOL,0,20110107,094801,21350,1
OTP,0,20110107,094807,5311,50
ECONET,0,20110107,094810,90,1000
MTELEKOM,0,20110107,094811,554,262
MTELEKOM,0,20110107,094811,554,238
OTP,0,20110107,094811,5314,25
OTP,0,20110107,094811,5314,16
RICHTER,0,20110107,094812,43700,2
RICHTER,0,20110107,094812,43700,1
MTELEKOM,0,20110107,094817,554,10
OTP,0,20110107,094820,5311,30
OTP,0,20110107,094820,5310,70
RFV,0,20110107,094822,8199,5
MOL,0,20110107,094828,21390,8
MOL,0,20110107,094836,21390,92
MOL,0,20110107,094836,21390,47
MOL,0,20110107,094836,21390,35
MTELEKOM,0,20110107,094840,554,240
OTP,0,20110107,094846,5310,190
OTP,0,20110107,094857,5310,517
OTP,0,20110107,094857,5310,1483
OTP,0,20110107,094859,5310,2000
OTP,0,20110107,094902,5310,2000
MTELEKOM,0,20110107,094904,554,264
MTELEKOM,0,20110107,094904,554,156
OTP,0,20110107,094905,5310,178
OTP,0,20110107,094911,5310,1000
MOL,0,20110107,094912,21370,100
MOL,0,20110107,094912,21370,75
MOL,0,20110107,094912,21350,19
MTELEKOM,0,20110107,094914,554,344
MTELEKOM,0,20110107,094914,554,775
MTELEKOM,0,20110107,094914,554,670
OTP,0,20110107,094915,5310,2000
MTELEKOM,0,20110107,094916,554,1250
MOL,0,20110107,094916,21350,5
MOL,0,20110107,094924,21350,28
OTP,0,20110107,094926,5310,171
OTP,0,20110107,094926,5310,829
OTP,0,20110107,094932,5310,70
OTP,0,20110107,094933,5310,90
KEG,0,20110107,094933,140,1000
MOL,0,20110107,094937,21350,23
BUX1112,0,20110107,094942,22870,2
OTP,0,20110107,094946,5314,9
OTP,0,20110107,094946,5315,91
MTELEKOM,0,20110107,094948,555,33
ECONET,0,20110107,094953,91,150
EGIS,0,20110107,094954,20800,5
MTELEKOM,0,20110107,095004,554,1961
MTELEKOM,0,20110107,095004,554,1739
MTELEKOM,0,20110107,095004,553,5316
MTELEKOM,0,20110107,095004,553,300
MTELEKOM,0,20110107,095004,553,103
MTELEKOM,0,20110107,095004,553,10000
MTELEKOM,0,20110107,095004,553,800
MTELEKOM,0,20110107,095004,553,2000
OTP,0,20110107,095011,5315,40
MTELEKOM,0,20110107,095018,552,500
MTELEKOM,0,20110107,095018,552,500
MTELEKOM,0,20110107,095018,552,100
MTELEKOM,0,20110107,095018,552,100
MTELEKOM,0,20110107,095018,552,1000
MTELEKOM,0,20110107,095018,552,2155
MTELEKOM,0,20110107,095018,552,1178
MTELEKOM,0,20110107,095018,552,1000
MTELEKOM,0,20110107,095018,552,1822
MTELEKOM,0,20110107,095018,552,55
BUX1112,0,20110107,095020,22866,2
MTELEKOM,0,20110107,095024,552,1577
EGIS,0,20110107,095025,20800,5
MTELEKOM,0,20110107,095026,552,614
MTELEKOM,0,20110107,095026,552,932
MTELEKOM,0,20110107,095026,552,370
MTELEKOM,0,20110107,095026,552,50
MTELEKOM,0,20110107,095026,552,361
MTELEKOM,0,20110107,095029,552,291
OTP,0,20110107,095029,5315,100
MTELEKOM,0,20110107,095044,553,493
MTELEKOM,0,20110107,095044,553,1014
BUX1112,0,20110107,095050,22866,1
OTP,0,20110107,095055,5314,80
MTELEKOM,0,20110107,095055,553,3493
BUX1112,0,20110107,095105,22866.5,2
RFV,0,20110107,095115,8181,35
BUX1112,0,20110107,095119,22880,1
BUX1112,0,20110107,095119,22880,6
OTP,0,20110107,095123,5310,11
OTP,0,20110107,095123,5310,1000
MTELEKOM,0,20110107,095129,553,2000
OTP,0,20110107,095132,5307,62
RFV,0,20110107,095138,8181,25
BUX1112,0,20110107,095144,22880,4
BUX1112,0,20110107,095144,22880,1
BUX1112,0,20110107,095144,22883,1
RFV,0,20110107,095150,8181,22
RFV,0,20110107,095150,8180,33
KEG,0,20110107,095150,138,186
KEG,0,20110107,095150,138,314
BUX1112,0,20110107,095151,22870,3
BUX1112,0,20110107,095156,22884,2
BUX1112,0,20110107,095156,22886,8
BUX1112,0,20110107,095159,22870,1
MTELEKOM,0,20110107,095202,552,48
MTELEKOM,0,20110107,095202,552,400
MTELEKOM,0,20110107,095202,552,552
RFV,0,20110107,095206,8195,10
MTELEKOM,0,20110107,095214,553,1000
OTP,0,20110107,095227,5310,289
OTP,0,20110107,095232,5310,70
OTP,0,20110107,095232,5310,3
BUX1112,0,20110107,095233,22886,6
BUX1112,0,20110107,095233,22888,10
BUX1112,0,20110107,095233,22888,1
OTP,0,20110107,095237,5313,300
MTELEKOM,0,20110107,095240,553,2000
RFV,0,20110107,095247,8180,45
RFV,0,20110107,095249,8180,22
BUX1112,0,20110107,095311,22887,1
BUX1112,0,20110107,095311,22888,5
OTP,0,20110107,095311,5313,16
MOL,0,20110107,095314,21395,28
MOL,0,20110107,095314,21400,55
MOL,0,20110107,095314,21400,100
MOL,0,20110107,095314,21400,10
MOL,0,20110107,095314,21400,300
RICHTER,0,20110107,095316,43700,2
BUX1112,0,20110107,095318,22888,4
BUX1112,0,20110107,095318,22890,5
BUX1112,0,20110107,095318,22890,10
BUX1112,0,20110107,095318,22898.5,1
BUX1112,0,20110107,095318,22899,1
MOL,0,20110107,095325,21405,25
RICHTER,0,20110107,095325,43700,6
RICHTER,0,20110107,095325,43700,9
BUX1112,0,20110107,095328,22890,4
BUX1112,0,20110107,095328,22886,3
BUX1112,0,20110107,095328,22877,25
BUX1112,0,20110107,095328,22875,25
BUX1112,0,20110107,095328,22870.5,1
BUX1112,0,20110107,095328,22870,25
BUX1112,0,20110107,095328,22865,5
BUX1112,0,20110107,095328,22862,8
BUX1112,0,20110107,095328,22860,4
RFV,0,20110107,095330,8180,3
MOL,0,20110107,095330,21410,35
MOL,0,20110107,095330,21405,225
MOL,0,20110107,095330,21405,25
OTP,0,20110107,095330,5310,138
OTP,0,20110107,095333,5310,62
BUX1112,0,20110107,095335,22899,1
BUX1112,0,20110107,095335,22899,1
OTP,0,20110107,095338,5310,60
OTP,0,20110107,095342,5310,940
OTP,0,20110107,095342,5307,38
OTP,0,20110107,095342,5307,100
OTP,0,20110107,095342,5304,100
OTP,0,20110107,095342,5304,100
OTP,0,20110107,095342,5304,3
OTP,0,20110107,095342,5303,40
OTP,0,20110107,095342,5303,679
MOL,0,20110107,095348,21410,30
MOL,0,20110107,095348,21405,29
MOL,0,20110107,095348,21400,41
RFV,0,20110107,095355,8180,15
OTP,0,20110107,095402,5305,400
MTELEKOM,0,20110107,095405,552,448
MTELEKOM,0,20110107,095405,552,1302
KEG,0,20110107,095412,139,100
RFV,0,20110107,095413,8195,34
OTP,0,20110107,095421,5310,1200
OTP,0,20110107,095421,5310,800
OTP,0,20110107,095421,5310,1200
OTP,0,20110107,095421,5310,800
OTP,0,20110107,095423,5310,1200
OTP,0,20110107,095428,5310,800
OTP,0,20110107,095428,5310,1200
RICHTER,0,20110107,095429,43620,3
RICHTER,0,20110107,095429,43605,2
RICHTER,0,20110107,095429,43605,10
RICHTER,0,20110107,095429,43605,3
MOL,0,20110107,095430,21425,4
RFV,0,20110107,095433,8180,3
KEG,0,20110107,095437,139,150
OTP,0,20110107,095443,5310,200
OTP,0,20110107,095451,5310,1000
OTP,0,20110107,095451,5313,154
OTP,0,20110107,095451,5313,15
OTP,0,20110107,095451,5313,420
OTP,0,20110107,095451,5313,30
OTP,0,20110107,095451,5314,250
OTP,0,20110107,095451,5315,131
BUX1112,0,20110107,095456,22875.5,3
RICHTER,0,20110107,095458,43700,2
KEG,0,20110107,095508,139,650
OTP,0,20110107,095508,5315,29
OTP,0,20110107,095508,5315,300
OTP,0,20110107,095508,5315,1671
OTP,0,20110107,095514,5314,1200
OTP,0,20110107,095521,5314,500
OTP,0,20110107,095530,5314,38
RFV,0,20110107,095544,8195,16
RFV,0,20110107,095544,8200,4
OTP,0,20110107,095547,5311,1300
BUX1112,0,20110107,095550,22895,5
MTELEKOM,0,20110107,095559,553,200
MTELEKOM,0,20110107,095603,553,2659
MTELEKOM,0,20110107,095603,553,424
MTELEKOM,0,20110107,095603,553,676
MTELEKOM,0,20110107,095603,553,3000
MTELEKOM,0,20110107,095603,553,2781
MTELEKOM,0,20110107,095603,553,460
MTELEKOM,0,20110107,095606,552,2384
MTELEKOM,0,20110107,095614,553,1493
OTP,0,20110107,095632,5310,800
OTP,0,20110107,095637,5310,200
MTELEKOM,0,20110107,095639,553,1000
BUX1112,0,20110107,095644,22880,15
BUX1112,0,20110107,095644,22882,15
BUX1112,0,20110107,095644,22885,15
BUX1112,0,20110107,095644,22888,15
OTP,0,20110107,095645,5305,94
OTP,0,20110107,095645,5305,106
MTELEKOM,0,20110107,095649,553,2047
MTELEKOM,0,20110107,095649,553,3000
MTELEKOM,0,20110107,095649,553,1885
MTELEKOM,0,20110107,095649,553,300
MTELEKOM,0,20110107,095654,552,6314
MTELEKOM,0,20110107,095654,552,1000
MTELEKOM,0,20110107,095654,552,1000
MTELEKOM,0,20110107,095654,552,154
MTELEKOM,0,20110107,095654,552,2000
MTELEKOM,0,20110107,095654,552,1000
FOTEX,0,20110107,095655,388,200
OTP,0,20110107,095701,5305,894
OTP,0,20110107,095701,5305,50
OTP,0,20110107,095703,5303,100
OTP,0,20110107,095707,5303,221
OTP,0,20110107,095707,5303,259
RFV,0,20110107,095721,8200,7
MOL,0,20110107,095723,21405,22
MOL,0,20110107,095723,21405,36
MOL,0,20110107,095723,21400,42
PANNERGY,0,20110107,095724,910,60
RFV,0,20110107,095727,8200,92
MTELEKOM,0,20110107,095729,553,905
MTELEKOM,0,20110107,095732,552,500
MTELEKOM,0,20110107,095732,552,1500
BUX1112,0,20110107,095741,22875.5,2
BUX1112,0,20110107,095741,22870,4
OTP,0,20110107,095745,5303,141
OTP,0,20110107,095745,5303,169
BUX1112,0,20110107,095748,22866.5,1
MTELEKOM,0,20110107,095753,552,60
MTELEKOM,0,20110107,095753,552,740
OTP,0,20110107,095755,5303,875
OTP,0,20110107,095755,5302,1125
OTP,0,20110107,095757,5302,514
OTP,0,20110107,095800,5302,361
OTP,0,20110107,095800,5300,50
OTP,0,20110107,095800,5300,10
OTP,0,20110107,095800,5300,40
OTP,0,20110107,095800,5300,15
OTP,0,20110107,095800,5300,73
OTP,0,20110107,095800,5300,342
OTP,0,20110107,095800,5300,109
OTP,0,20110107,095800,5300,5
MTELEKOM,0,20110107,095802,552,260
BUX1112,0,20110107,095806,22862,2
BUX1112,0,20110107,095806,22860,2
OTP,0,20110107,095806,5300,1886
OTP,0,20110107,095806,5300,3114
MTELEKOM,0,20110107,095809,552,1000
OTP,0,20110107,095809,5300,1886
OTP,0,20110107,095809,5300,1
OTP,0,20110107,095809,5300,300
OTP,0,20110107,095816,5309,17
RICHTER,0,20110107,095816,43700,3
RFV,0,20110107,095819,8200,11
OTP,0,20110107,095823,5300,500
OTP,0,20110107,095824,5300,400
MOL,0,20110107,095825,21400,8
MOL,0,20110107,095825,21400,70
MOL,0,20110107,095825,21400,33
MOL,0,20110107,095826,21400,89
MTELEKOM,0,20110107,095828,552,700
MTELEKOM,0,20110107,095833,552,5000
MTELEKOM,0,20110107,095834,552,5000
MOL,0,20110107,095835,21400,4
MTELEKOM,0,20110107,095835,553,800
OTP,0,20110107,095838,5300,262
MTELEKOM,0,20110107,095838,552,513
MOL,0,20110107,095838,21400,94
MTELEKOM,0,20110107,095842,552,187
MTELEKOM,0,20110107,095844,552,85
MTELEKOM,0,20110107,095844,552,415
MTELEKOM,0,20110107,095847,551,268
MTELEKOM,0,20110107,095847,551,22
MTELEKOM,0,20110107,095847,551,710
MTELEKOM,0,20110107,095847,551,100
MTELEKOM,0,20110107,095847,551,190
OTP,0,20110107,095848,5300,10
MTELEKOM,0,20110107,095850,551,410
MTELEKOM,0,20110107,095850,551,36
MTELEKOM,0,20110107,095850,551,502
MTELEKOM,0,20110107,095851,551,1338
OTP,0,20110107,095851,5300,828
MTELEKOM,0,20110107,095853,551,785
MTELEKOM,0,20110107,095853,551,339
MTELEKOM,0,20110107,095853,551,2000
MTELEKOM,0,20110107,095853,551,3000
MTELEKOM,0,20110107,095853,551,16
OTP,0,20110107,095854,5300,1187
MTELEKOM,0,20110107,095857,551,94
MTELEKOM,0,20110107,095857,551,200
MTELEKOM,0,20110107,095857,551,1000
MTELEKOM,0,20110107,095857,551,204
MTELEKOM,0,20110107,095858,552,500
BUX1112,0,20110107,095901,22860,3
OTP,0,20110107,095901,5300,1000
MTELEKOM,0,20110107,095903,551,1000
OTP,0,20110107,095907,5300,200
BUX1112,0,20110107,095908,22856,1
BUX1112,0,20110107,095908,22856,2
OTP,0,20110107,095911,5300,785
OTP,0,20110107,095911,5300,16
RABA,0,20110107,095916,825,204
RABA,0,20110107,095916,824,100
RABA,0,20110107,095916,822,325
RABA,0,20110107,095916,822,65
RABA,0,20110107,095916,821,50
RABA,0,20110107,095916,820,100
RABA,0,20110107,095916,819,100
RABA,0,20110107,095916,817,100
RABA,0,20110107,095916,816,300
RABA,0,20110107,095916,816,100
RABA,0,20110107,095916,815,356
RABA,0,20110107,095916,815,44
RABA,0,20110107,095916,814,120
OTP,0,20110107,095922,5300,199
RABA,0,20110107,095923,814,236
OTP,0,20110107,095931,5300,1
OTP,0,20110107,095931,5300,19
BUX1112,0,20110107,095932,22840,1
BUX1112,0,20110107,095932,22840,1
BUX1112,0,20110107,095932,22840,1
BUX1112,0,20110107,095932,22840,1
OTP,0,20110107,095942,5299,100
MOL,0,20110107,095944,21400,15
OTP,0,20110107,095956,5296,100
BUX1112,0,20110107,100006,22866,1
OTP,0,20110107,100008,5296,86
RICHTER,0,20110107,100011,43605,37
OTP,0,20110107,100012,5300,180
OTP,0,20110107,100012,5300,20
ANY,0,20110107,100013,746,300
OTP,0,20110107,100027,5296,5
MTELEKOM,0,20110107,100037,551,295
ANY,0,20110107,100040,746,100
ANY,0,20110107,100040,745,1
ANY,0,20110107,100045,745,199
RFV,0,20110107,100045,8201,5
MTELEKOM,0,20110107,100047,552,1000
OTP,0,20110107,100114,5296,140
RFV,0,20110107,100120,8255,5
RABA,0,20110107,100141,827,100
OTP,0,20110107,100147,5296,100
MOL,0,20110107,100200,21400,20
RFV,0,20110107,100203,8200,10
MTELEKOM,0,20110107,100205,552,835
MTELEKOM,0,20110107,100205,552,165
MTELEKOM,0,20110107,100208,551,1000
BUX1112,0,20110107,100225,22860,1
MTELEKOM,0,20110107,100233,552,200
MOL,0,20110107,100249,21410,20
MOL,0,20110107,100249,21415,10
MOL,0,20110107,100249,21425,10
OTP,0,20110107,100316,5298,16
RICHTER,0,20110107,100316,43670,3
MTELEKOM,0,20110107,100322,552,200
OTP,0,20110107,100332,5298,400
BUX1112,0,20110107,100334,22886,1
BUX1112,0,20110107,100334,22899,1
MTELEKOM,0,20110107,100347,551,501
MTELEKOM,0,20110107,100347,551,200
MTELEKOM,0,20110107,100347,551,3000
MTELEKOM,0,20110107,100347,551,650
MTELEKOM,0,20110107,100347,551,3649
PFLAX,0,20110107,100352,580,100
PFLAX,0,20110107,100352,581,110
PFLAX,0,20110107,100352,584,90
PFLAX,0,20110107,100352,585,228
PFLAX,0,20110107,100352,594,95
PFLAX,0,20110107,100352,595,417
PFLAX,0,20110107,100352,596,130
PFLAX,0,20110107,100352,597,150
PFLAX,0,20110107,100352,598,139
PFLAX,0,20110107,100352,599,160
OTP,0,20110107,100423,5298,64
OTP,0,20110107,100423,5298,186
OTP,0,20110107,100457,5300,20
OTP,0,20110107,100457,5300,20
MTELEKOM,0,20110107,100503,552,1600
MTELEKOM,0,20110107,100508,552,500
MOL,0,20110107,100516,21395,28
MOL,0,20110107,100516,21395,100
MOL,0,20110107,100516,21395,35
MOL,0,20110107,100516,21375,87
MTELEKOM,0,20110107,100531,552,200
MTELEKOM,0,20110107,100535,552,750
RFV,0,20110107,100541,8205,15
RFV,0,20110107,100541,8200,85
MTELEKOM,0,20110107,100604,552,385
MTELEKOM,0,20110107,100604,552,615
MTELEKOM,0,20110107,100604,552,500
OTP,0,20110107,100622,5298,50
OTP,0,20110107,100622,5298,158
OTP,0,20110107,100657,5298,50
OTP,0,20110107,100659,5297,12
GENESIS,0,20110107,100717,241,1450
GENESIS,0,20110107,100717,241,50
OTP,0,20110107,100732,5299,24
ORC,0,20110107,100733,2040,6
OTP,0,20110107,100734,5299,1976
RICHTER,0,20110107,100752,43605,10
RICHTER,0,20110107,100752,43600,48
RICHTER,0,20110107,100756,43600,24
RICHTER,0,20110107,100801,43600,6
MTELEKOM,0,20110107,100812,551,1351
MTELEKOM,0,20110107,100812,551,946
MTELEKOM,0,20110107,100812,551,290
MTELEKOM,0,20110107,100812,551,2000
MTELEKOM,0,20110107,100812,551,2000
MTELEKOM,0,20110107,100812,551,800
MTELEKOM,0,20110107,100812,551,15000
MTELEKOM,0,20110107,100812,551,200
MTELEKOM,0,20110107,100812,551,500
MTELEKOM,0,20110107,100812,551,1536
MTELEKOM,0,20110107,100812,551,15
MTELEKOM,0,20110107,100812,550,1000
MTELEKOM,0,20110107,100812,550,362
MTELEKOM,0,20110107,100812,550,380
MTELEKOM,0,20110107,100812,550,70
RICHTER,0,20110107,100816,43660,2
OTP,0,20110107,100817,5300,24
MTELEKOM,0,20110107,100819,550,188
MTELEKOM,0,20110107,100819,550,2000
MTELEKOM,0,20110107,100819,550,1000
MTELEKOM,0,20110107,100819,550,250
MTELEKOM,0,20110107,100819,550,700
MTELEKOM,0,20110107,100819,550,190
MTELEKOM,0,20110107,100819,550,7896
MTELEKOM,0,20110107,100819,550,200
MTELEKOM,0,20110107,100819,550,200
MTELEKOM,0,20110107,100819,550,1145
MTELEKOM,0,20110107,100819,550,1500
MTELEKOM,0,20110107,100819,550,120
MTELEKOM,0,20110107,100819,550,300
MTELEKOM,0,20110107,100819,550,3000
MTELEKOM,0,20110107,100819,550,100
MTELEKOM,0,20110107,100819,550,10000
MTELEKOM,0,20110107,100819,550,500
MTELEKOM,0,20110107,100819,550,1000
MTELEKOM,0,20110107,100819,550,600
MTELEKOM,0,20110107,100819,550,1000
MTELEKOM,0,20110107,100819,550,300
MTELEKOM,0,20110107,100819,550,21700
MTELEKOM,0,20110107,100819,550,4000
MTELEKOM,0,20110107,100819,550,200
MTELEKOM,0,20110107,100819,550,500
MTELEKOM,0,20110107,100819,550,100
MTELEKOM,0,20110107,100819,550,3000
MTELEKOM,0,20110107,100819,550,1280
MTELEKOM,0,20110107,100819,550,910
MTELEKOM,0,20110107,100819,550,3800
MTELEKOM,0,20110107,100819,550,10000
MTELEKOM,0,20110107,100819,550,53
MTELEKOM,0,20110107,100819,550,4825
MTELEKOM,0,20110107,100819,550,340
MTELEKOM,0,20110107,100819,550,285
OTP,0,20110107,100821,5300,16
OTP,0,20110107,100831,5300,3
OTP,0,20110107,100840,5299,24
OTP,0,20110107,100842,5299,100
MTELEKOM,0,20110107,100850,550,25000
MTELEKOM,0,20110107,100850,550,20000
OTP,0,20110107,100850,5297,96
OTP,0,20110107,100850,5296,69
OTP,0,20110107,100850,5296,35
MTELEKOM,0,20110107,100853,550,30000
OTP,0,20110107,100855,5296,65
OTP,0,20110107,100855,5296,13
OTP,0,20110107,100855,5295,100
OTP,0,20110107,100855,5295,322
MTELEKOM,0,20110107,100857,550,45000
OTP,0,20110107,100904,5295,178
OTP,0,20110107,100904,5295,20
OTP,0,20110107,100904,5295,190
BUX1112,0,20110107,100906,22870,4
BUX1112,0,20110107,100906,22870,1
MTELEKOM,0,20110107,100918,550,5000
MTELEKOM,0,20110107,100918,550,5000
MTELEKOM,0,20110107,100918,550,2110
MTELEKOM,0,20110107,100926,550,400
MTELEKOM,0,20110107,100926,551,370
MTELEKOM,0,20110107,100934,551,50
MTELEKOM,0,20110107,100959,551,1000
MTELEKOM,0,20110107,101010,550,490
MTELEKOM,0,20110107,101010,550,2000
MTELEKOM,0,20110107,101010,550,40000
MTELEKOM,0,20110107,101010,550,1000
MTELEKOM,0,20110107,101010,550,2500
MTELEKOM,0,20110107,101010,550,1900
OTP,0,20110107,101035,5295,5
OTP,0,20110107,101104,5295,45
OTP,0,20110107,101104,5295,221
OTP,0,20110107,101104,5295,80
BUX1112,0,20110107,101110,22861,3
OTP,0,20110107,101123,5295,154
OTP,0,20110107,101123,5295,100
RFV,0,20110107,101127,8225,20
MTELEKOM,0,20110107,101137,550,2920
MTELEKOM,0,20110107,101143,550,50
OTP,0,20110107,101148,5295,100
RFV,0,20110107,101300,8200,2
RFV,0,20110107,101300,8200,38
ZWACK,0,20110107,101300,12330,20
MTELEKOM,0,20110107,101301,550,500
MTELEKOM,0,20110107,101301,549,182
MTELEKOM,0,20110107,101301,549,818
MTELEKOM,0,20110107,101301,549,240
MTELEKOM,0,20110107,101301,549,600
RICHTER,0,20110107,101316,43660,3
OTP,0,20110107,101321,5295,17
OTP,0,20110107,101331,5295,1883
OTP,0,20110107,101331,5295,117
RFV,0,20110107,101346,8200,2
OTP,0,20110107,101357,5297,198
OTP,0,20110107,101357,5298,1300
OTP,0,20110107,101357,5299,1876
OTP,0,20110107,101357,5300,437
OTP,0,20110107,101357,5300,9
OTP,0,20110107,101357,5300,3000
OTP,0,20110107,101357,5300,40
OTP,0,20110107,101357,5300,640
HUMET,0,20110107,101357,10,113
OTP,0,20110107,101400,5300,89
OTP,0,20110107,101400,5300,100
OTP,0,20110107,101400,5300,224
ANY,0,20110107,101401,756,60
OTP,0,20110107,101421,5304,10
OTP,0,20110107,101426,5302,4
HUMET,0,20110107,101434,9,113
MOL,0,20110107,101436,21395,61
MOL,0,20110107,101436,21395,1
MTELEKOM,0,20110107,101459,550,200
ZWACK,0,20110107,101502,12325,10
GENESIS,0,20110107,101508,241,350
GENESIS,0,20110107,101508,240,100
BUX1112,0,20110107,101511,22863,5
RFV,0,20110107,101512,8195,10
MOL,0,20110107,101514,21395,19
MOL,0,20110107,101514,21395,85
MTELEKOM,0,20110107,101517,549,1000
BUX1112,0,20110107,101525,22870,15
RFV,0,20110107,101537,8200,13
MTELEKOM,0,20110107,101538,550,1000
BUX1112,0,20110107,101551,22866,3
OTP,0,20110107,101555,5298,221
OTP,0,20110107,101555,5300,279
MTELEKOM,0,20110107,101556,549,342
MTELEKOM,0,20110107,101556,549,1000
MTELEKOM,0,20110107,101556,549,300
MTELEKOM,0,20110107,101556,549,500
MTELEKOM,0,20110107,101556,549,1500
MTELEKOM,0,20110107,101556,549,300
MTELEKOM,0,20110107,101556,549,100
MTELEKOM,0,20110107,101556,549,20000
MTELEKOM,0,20110107,101556,549,1000
MTELEKOM,0,20110107,101556,549,900
MTELEKOM,0,20110107,101556,549,1653
MOL,0,20110107,101602,21400,40
RFV,0,20110107,101625,8190,10
GENESIS,0,20110107,101625,244,100
MTELEKOM,0,20110107,101629,549,4405
ZWACK,0,20110107,101643,12315,5
MOL,0,20110107,101643,21400,115
OTP,0,20110107,101652,5300,100
GENESIS,0,20110107,101708,240,1000
RFV,0,20110107,101722,8200,25
OTP,0,20110107,101722,5296,87
OTP,0,20110107,101722,5296,35
FOTEX,0,20110107,101732,386,115
MTELEKOM,0,20110107,101733,549,420
GENESIS,0,20110107,101741,243,100
MTELEKOM,0,20110107,101750,550,10000
OTP,0,20110107,101753,5300,100
SYNERGON,0,20110107,101759,487,100
MTELEKOM,0,20110107,101806,549,275
MTELEKOM,0,20110107,101811,549,200
OTP,0,20110107,101812,5300,100
MTELEKOM,0,20110107,101816,549,100
TVK,0,20110107,101816,3480,10
TVK,0,20110107,101816,3480,25
RICHTER,0,20110107,101816,43660,2
OTP,0,20110107,101821,5300,16
MTELEKOM,0,20110107,101826,549,425
MTELEKOM,0,20110107,101826,549,75
OTP,0,20110107,101832,5300,859
OTP,0,20110107,101832,5300,1000
MTELEKOM,0,20110107,101836,549,200
MTELEKOM,0,20110107,101838,550,200
MOL,0,20110107,101900,21400,45
OTP,0,20110107,101913,5304,20
MOL,0,20110107,101917,21425,30
MOL,0,20110107,101922,21425,15
GENESIS,0,20110107,101931,240,1500
MTELEKOM,0,20110107,101935,549,135
HUMET,0,20110107,101943,9,5788
HUMET,0,20110107,101943,9,20000
ZWACK,0,20110107,101952,12400,4
MOL,0,20110107,101959,21430,50
OTP,0,20110107,101959,5301,82
OTP,0,20110107,101959,5300,141
OTP,0,20110107,101959,5300,67
FHB,0,20110107,102005,972,25
RFV,0,20110107,102007,8180,15
OTP,0,20110107,102016,5304,370
OTP,0,20110107,102016,5309,630
MTELEKOM,0,20110107,102027,550,4000
RFV,0,20110107,102033,8200,15
GENESIS,0,20110107,102040,240,949
RFV,0,20110107,102043,8200,45
RFV,0,20110107,102043,8200,240
RFV,0,20110107,102043,8200,50
BUX1112,0,20110107,102044,22890,1
BUX1112,0,20110107,102044,22895,20
BUX1112,0,20110107,102044,22896,5
BUX1112,0,20110107,102044,22897,2
BUX1112,0,20110107,102044,22898,2
HUMET,0,20110107,102047,9,15707
BUX1112,0,20110107,102054,22898,3
BUX1112,0,20110107,102054,22899,10
BUX1112,0,20110107,102054,22900,2
BUX1112,0,20110107,102054,22900,2
OTP,0,20110107,102112,5309,100
GSPARK,0,20110107,102117,790,37
OTP,0,20110107,102118,5309,25
MTELEKOM,0,20110107,102138,550,400
MTELEKOM,0,20110107,102142,550,200
MTELEKOM,0,20110107,102146,550,530
MTELEKOM,0,20110107,102146,550,10
MTELEKOM,0,20110107,102146,550,600
MTELEKOM,0,20110107,102146,550,19396
MTELEKOM,0,20110107,102146,550,1000
MTELEKOM,0,20110107,102146,550,2000
MTELEKOM,0,20110107,102146,550,28
EGIS,0,20110107,102151,20800,30
MTELEKOM,0,20110107,102155,550,1436
BUX1112,0,20110107,102209,22910,1
MTELEKOM,0,20110107,102209,550,2500
MTELEKOM,0,20110107,102212,550,200
MTELEKOM,0,20110107,102214,550,5864
MTELEKOM,0,20110107,102214,550,19136
RFV,0,20110107,102215,8200,165
EGIS,0,20110107,102216,20800,70
RFV,0,20110107,102223,8200,300
MTELEKOM,0,20110107,102226,550,500
MTELEKOM,0,20110107,102229,550,6150
MTELEKOM,0,20110107,102230,550,800
RFV,0,20110107,102234,8200,159
MTELEKOM,0,20110107,102242,550,3414
MTELEKOM,0,20110107,102245,550,1286
MTELEKOM,0,20110107,102245,550,1000
MTELEKOM,0,20110107,102245,550,500
MTELEKOM,0,20110107,102248,550,150
MTELEKOM,0,20110107,102250,550,800
OTP,0,20110107,102251,5309,38
OTP,0,20110107,102251,5310,259
OTP,0,20110107,102251,5303,10
MTELEKOM,0,20110107,102258,550,10192
MTELEKOM,0,20110107,102258,550,2000
MTELEKOM,0,20110107,102302,550,2000
MTELEKOM,0,20110107,102304,550,808
MTELEKOM,0,20110107,102305,550,1192
OTP,0,20110107,102310,5303,203
MTELEKOM,0,20110107,102312,550,308
MTELEKOM,0,20110107,102312,550,1000
RICHTER,0,20110107,102316,43650,3
MTELEKOM,0,20110107,102319,550,4692
OTP,0,20110107,102321,5310,16
OTP,0,20110107,102330,5310,30
RFV,0,20110107,102331,8200,16
MTELEKOM,0,20110107,102333,550,176
EGIS,0,20110107,102334,20800,20
BUX1112,0,20110107,102334,22914,2
EGIS,0,20110107,102341,20800,80
MTELEKOM,0,20110107,102354,550,15132
MTELEKOM,0,20110107,102354,550,2000
BUX1112,0,20110107,102358,22914,4
BUX1112,0,20110107,102402,22920,5
BUX1112,0,20110107,102402,22920,5
BUX1112,0,20110107,102402,22920,5
MTELEKOM,0,20110107,102412,550,550
RFV,0,20110107,102424,8200,25
RFV,0,20110107,102424,8200,15
RFV,0,20110107,102424,8200,200
BUX1112,0,20110107,102424,22920,1
MTELEKOM,0,20110107,102427,550,1150
OTP,0,20110107,102428,5310,995
OTP,0,20110107,102428,5310,5
MTELEKOM,0,20110107,102430,550,200
BUX1112,0,20110107,102435,22930,1
RICHTER,0,20110107,102438,43605,10
RICHTER,0,20110107,102438,43600,21
OTP,0,20110107,102438,5310,95
OTP,0,20110107,102438,5310,242
OTP,0,20110107,102438,5310,76
RFV,0,20110107,102439,8200,60
MTELEKOM,0,20110107,102439,550,500
BUX1112,0,20110107,102440,22930,1
MTELEKOM,0,20110107,102445,550,468
RFV,0,20110107,102506,8200,140
OTP,0,20110107,102513,5314,20
RFV,0,20110107,102518,8200,20
RFV,0,20110107,102521,8200,340
PHYLAXIA,0,20110107,102525,45,370
PHYLAXIA,0,20110107,102525,45,10
PHYLAXIA,0,20110107,102525,45,2810
PHYLAXIA,0,20110107,102525,45,2000
PHYLAXIA,0,20110107,102525,45,1
PHYLAXIA,0,20110107,102525,44,459
OTP,0,20110107,102525,5310,87
RFV,0,20110107,102531,8200,160
RFV,0,20110107,102533,8200,150
RFV,0,20110107,102535,8200,190
MTELEKOM,0,20110107,102544,550,2032
MTELEKOM,0,20110107,102544,550,1604
MTELEKOM,0,20110107,102544,550,500
MTELEKOM,0,20110107,102544,550,840
MTELEKOM,0,20110107,102548,550,24
RFV,0,20110107,102553,8200,10
BUX1112,0,20110107,102556,22920,1
BUX1112,0,20110107,102600,22920,9
MTELEKOM,0,20110107,102604,550,6976
MTELEKOM,0,20110107,102605,550,3024
BUX1112,0,20110107,102609,22920,1
BUX1112,0,20110107,102609,22920,2
RFV,0,20110107,102619,8200,300
BUX1112,0,20110107,102619,22929,2
MTELEKOM,0,20110107,102631,551,100
MTELEKOM,0,20110107,102632,550,1976
OTP,0,20110107,102634,5309,100
OTP,0,20110107,102643,5309,200
RFV,0,20110107,102650,8200,40
RFV,0,20110107,102650,8200,110
BUX1112,0,20110107,102659,22920,1
MOL,0,20110107,102702,21435,10
BUX1112,0,20110107,102702,22920,2
MOL,0,20110107,102709,21440,17
MTELEKOM,0,20110107,102714,550,2000
BUX1112,0,20110107,102717,22920,4
BUX1112,0,20110107,102717,22914,4
OTP,0,20110107,102718,5305,50
OTP,0,20110107,102718,5305,10
OTP,0,20110107,102718,5305,100
OTP,0,20110107,102718,5305,90
RFV,0,20110107,102720,8200,300
MTELEKOM,0,20110107,102722,550,600
PHYLAXIA,0,20110107,102725,46,100
FHB,0,20110107,102726,976,100
MTELEKOM,0,20110107,102726,550,424
MTELEKOM,0,20110107,102726,550,4576
RICHTER,0,20110107,102733,43560,1
MTELEKOM,0,20110107,102733,550,424
MTELEKOM,0,20110107,102733,550,376
MTELEKOM,0,20110107,102735,550,500
BUX1112,0,20110107,102743,22925,1
BUX1112,0,20110107,102743,22925,2
MOL,0,20110107,102754,21440,35
RFV,0,20110107,102755,8200,55
MOL,0,20110107,102800,21440,33
MOL,0,20110107,102800,21435,5
GENESIS,0,20110107,102805,240,1500
MOL,0,20110107,102807,21430,5
RICHTER,0,20110107,102816,43600,2
OTP,0,20110107,102821,5309,16
MTELEKOM,0,20110107,102824,550,400
RICHTER,0,20110107,102824,43560,1
MTELEKOM,0,20110107,102824,550,120
MOL,0,20110107,102825,21430,5
MTELEKOM,0,20110107,102827,550,200
BUX1112,0,20110107,102835,22920,2
BUX1112,0,20110107,102837,22925,15
BUX1112,0,20110107,102837,22925,1
BUX1112,0,20110107,102837,22925,2
MTELEKOM,0,20110107,102839,549,200
BUX1112,0,20110107,102840,22925,2
OTP,0,20110107,102842,5305,10
MTELEKOM,0,20110107,102843,550,3100
MTELEKOM,0,20110107,102855,550,304
MTELEKOM,0,20110107,102855,550,696
MTELEKOM,0,20110107,102903,550,1000
MTELEKOM,0,20110107,102904,550,304
MOL,0,20110107,102905,21430,14
MOL,0,20110107,102905,21430,20
MOL,0,20110107,102905,21430,6
BUX1112,0,20110107,102911,22920,1
RFV,0,20110107,102912,8200,35
RFV,0,20110107,102912,8200,115
OTP,0,20110107,102915,5303,787
BUX1112,0,20110107,102915,22920,5
BUX1112,0,20110107,102918,22920,9
BUX1112,0,20110107,102922,22920,8
MTELEKOM,0,20110107,102938,550,6696
MTELEKOM,0,20110107,102938,550,3304
OTP,0,20110107,102940,5301,50
OTP,0,20110107,102940,5301,1563
DANUBIUS,0,20110107,102949,4495,187
DANUBIUS,0,20110107,102949,4500,16
DANUBIUS,0,20110107,102949,4500,30
OTP,0,20110107,102949,5301,437
OTP,0,20110107,102949,5301,2000
OTP,0,20110107,102956,5300,933
OTP,0,20110107,102956,5300,1000
OTP,0,20110107,102956,5300,200
OTP,0,20110107,102956,5299,37
OTP,0,20110107,102956,5297,25
OTP,0,20110107,102956,5296,125
OTP,0,20110107,102956,5294,50
OTP,0,20110107,102956,5294,110
OTP,0,20110107,102956,5293,2
OTP,0,20110107,102956,5293,1000
OTP,0,20110107,102956,5292,300
OTP,0,20110107,102956,5292,82
OTP,0,20110107,102956,5292,82
OTP,0,20110107,102956,5291,200
OTP,0,20110107,102956,5291,1000
OTP,0,20110107,102956,5291,100
OTP,0,20110107,102956,5290,100
OTP,0,20110107,102956,5290,60
OTP,0,20110107,102956,5290,870
OTP,0,20110107,102956,5290,50
OTP,0,20110107,102956,5290,400
OTP,0,20110107,102956,5290,6000
OTP,0,20110107,102956,5290,600
OTP,0,20110107,102956,5290,1674
OTP,0,20110107,102956,5290,50
BUX1112,0,20110107,103000,22904,1
MTELEKOM,0,20110107,103011,550,6696
MTELEKOM,0,20110107,103011,550,25
MTELEKOM,0,20110107,103011,550,550
MTELEKOM,0,20110107,103011,550,800
MTELEKOM,0,20110107,103011,550,600
MTELEKOM,0,20110107,103011,550,1329
OTP,0,20110107,103015,5291,100
DANUBIUS,0,20110107,103018,4500,150
BUX1112,0,20110107,103019,22903,10
BUX1112,0,20110107,103019,22902,1
BUX1112,0,20110107,103019,22901,30
BUX1112,0,20110107,103019,22900,4
RFV,0,20110107,103020,8200,9
MTELEKOM,0,20110107,103027,550,371
OTP,0,20110107,103030,5292,138
MTELEKOM,0,20110107,103058,550,1000
RICHTER,0,20110107,103103,43560,5
EGIS,0,20110107,103113,20800,70
RFV,0,20110107,103116,8200,20
OTP,0,20110107,103117,5300,50
OTP,0,20110107,103141,5292,62
OTP,0,20110107,103141,5292,100
OTP,0,20110107,103141,5291,838
OTP,0,20110107,103146,5291,649
KEG,0,20110107,103148,139,350
KEG,0,20110107,103148,139,450
OTP,0,20110107,103148,5291,413
OTP,0,20110107,103148,5291,50
OTP,0,20110107,103148,5291,300
MTELEKOM,0,20110107,103151,550,580
OTP,0,20110107,103151,5290,15
OTP,0,20110107,103151,5290,15
OTP,0,20110107,103151,5290,224
MTELEKOM,0,20110107,103154,550,4000
OTP,0,20110107,103157,5289,10
OTP,0,20110107,103157,5289,40
OTP,0,20110107,103157,5289,450
OTP,0,20110107,103157,5289,150
MTELEKOM,0,20110107,103212,550,500
RFV,0,20110107,103223,8200,10
OTP,0,20110107,103240,5295,50
MTELEKOM,0,20110107,103248,550,200
OTP,0,20110107,103248,5298,30
MTELEKOM,0,20110107,103258,550,300
KEG,0,20110107,103259,139,162
ZWACK,0,20110107,103259,12400,60
RICHTER,0,20110107,103316,43600,3
OTP,0,20110107,103321,5298,17
GENESIS,0,20110107,103324,241,65
GENESIS,0,20110107,103337,241,235
OTP,0,20110107,103338,5290,3
MTELEKOM,0,20110107,103341,550,500
OTP,0,20110107,103358,5290,297
OTP,0,20110107,103358,5289,3
RFV,0,20110107,103404,8200,346
RFV,0,20110107,103404,8200,54
BUX1112,0,20110107,103409,22875,1
EGIS,0,20110107,103409,20800,10
MTELEKOM,0,20110107,103434,550,1550
RFV,0,20110107,103459,8200,26
BUX1112,0,20110107,103459,22880,10
MTELEKOM,0,20110107,103501,550,268
ZWACK,0,20110107,103501,12400,3
MTELEKOM,0,20110107,103509,550,500
MTELEKOM,0,20110107,103524,550,231
MTELEKOM,0,20110107,103524,550,1652
GENESIS,0,20110107,103537,241,65
RICHTER,0,20110107,103546,43600,10
BUX1112,0,20110107,103552,22890,3
RFV,0,20110107,103618,8200,74
RFV,0,20110107,103624,8200,426
MOL,0,20110107,103625,21435,25
MOL,0,20110107,103625,21420,200
OTP,0,20110107,103626,5296,50
RFV,0,20110107,103634,8200,74
MTELEKOM,0,20110107,103635,550,348
MTELEKOM,0,20110107,103635,550,652
MTELEKOM,0,20110107,103650,550,200
ZWACK,0,20110107,103654,12400,10
RFV,0,20110107,103707,8200,26
MTELEKOM,0,20110107,103707,550,1000
RFV,0,20110107,103712,8200,74
BUX1112,0,20110107,103733,22900,1
BUX1112,0,20110107,103733,22900,2
RFV,0,20110107,103751,8200,110
BUX1112,0,20110107,103816,22917.5,1
BUX1112,0,20110107,103816,22918,3
RICHTER,0,20110107,103816,43600,2
GENESIS,0,20110107,103820,241,135
OTP,0,20110107,103826,5297,16
OTP,0,20110107,103826,5291,850
OTP,0,20110107,103826,5290,50
OTP,0,20110107,103826,5289,32
OTP,0,20110107,103826,5289,68
OTP,0,20110107,103826,5289,50
ZWACK,0,20110107,103853,12315,1
ZWACK,0,20110107,103853,12315,5
ZWACK,0,20110107,103853,12310,4
ZWACK,0,20110107,103853,12310,2
MTELEKOM,0,20110107,103854,550,1000
MOL,0,20110107,103858,21400,55
MOL,0,20110107,103858,21400,22
MOL,0,20110107,103858,21400,5
MOL,0,20110107,103858,21400,1
MOL,0,20110107,103858,21400,5
MOL,0,20110107,103858,21400,5
MOL,0,20110107,103858,21400,102
BUX1112,0,20110107,103903,22900,3
BUX1112,0,20110107,103903,22900,5
ECONET,0,20110107,103913,91,150
ECONET,0,20110107,103913,91,350
RFV,0,20110107,103918,8200,20
MTELEKOM,0,20110107,103927,550,1200
MTELEKOM,0,20110107,103948,550,948
MTELEKOM,0,20110107,103948,550,660
ECONET,0,20110107,103951,90,599
ECONET,0,20110107,103951,90,401
BUX1112,0,20110107,103956,22900,2
ZWACK,0,20110107,103959,12400,3
ZWACK,0,20110107,103959,12400,7
MOL,0,20110107,104002,21400,5
MTELEKOM,0,20110107,104012,550,1000
MOL,0,20110107,104014,21400,80
KEG,0,20110107,104030,139,818
KEG,0,20110107,104030,139,182
OTP,0,20110107,104030,5289,150
BUX1112,0,20110107,104034,22900,10
ECONET,0,20110107,104037,90,4504
ECONET,0,20110107,104037,90,5496
BUX1112,0,20110107,104041,22900,4
GENESIS,0,20110107,104050,242,490
FHB,0,20110107,104101,976,50
MOL,0,20110107,104101,21410,50
ZWACK,0,20110107,104119,12400,3
ZWACK,0,20110107,104119,12430,44
ZWACK,0,20110107,104119,12450,20
ZWACK,0,20110107,104119,12480,33
OTP,0,20110107,104133,5295,200
MOL,0,20110107,104143,21400,15
MOL,0,20110107,104143,21400,40
MTELEKOM,0,20110107,104207,550,200
RICHTER,0,20110107,104217,43600,2
MTELEKOM,0,20110107,104239,550,190
MTELEKOM,0,20110107,104240,550,7950
MTELEKOM,0,20110107,104240,550,2050
MTELEKOM,0,20110107,104244,550,50
MTELEKOM,0,20110107,104307,550,1000
MTELEKOM,0,20110107,104308,550,1900
MTELEKOM,0,20110107,104308,550,5000
MTELEKOM,0,20110107,104308,550,38100
MTELEKOM,0,20110107,104312,550,1000
MOL,0,20110107,104314,21400,10
RICHTER,0,20110107,104316,43600,3
OTP,0,20110107,104325,5290,3
OTP,0,20110107,104325,5290,497
OTP,0,20110107,104326,5294,16
MTELEKOM,0,20110107,104330,549,465
MTELEKOM,0,20110107,104330,549,1000
MTELEKOM,0,20110107,104330,549,3000
MTELEKOM,0,20110107,104330,549,500
MTELEKOM,0,20110107,104330,549,2000
MTELEKOM,0,20110107,104330,549,500
MTELEKOM,0,20110107,104330,549,500
MTELEKOM,0,20110107,104330,549,181
MTELEKOM,0,20110107,104330,549,1000
MTELEKOM,0,20110107,104330,549,200
MTELEKOM,0,20110107,104330,549,150
MTELEKOM,0,20110107,104330,549,500
PANNERGY,0,20110107,104334,910,1
PANNERGY,0,20110107,104334,910,65
SYNERGON,0,20110107,104352,490,78
SYNERGON,0,20110107,104352,490,22
BUX1112,0,20110107,104408,22880,4
MTELEKOM,0,20110107,104429,548,4
MTELEKOM,0,20110107,104429,548,146
MTELEKOM,0,20110107,104429,548,200
MTELEKOM,0,20110107,104429,548,1000
MTELEKOM,0,20110107,104429,548,310
MTELEKOM,0,20110107,104429,548,144
MTELEKOM,0,20110107,104429,548,580
MOL,0,20110107,104441,21400,3
MTELEKOM,0,20110107,104501,550,500
RFV,0,20110107,104506,8200,15
OTP,0,20110107,104537,5294,100
BUX1112,0,20110107,104603,22880,1
MOL,0,20110107,104603,21400,22
KEG,0,20110107,104607,138,186
KEG,0,20110107,104607,138,2000
KEG,0,20110107,104607,138,314
OTP,0,20110107,104624,5294,50
PANNERGY,0,20110107,104624,910,111
BUX1112,0,20110107,104638,22876.5,2
BUX1112,0,20110107,104638,22876,3
BUX1112,0,20110107,104638,22875,15
MTELEKOM,0,20110107,104644,549,390
MTELEKOM,0,20110107,104644,549,410
MTELEKOM,0,20110107,104658,549,1000
KEG,0,20110107,104706,139,250
BUX1112,0,20110107,104722,22875,1
BUX1112,0,20110107,104730,22875,5
BUX1112,0,20110107,104801,22871.5,1
BUX1112,0,20110107,104801,22867,1
BUX1112,0,20110107,104801,22866.5,1
BUX1112,0,20110107,104801,22866,1
BUX1112,0,20110107,104801,22865,10
BUX1112,0,20110107,104805,22865,10
MOL,0,20110107,104806,21390,5
MOL,0,20110107,104806,21390,45
RICHTER,0,20110107,104816,43600,2
OTP,0,20110107,104826,5294,17
RFV,0,20110107,104831,8200,3
KEG,0,20110107,104838,138,686
KEG,0,20110107,104838,138,67
OTP,0,20110107,104852,5294,817
OTP,0,20110107,104852,5294,183
OTP,0,20110107,104903,5291,60
BUX1112,0,20110107,104915,22870,20
OTP,0,20110107,104916,5295,50
MOL,0,20110107,104917,21400,12
KEG,0,20110107,104923,138,1991
KEG,0,20110107,104923,138,3500
RICHTER,0,20110107,104956,43600,8
MOL,0,20110107,104958,21400,3
MOL,0,20110107,104958,21400,497
MOL,0,20110107,105001,21400,3
MTELEKOM,0,20110107,105005,550,1270
MOL,0,20110107,105029,21410,65
OTP,0,20110107,105040,5295,50
ZWACK,0,20110107,105047,12480,67
MOL,0,20110107,105054,21420,25
RFV,0,20110107,105111,8200,278
RFV,0,20110107,105111,8255,68
RFV,0,20110107,105111,8293,20
RFV,0,20110107,105111,8295,34
ZWACK,0,20110107,105115,12500,10
EGIS,0,20110107,105129,20800,100
RFV,0,20110107,105144,8200,200
OTP,0,20110107,105148,5295,50
OTP,0,20110107,105201,5295,150
OTP,0,20110107,105201,5295,39
RFV,0,20110107,105204,8200,3
RFV,0,20110107,105205,8200,20
RFV,0,20110107,105208,8200,30
BUX1112,0,20110107,105214,22880,2
MOL,0,20110107,105216,21420,39
MOL,0,20110107,105216,21400,11
OTP,0,20110107,105220,5292,44
RICHTER,0,20110107,105229,43555,5
BUX1112,0,20110107,105230,22870.5,1
BUX1112,0,20110107,105230,22870,1
ZWACK,0,20110107,105231,12500,73
EGIS,0,20110107,105246,20800,100
RFV,0,20110107,105254,8200,50
RICHTER,0,20110107,105316,43600,3
MTELEKOM,0,20110107,105317,550,1540
OTP,0,20110107,105326,5294,15
EGIS,0,20110107,105330,20800,100
OTP,0,20110107,105336,5295,1
RFV,0,20110107,105401,8200,197
OTP,0,20110107,105408,5292,21
OTP,0,20110107,105408,5291,29
OTP,0,20110107,105440,5291,80
RICHTER,0,20110107,105513,43595,5
EGIS,0,20110107,105515,20800,100
BUX1112,0,20110107,105520,22880,1
ZWACK,0,20110107,105532,12500,12
ZWACK,0,20110107,105532,12500,5
ZWACK,0,20110107,105532,12500,43
ZWACK,0,20110107,105552,12500,20
MTELEKOM,0,20110107,105602,550,7590
MTELEKOM,0,20110107,105602,550,2410
ZWACK,0,20110107,105625,12500,37
ZWACK,0,20110107,105625,12500,3
OTP,0,20110107,105635,5292,300
OTP,0,20110107,105635,5291,331
OTP,0,20110107,105635,5291,50
OTP,0,20110107,105635,5291,100
OTP,0,20110107,105635,5291,82
OTP,0,20110107,105635,5291,408
OTP,0,20110107,105640,5291,592
OTP,0,20110107,105640,5290,408
OTP,0,20110107,105645,5290,95
OTP,0,20110107,105645,5290,3015
PANNERGY,0,20110107,105645,908,500
BUX1112,0,20110107,105646,22880,8
BUX1112,0,20110107,105649,22880,1
OTP,0,20110107,105651,5290,500
MOL,0,20110107,105654,21420,40
OTP,0,20110107,105705,5290,500
KEG,0,20110107,105731,139,1267
KEG,0,20110107,105731,139,1153
OTP,0,20110107,105734,5290,99
DANUBIUS,0,20110107,105741,4500,200
DANUBIUS,0,20110107,105741,4500,100
DANUBIUS,0,20110107,105741,4500,250
MOL,0,20110107,105749,21420,3
MOL,0,20110107,105749,21420,208
MTELEKOM,0,20110107,105802,549,111
MTELEKOM,0,20110107,105802,549,1000
MTELEKOM,0,20110107,105802,549,1000
MTELEKOM,0,20110107,105802,549,100
MTELEKOM,0,20110107,105802,549,1000
EGIS,0,20110107,105814,20800,100
RICHTER,0,20110107,105816,43600,2
BUX1112,0,20110107,105825,22897.5,1
BUX1112,0,20110107,105825,22899,1
BUX1112,0,20110107,105825,22900,6
BUX1112,0,20110107,105825,22900,10
OTP,0,20110107,105826,5294,16
RABA,0,20110107,105827,822,100
RABA,0,20110107,105827,822,200
RABA,0,20110107,105827,821,700
BUX1112,0,20110107,105829,22900,1
KEG,0,20110107,105845,138,4442
KEG,0,20110107,105845,138,2646
DANUBIUS,0,20110107,105906,4500,50
EGIS,0,20110107,105923,20800,100
RFV,0,20110107,105926,8201,10
RFV,0,20110107,105926,8200,203
RFV,0,20110107,105926,8200,120
MTELEKOM,0,20110107,105934,549,800
BUX1112,0,20110107,105943,22900,1
RFV,0,20110107,105952,8200,167
MOL,0,20110107,105958,21420,52
BUX1112,0,20110107,110017,22900,4
BUX1112,0,20110107,110035,22905,30
RFV,0,20110107,110049,8200,33
RFV,0,20110107,110049,8200,200
RFV,0,20110107,110049,8200,267
MOL,0,20110107,110055,21405,4
MOL,0,20110107,110105,21405,18
MOL,0,20110107,110105,21405,32
RFV,0,20110107,110109,8200,333
RFV,0,20110107,110144,8200,167
RICHTER,0,20110107,110144,43600,15
RICHTER,0,20110107,110144,43600,11
RICHTER,0,20110107,110144,43600,15
RICHTER,0,20110107,110144,43600,18
RICHTER,0,20110107,110144,43600,7
RICHTER,0,20110107,110144,43600,18
RICHTER,0,20110107,110144,43600,31
MOL,0,20110107,110144,21400,139
OTP,0,20110107,110156,5291,60
OTP,0,20110107,110156,5290,40
BUX1112,0,20110107,110159,22900,1
MTELEKOM,0,20110107,110214,548,776
MTELEKOM,0,20110107,110214,548,2800
MTELEKOM,0,20110107,110214,548,36
MTELEKOM,0,20110107,110214,548,500
MTELEKOM,0,20110107,110214,548,300
MTELEKOM,0,20110107,110214,548,100
MTELEKOM,0,20110107,110214,548,200
MTELEKOM,0,20110107,110214,548,1200
MTELEKOM,0,20110107,110214,548,500
MTELEKOM,0,20110107,110214,548,18
MTELEKOM,0,20110107,110214,548,1820
MTELEKOM,0,20110107,110214,548,1800
MTELEKOM,0,20110107,110214,548,100
MTELEKOM,0,20110107,110214,548,1000
MTELEKOM,0,20110107,110214,548,100
MTELEKOM,0,20110107,110214,548,200
MTELEKOM,0,20110107,110214,548,2000
MTELEKOM,0,20110107,110214,548,2000
MTELEKOM,0,20110107,110214,548,500
MTELEKOM,0,20110107,110214,548,2600
MTELEKOM,0,20110107,110214,548,200
MTELEKOM,0,20110107,110214,548,1100
BUX1112,0,20110107,110220,22900,4
MTELEKOM,0,20110107,110222,548,650
RFV,0,20110107,110223,8200,33
RFV,0,20110107,110223,8200,120
MTELEKOM,0,20110107,110247,548,1000
RICHTER,0,20110107,110247,43565,99
MOL,0,20110107,110247,21390,3
RICHTER,0,20110107,110306,43600,50
RICHTER,0,20110107,110306,43600,14
RICHTER,0,20110107,110306,43600,15
GENESIS,0,20110107,110306,242,110
GENESIS,0,20110107,110306,242,100
GENESIS,0,20110107,110306,241,145
GENESIS,0,20110107,110306,240,1451
BUX1112,0,20110107,110307,22900,2
BUX1112,0,20110107,110308,22900,3
RICHTER,0,20110107,110316,43650,3
OTP,0,20110107,110326,5294,4
OTP,0,20110107,110326,5294,12
MTELEKOM,0,20110107,110329,548,3500
MTELEKOM,0,20110107,110329,548,1130
GENESIS,0,20110107,110348,239,500
MTELEKOM,0,20110107,110351,548,1000
MOL,0,20110107,110404,21390,2
MOL,0,20110107,110404,21390,4
MOL,0,20110107,110404,21390,10
MOL,0,20110107,110404,21390,83
MOL,0,20110107,110404,21380,1
MTELEKOM,0,20110107,110407,548,370
MTELEKOM,0,20110107,110407,549,175
RICHTER,0,20110107,110414,43600,70
MTELEKOM,0,20110107,110418,547,300
MTELEKOM,0,20110107,110418,547,200
MTELEKOM,0,20110107,110418,547,3500
MTELEKOM,0,20110107,110418,547,500
MTELEKOM,0,20110107,110418,547,1500
MTELEKOM,0,20110107,110418,547,500
RICHTER,0,20110107,110421,43610,21
RICHTER,0,20110107,110421,43610,29
BUX1112,0,20110107,110421,22875,15
RICHTER,0,20110107,110423,43600,24
MTELEKOM,0,20110107,110438,547,500
MTELEKOM,0,20110107,110438,547,100
MTELEKOM,0,20110107,110438,547,200
MTELEKOM,0,20110107,110438,547,500
MTELEKOM,0,20110107,110438,547,1719
PFLAX,0,20110107,110528,590,502
MTELEKOM,0,20110107,110539,547,500
RFV,0,20110107,110552,8200,300
MTELEKOM,0,20110107,110557,546,100
MTELEKOM,0,20110107,110557,546,100
MTELEKOM,0,20110107,110557,546,300
MTELEKOM,0,20110107,110557,546,150
MTELEKOM,0,20110107,110557,546,90
RICHTER,0,20110107,110626,43650,8
RICHTER,0,20110107,110626,43650,40
RICHTER,0,20110107,110626,43650,29
MOL,0,20110107,110636,21385,99
MOL,0,20110107,110636,21380,1
OTP,0,20110107,110643,5291,50
MTELEKOM,0,20110107,110659,547,200
MTELEKOM,0,20110107,110716,546,410
MTELEKOM,0,20110107,110716,546,300
MTELEKOM,0,20110107,110716,546,1000
MTELEKOM,0,20110107,110716,546,500
MTELEKOM,0,20110107,110716,546,200
MTELEKOM,0,20110107,110716,546,404
PANNERGY,0,20110107,110726,908,165
KEG,0,20110107,110730,138,500
PANNERGY,0,20110107,110757,908,335
FHB,0,20110107,110759,972,110
FHB,0,20110107,110759,972,206
EGIS,0,20110107,110801,20800,100
RICHTER,0,20110107,110816,43685,2
OTP,0,20110107,110826,5294,17
RICHTER,0,20110107,110828,43685,30
MTELEKOM,0,20110107,110836,547,910
ECONET,0,20110107,110905,90,1000
ECONET,0,20110107,110905,90,3000
ECONET,0,20110107,110905,90,1000
RFV,0,20110107,110913,8200,47
ECONET,0,20110107,110938,90,1456
OTP,0,20110107,110959,5290,500
OTP,0,20110107,110959,5290,40
OTP,0,20110107,111026,5292,2
KEG,0,20110107,111029,138,1854
KEG,0,20110107,111029,138,800
MOL,0,20110107,111036,21400,70
MOL,0,20110107,111036,21400,300
OTP,0,20110107,111051,5291,12
OTP,0,20110107,111051,5290,306
OTP,0,20110107,111051,5290,100
OTP,0,20110107,111051,5290,32
OTP,0,20110107,111121,5292,221
OTP,0,20110107,111123,5292,179
MOL,0,20110107,111123,21420,51
RICHTER,0,20110107,111129,43605,10
RICHTER,0,20110107,111147,43600,50
RICHTER,0,20110107,111147,43580,9
RICHTER,0,20110107,111147,43575,9
OTP,0,20110107,111155,5291,82
OTP,0,20110107,111155,5291,218
MTELEKOM,0,20110107,111157,547,4511
MTELEKOM,0,20110107,111157,547,2489
OTP,0,20110107,111216,5291,500
MOL,0,20110107,111223,21410,5
MOL,0,20110107,111233,21420,100
RFV,0,20110107,111242,8200,3
RFV,0,20110107,111242,8200,100
RFV,0,20110107,111242,8200,50
MTELEKOM,0,20110107,111251,547,11
MTELEKOM,0,20110107,111251,548,69
EGIS,0,20110107,111309,20800,100
RICHTER,0,20110107,111316,43600,3
OTP,0,20110107,111331,5292,16
OTP,0,20110107,111406,5291,198
OTP,0,20110107,111414,5291,84
OTP,0,20110107,111414,5291,114
OTP,0,20110107,111425,5291,186
OTP,0,20110107,111425,5290,12
OTP,0,20110107,111429,5290,6
OTP,0,20110107,111429,5290,4
OTP,0,20110107,111429,5290,490
RICHTER,0,20110107,111511,43575,18
BUX1112,0,20110107,111521,22878,5
RFV,0,20110107,111523,8200,10
RFV,0,20110107,111528,8200,87
MTELEKOM,0,20110107,111531,548,100
BUX1112,0,20110107,111535,22878,5
MTELEKOM,0,20110107,111538,547,30
MTELEKOM,0,20110107,111538,547,1700
MTELEKOM,0,20110107,111538,547,2000
MTELEKOM,0,20110107,111538,547,70
RFV,0,20110107,111544,8200,313
