<TICKER>,<PER>,<DTYYYYMMDD>,<TIME>,<CLOSE>,<VOLUME>
BUX1112,0,20110119,090016,23610,1
BUX1112,0,20110119,090016,23610,1
BUX1112,0,20110119,090016,23610,1
BUX1112,0,20110119,090016,23610,2
BUX1112,0,20110119,090016,23610,5
BUX1112,0,20110119,090016,23610,1
BUX1112,0,20110119,090016,23610,14
BUX1112,0,20110119,090016,23610,86
BUX1112,0,20110119,090016,23610,1
BUX1112,0,20110119,090016,23610,1
BUX1112,0,20110119,090016,23610,17
BUX1112,0,20110119,090016,23610,3
BUX1112,0,20110119,090016,23610,1
BUX1112,0,20110119,090016,23610,1
BOOK,0,20110119,090048,475,20
ECONET,0,20110119,090048,90,500
ECONET,0,20110119,090048,90,500
ECONET,0,20110119,090048,90,1612
ECONET,0,20110119,090048,90,3188
EGIS,0,20110119,090048,21255,5
FHB,0,20110119,090048,980,50
FHB,0,20110119,090048,980,148
HUMET,0,20110119,090048,9,1300
KEG,0,20110119,090048,134,3000
KEG,0,20110119,090048,134,400
KEG,0,20110119,090048,134,800
KEG,0,20110119,090048,134,1700
KEG,0,20110119,090048,134,50
MOL,0,20110119,090048,22300,15
MOL,0,20110119,090048,22300,10
MOL,0,20110119,090048,22300,31
MOL,0,20110119,090048,22300,5
MOL,0,20110119,090048,22300,44
MOL,0,20110119,090048,22300,56
MOL,0,20110119,090048,22300,100
MOL,0,20110119,090048,22300,44
MOL,0,20110119,090048,22300,15
MOL,0,20110119,090048,22300,1
MOL,0,20110119,090048,22300,9
MTELEKOM,0,20110119,090048,554,100
MTELEKOM,0,20110119,090048,554,218
MTELEKOM,0,20110119,090048,554,1782
MTELEKOM,0,20110119,090048,554,18
MTELEKOM,0,20110119,090048,554,81
MTELEKOM,0,20110119,090048,554,100
MTELEKOM,0,20110119,090048,554,19
MTELEKOM,0,20110119,090048,554,90
MTELEKOM,0,20110119,090048,554,130
MTELEKOM,0,20110119,090048,554,761
MTELEKOM,0,20110119,090048,554,378
MTELEKOM,0,20110119,090048,554,110
MTELEKOM,0,20110119,090048,554,400
MTELEKOM,0,20110119,090048,554,3000
MTELEKOM,0,20110119,090048,554,290
MTELEKOM,0,20110119,090048,554,692
MTELEKOM,0,20110119,090048,554,100
MTELEKOM,0,20110119,090048,554,2000
MTELEKOM,0,20110119,090048,554,100
MTELEKOM,0,20110119,090048,554,1169
MTELEKOM,0,20110119,090048,554,405
MTELEKOM,0,20110119,090048,554,1800
MTELEKOM,0,20110119,090048,554,100
MTELEKOM,0,20110119,090048,554,558
OTP,0,20110119,090048,5650,200
OTP,0,20110119,090048,5650,630
OTP,0,20110119,090048,5650,75
OTP,0,20110119,090048,5650,95
OTP,0,20110119,090048,5650,55
OTP,0,20110119,090048,5650,216
OTP,0,20110119,090048,5650,120
OTP,0,20110119,090048,5650,50
OTP,0,20110119,090048,5650,36
OTP,0,20110119,090048,5650,23
OTP,0,20110119,090048,5650,445
OTP,0,20110119,090048,5650,32
OTP,0,20110119,090048,5650,18
OTP,0,20110119,090048,5650,400
OTP,0,20110119,090048,5650,10
OTP,0,20110119,090048,5650,72
OTP,0,20110119,090048,5650,70
OTP,0,20110119,090048,5650,50
OTP,0,20110119,090048,5650,15
OTP,0,20110119,090048,5650,15
OTP,0,20110119,090048,5650,20
OTP,0,20110119,090048,5650,25
OTP,0,20110119,090048,5650,395
OTP,0,20110119,090048,5650,50
OTP,0,20110119,090048,5650,36
OTP,0,20110119,090048,5650,4
OTP,0,20110119,090048,5650,248
OTP,0,20110119,090048,5650,13
OTP,0,20110119,090048,5650,70
OTP,0,20110119,090048,5650,94
OTP,0,20110119,090048,5650,23
OTP,0,20110119,090048,5650,57
OTP,0,20110119,090048,5650,10
OTP,0,20110119,090048,5650,8
OTP,0,20110119,090048,5650,67
OTP,0,20110119,090048,5650,94
OTP,0,20110119,090048,5650,20
OTP,0,20110119,090048,5650,170
OTP,0,20110119,090048,5650,149
OTP,0,20110119,090048,5650,280
OTP,0,20110119,090048,5650,100
OTP,0,20110119,090048,5650,471
OTP,0,20110119,090048,5650,200
OTP,0,20110119,090048,5650,40
OTP,0,20110119,090048,5650,89
OTP,0,20110119,090048,5650,8
OTP,0,20110119,090048,5650,131
OTP,0,20110119,090048,5650,69
OTP,0,20110119,090048,5650,101
OTP,0,20110119,090048,5650,898
OTP,0,20110119,090048,5650,80
OTP,0,20110119,090048,5650,200
OTP,0,20110119,090048,5650,22
OTP,0,20110119,090048,5650,48
OTP,0,20110119,090048,5650,152
OTP,0,20110119,090048,5650,20
OTP,0,20110119,090048,5650,35
OTP,0,20110119,090048,5650,911
OTP,0,20110119,090048,5650,381
OTP,0,20110119,090048,5650,150
OTP,0,20110119,090048,5650,8
OTP,0,20110119,090048,5650,55
OTP,0,20110119,090048,5650,240
OTP,0,20110119,090048,5650,15
OTP,0,20110119,090048,5650,70
OTP,0,20110119,090048,5650,12
OTP,0,20110119,090048,5650,93
OTP,0,20110119,090048,5650,40
OTP,0,20110119,090048,5650,25
OTP,0,20110119,090048,5650,100
OTP,0,20110119,090048,5650,75
OTP,0,20110119,090048,5650,1
OTP,0,20110119,090048,5650,390
OTP,0,20110119,090048,5650,18
OTP,0,20110119,090048,5650,40
OTP,0,20110119,090048,5650,300
OTP,0,20110119,090048,5650,71
OTP,0,20110119,090048,5650,630
OTP,0,20110119,090048,5650,30
OTP,0,20110119,090048,5650,137
OTP,0,20110119,090048,5650,8
OTP,0,20110119,090048,5650,240
OTP,0,20110119,090048,5650,40
OTP,0,20110119,090048,5650,6
OTP,0,20110119,090048,5650,15
OTP,0,20110119,090048,5650,11
OTP,0,20110119,090048,5650,50
OTP,0,20110119,090048,5650,180
OTP,0,20110119,090048,5650,30
OTP,0,20110119,090048,5650,20
OTP,0,20110119,090048,5650,20
OTP,0,20110119,090048,5650,101
OTP,0,20110119,090048,5650,8
OTP,0,20110119,090048,5650,165
OTP,0,20110119,090048,5650,40
OTP,0,20110119,090048,5650,100
OTP,0,20110119,090048,5650,4
OTP,0,20110119,090048,5650,12
OTP,0,20110119,090048,5650,182
OTP,0,20110119,090048,5650,15
OTP,0,20110119,090048,5650,28
OTP,0,20110119,090048,5650,200
OTP,0,20110119,090048,5650,24
OTP,0,20110119,090048,5650,35
OTP,0,20110119,090048,5650,140
OTP,0,20110119,090048,5650,200
OTP,0,20110119,090048,5650,10
OTP,0,20110119,090048,5650,950
OTP,0,20110119,090048,5650,60
OTP,0,20110119,090048,5650,100
OTP,0,20110119,090048,5650,13
OTP,0,20110119,090048,5650,50
OTP,0,20110119,090048,5650,6
OTP,0,20110119,090048,5650,25
OTP,0,20110119,090048,5650,20
OTP,0,20110119,090048,5650,25
OTP,0,20110119,090048,5650,168
OTP,0,20110119,090048,5650,20
OTP,0,20110119,090048,5650,12
OTP,0,20110119,090048,5650,40
OTP,0,20110119,090048,5650,25
OTP,0,20110119,090048,5650,30
OTP,0,20110119,090048,5650,270
OTP,0,20110119,090048,5650,60
OTP,0,20110119,090048,5650,20
OTP,0,20110119,090048,5650,10
OTP,0,20110119,090048,5650,55
OTP,0,20110119,090048,5650,65
OTP,0,20110119,090048,5650,60
OTP,0,20110119,090048,5650,5
OTP,0,20110119,090048,5650,335
OTP,0,20110119,090048,5650,361
OTP,0,20110119,090048,5650,30
OTP,0,20110119,090048,5650,100
OTP,0,20110119,090048,5650,75
OTP,0,20110119,090048,5650,1000
OTP,0,20110119,090048,5650,100
OTP,0,20110119,090048,5650,500
OTP,0,20110119,090048,5650,40
OTP,0,20110119,090048,5650,794
OTP,0,20110119,090048,5650,100
OTP,0,20110119,090048,5650,106
OTP,0,20110119,090048,5650,40
OTP,0,20110119,090048,5650,20
OTP,0,20110119,090048,5650,11
OTP,0,20110119,090048,5650,39
OTP,0,20110119,090048,5650,50
OTP,0,20110119,090048,5650,11
OTP,0,20110119,090048,5650,39
OTP,0,20110119,090048,5650,30
OTP,0,20110119,090048,5650,31
OTP,0,20110119,090048,5650,69
OTP,0,20110119,090048,5650,10
OTP,0,20110119,090048,5650,120
OTP,0,20110119,090048,5650,96
OTP,0,20110119,090048,5650,5
OTP,0,20110119,090048,5650,195
OTP,0,20110119,090048,5650,105
OTP,0,20110119,090048,5650,120
OTP,0,20110119,090048,5650,100
OTP,0,20110119,090048,5650,635
OTP,0,20110119,090048,5650,56
OTP,0,20110119,090048,5650,200
OTP,0,20110119,090048,5650,60
OTP,0,20110119,090048,5650,76
OTP,0,20110119,090048,5650,90
OTP,0,20110119,090048,5650,100
OTP,0,20110119,090048,5650,100
OTP,0,20110119,090048,5650,54
OTP,0,20110119,090048,5650,15
OTP,0,20110119,090048,5650,6
OTP,0,20110119,090048,5650,608
PANNERGY,0,20110119,090048,920,35
PANNERGY,0,20110119,090048,920,565
PANNERGY,0,20110119,090048,920,100
PANNERGY,0,20110119,090048,920,60
PANNERGY,0,20110119,090048,920,175
RICHTER,0,20110119,090048,43500,3
RICHTER,0,20110119,090048,43500,25
ZWACK,0,20110119,090048,13085,5
ZWACK,0,20110119,090048,13085,3
BUX1112,0,20110119,090200,23611,1
OTP,0,20110119,090200,5650,392
OTP,0,20110119,090200,5650,36
OTP,0,20110119,090200,5650,33
OTP,0,20110119,090200,5650,20
OTP,0,20110119,090200,5650,100
OTP,0,20110119,090200,5650,50
OTP,0,20110119,090200,5650,195
OTP,0,20110119,090200,5650,15
OTP,0,20110119,090200,5650,300
OTP,0,20110119,090200,5650,100
BUX1112,0,20110119,090202,23615,2
OTP,0,20110119,090203,5653,22
OTP,0,20110119,090203,5654,121
OTP,0,20110119,090203,5655,17
OTP,0,20110119,090203,5655,6
OTP,0,20110119,090203,5655,22
OTP,0,20110119,090203,5657,11
OTP,0,20110119,090203,5657,15
OTP,0,20110119,090203,5659,8
OTP,0,20110119,090203,5660,78
BUX1112,0,20110119,090203,23619,4
OTP,0,20110119,090203,5651,100
BUX1112,0,20110119,090204,23619,1
BUX1112,0,20110119,090204,23620,10
BUX1112,0,20110119,090204,23635,1
BUX1112,0,20110119,090204,23640,1
BUX1112,0,20110119,090204,23640,1
BUX1112,0,20110119,090204,23640,1
BUX1112,0,20110119,090204,23648,1
OTP,0,20110119,090205,5651,1400
OTP,0,20110119,090205,5645,360
OTP,0,20110119,090205,5645,240
BUX1112,0,20110119,090208,23620,5
OTP,0,20110119,090209,5655,11
EGIS,0,20110119,090210,21280,5
RICHTER,0,20110119,090210,43500,10
RABA,0,20110119,090211,846,122
BUX1112,0,20110119,090212,23648,1
OTP,0,20110119,090213,5660,50
OTP,0,20110119,090214,5655,389
OTP,0,20110119,090214,5650,200
OTP,0,20110119,090214,5650,50
OTP,0,20110119,090214,5650,100
OTP,0,20110119,090215,5648,16
OTP,0,20110119,090215,5650,261
OTP,0,20110119,090218,5660,30
MOL,0,20110119,090218,22300,150
EGIS,0,20110119,090218,21300,2
OTP,0,20110119,090219,5650,23
OTP,0,20110119,090219,5650,1
OTP,0,20110119,090220,5659,14
MTELEKOM,0,20110119,090222,554,218
OTP,0,20110119,090224,5655,11
RICHTER,0,20110119,090224,43540,7
OTP,0,20110119,090224,5655,39
OTP,0,20110119,090224,5650,11
OTP,0,20110119,090224,5650,50
BUX1112,0,20110119,090224,23648,3
OTP,0,20110119,090228,5650,738
OTP,0,20110119,090228,5650,100
OTP,0,20110119,090228,5650,184
OTP,0,20110119,090228,5647,278
BUX1112,0,20110119,090231,23648,3
BUX1112,0,20110119,090231,23625,2
OTP,0,20110119,090233,5650,250
OTP,0,20110119,090233,5655,50
OTP,0,20110119,090235,5655,200
OTP,0,20110119,090235,5650,300
OTP,0,20110119,090235,5650,20
OTP,0,20110119,090238,5650,13
OTP,0,20110119,090240,5650,687
OTP,0,20110119,090241,5655,100
OTP,0,20110119,090241,5655,50
OTP,0,20110119,090241,5655,50
OTP,0,20110119,090241,5656,500
OTP,0,20110119,090241,5659,136
OTP,0,20110119,090241,5659,264
OTP,0,20110119,090241,5659,40
OTP,0,20110119,090242,5659,371
OTP,0,20110119,090243,5655,100
OTP,0,20110119,090243,5650,1713
OTP,0,20110119,090243,5650,100
OTP,0,20110119,090243,5650,50
OTP,0,20110119,090244,5648,30
RICHTER,0,20110119,090245,43540,27
OTP,0,20110119,090245,5648,15
OTP,0,20110119,090247,5650,37
BUX1112,0,20110119,090248,23625,5
MTELEKOM,0,20110119,090249,554,750
OTP,0,20110119,090251,5650,13
RICHTER,0,20110119,090251,43590,10
RICHTER,0,20110119,090251,43600,1
OTP,0,20110119,090251,5650,87
OTP,0,20110119,090251,5650,50
OTP,0,20110119,090251,5659,163
MOL,0,20110119,090252,22255,30
OTP,0,20110119,090252,5650,20
GSPARK,0,20110119,090252,780,200
GSPARK,0,20110119,090252,782,200
GSPARK,0,20110119,090252,783,350
GSPARK,0,20110119,090252,784,100
GSPARK,0,20110119,090252,784,150
OTP,0,20110119,090253,5651,300
OTP,0,20110119,090253,5650,100
OTP,0,20110119,090253,5650,130
OTP,0,20110119,090255,5650,285
OTP,0,20110119,090256,5650,85
OTP,0,20110119,090256,5650,35
OTP,0,20110119,090256,5648,20
OTP,0,20110119,090257,5650,15
BUX1112,0,20110119,090300,23625,3
OTP,0,20110119,090300,5651,200
OTP,0,20110119,090301,5651,300
MTELEKOM,0,20110119,090301,555,500
MTELEKOM,0,20110119,090301,555,2500
MTELEKOM,0,20110119,090301,555,370
MTELEKOM,0,20110119,090301,555,2309
MTELEKOM,0,20110119,090301,555,181
MTELEKOM,0,20110119,090301,555,100
MTELEKOM,0,20110119,090301,555,200
MTELEKOM,0,20110119,090301,555,9400
MTELEKOM,0,20110119,090301,555,150
MTELEKOM,0,20110119,090301,555,100
MTELEKOM,0,20110119,090301,555,505
MTELEKOM,0,20110119,090301,555,100
MTELEKOM,0,20110119,090301,555,900
MTELEKOM,0,20110119,090301,555,111
MTELEKOM,0,20110119,090301,555,1000
MTELEKOM,0,20110119,090301,555,180
MTELEKOM,0,20110119,090301,556,140
MTELEKOM,0,20110119,090301,556,60
RICHTER,0,20110119,090311,43530,5
RICHTER,0,20110119,090311,43600,4
RICHTER,0,20110119,090311,43600,1
OTP,0,20110119,090313,5658,250
BUX1112,0,20110119,090313,23640,1
BUX1112,0,20110119,090314,23640,4
BUX1112,0,20110119,090314,23640,1
BUX1112,0,20110119,090314,23650,2
BUX1112,0,20110119,090314,23650,1
OTP,0,20110119,090316,5651,485
OTP,0,20110119,090316,5650,100
OTP,0,20110119,090316,5650,415
MOL,0,20110119,090318,22255,10
MOL,0,20110119,090318,22255,20
EGIS,0,20110119,090320,21300,2
OTP,0,20110119,090320,5650,850
OTP,0,20110119,090324,5655,17
OTP,0,20110119,090327,5655,4
MTELEKOM,0,20110119,090328,556,800
MTELEKOM,0,20110119,090328,556,100
ECONET,0,20110119,090329,90,24095
ECONET,0,20110119,090329,90,2300
ECONET,0,20110119,090329,90,1000
ECONET,0,20110119,090329,90,800
ECONET,0,20110119,090329,90,1000
ECONET,0,20110119,090329,90,805
OTP,0,20110119,090330,5651,200
OTP,0,20110119,090330,5650,300
OTP,0,20110119,090335,5650,500
RABA,0,20110119,090337,847,300
OTP,0,20110119,090338,5650,500
OTP,0,20110119,090339,5650,2435
OTP,0,20110119,090339,5650,24
OTP,0,20110119,090339,5650,100
OTP,0,20110119,090339,5650,100
OTP,0,20110119,090339,5650,430
OTP,0,20110119,090339,5650,355
OTP,0,20110119,090339,5650,40
OTP,0,20110119,090339,5650,100
OTP,0,20110119,090339,5650,1000
BUX1112,0,20110119,090339,23645,1
OTP,0,20110119,090339,5650,30
MTELEKOM,0,20110119,090340,556,200
OTP,0,20110119,090341,5650,50
MTELEKOM,0,20110119,090341,556,348
OTP,0,20110119,090341,5650,40
OTP,0,20110119,090343,5650,1000
OTP,0,20110119,090343,5650,1000
BUX1112,0,20110119,090344,23640,50
MOL,0,20110119,090345,22260,10
MOL,0,20110119,090345,22260,39
OTP,0,20110119,090346,5648,35
OTP,0,20110119,090346,5648,352
OTP,0,20110119,090346,5648,25
OTP,0,20110119,090346,5647,388
BUX1112,0,20110119,090346,23625,2
MTELEKOM,0,20110119,090348,556,552
MTELEKOM,0,20110119,090348,556,448
OTP,0,20110119,090349,5650,530
OTP,0,20110119,090351,5647,124
OTP,0,20110119,090351,5647,500
OTP,0,20110119,090352,5647,376
OTP,0,20110119,090352,5648,150
OTP,0,20110119,090352,5650,3474
OTP,0,20110119,090352,5650,100
BUX1112,0,20110119,090352,23645,4
BUX1112,0,20110119,090352,23647,1
MOL,0,20110119,090352,22260,50
MOL,0,20110119,090353,22260,10
OTP,0,20110119,090353,5650,50
BUX1112,0,20110119,090355,23625,1
OTP,0,20110119,090356,5650,1000
MTELEKOM,0,20110119,090357,557,400
OTP,0,20110119,090357,5650,629
RABA,0,20110119,090357,847,50
RABA,0,20110119,090357,848,88
RABA,0,20110119,090357,848,250
RABA,0,20110119,090357,848,200
RABA,0,20110119,090357,848,600
RABA,0,20110119,090357,848,130
RABA,0,20110119,090357,848,682
OTP,0,20110119,090400,5646,30
OTP,0,20110119,090400,5650,1800
OTP,0,20110119,090402,5650,713
OTP,0,20110119,090402,5650,200
OTP,0,20110119,090402,5650,87
OTP,0,20110119,090402,5650,13
OTP,0,20110119,090402,5651,45
OTP,0,20110119,090403,5655,79
OTP,0,20110119,090403,5655,20
OTP,0,20110119,090403,5655,17
OTP,0,20110119,090403,5655,150
OTP,0,20110119,090403,5655,300
OTP,0,20110119,090405,5651,42
OTP,0,20110119,090405,5650,58
BUX1112,0,20110119,090407,23650,1
BUX1112,0,20110119,090407,23650,1
BUX1112,0,20110119,090407,23655,2
BUX1112,0,20110119,090407,23659,5
BUX1112,0,20110119,090407,23660,1
OTP,0,20110119,090407,5657,114
OTP,0,20110119,090407,5658,86
MTELEKOM,0,20110119,090407,556,132
OTP,0,20110119,090408,5650,25
OTP,0,20110119,090408,5650,200
OTP,0,20110119,090409,5650,500
MOL,0,20110119,090410,22270,10
BUX1112,0,20110119,090410,23647,5
OTP,0,20110119,090412,5650,25
OTP,0,20110119,090413,5650,50
OTP,0,20110119,090414,5650,50
BUX1112,0,20110119,090414,23647,5
BUX1112,0,20110119,090414,23660,9
BUX1112,0,20110119,090414,23669,1
BUX1112,0,20110119,090414,23669,2
BUX1112,0,20110119,090414,23670,3
MTELEKOM,0,20110119,090414,556,368
MTELEKOM,0,20110119,090414,557,51
MTELEKOM,0,20110119,090414,557,550
MTELEKOM,0,20110119,090414,557,251
OTP,0,20110119,090415,5650,400
OTP,0,20110119,090416,5655,40
OTP,0,20110119,090416,5655,40
AAA,0,20110119,090420,254,300
MOL,0,20110119,090420,22290,2
FHB,0,20110119,090421,982,50
FHB,0,20110119,090421,983,1000
FHB,0,20110119,090421,984,1000
FHB,0,20110119,090421,985,300
FHB,0,20110119,090421,985,100
FHB,0,20110119,090421,985,50
OTP,0,20110119,090423,5655,20
OTP,0,20110119,090423,5657,50
OTP,0,20110119,090423,5658,384
RABA,0,20110119,090426,848,500
OTP,0,20110119,090428,5655,200
OTP,0,20110119,090428,5658,280
OTP,0,20110119,090428,5659,38
OTP,0,20110119,090428,5659,200
OTP,0,20110119,090428,5659,16
OTP,0,20110119,090428,5659,100
OTP,0,20110119,090428,5660,612
OTP,0,20110119,090428,5660,100
OTP,0,20110119,090428,5660,15
OTP,0,20110119,090428,5660,1080
OTP,0,20110119,090428,5660,20
OTP,0,20110119,090428,5660,8
OTP,0,20110119,090428,5660,50
OTP,0,20110119,090428,5660,380
OTP,0,20110119,090428,5660,1000
OTP,0,20110119,090429,5660,100
RICHTER,0,20110119,090431,43600,3
RICHTER,0,20110119,090431,43600,3
RICHTER,0,20110119,090431,43665,1
RICHTER,0,20110119,090431,43670,2
RICHTER,0,20110119,090431,43670,18
RICHTER,0,20110119,090431,43675,5
RICHTER,0,20110119,090431,43680,60
RICHTER,0,20110119,090431,43690,10
RICHTER,0,20110119,090431,43700,4
RICHTER,0,20110119,090431,43700,7
RICHTER,0,20110119,090431,43700,2
RICHTER,0,20110119,090431,43700,3
RICHTER,0,20110119,090431,43700,5
RICHTER,0,20110119,090431,43700,10
OTP,0,20110119,090431,5660,60
OTP,0,20110119,090432,5660,741
OTP,0,20110119,090433,5650,778
OTP,0,20110119,090435,5660,160
OTP,0,20110119,090437,5660,50
MOL,0,20110119,090438,22270,30
OTP,0,20110119,090439,5664,13
OTP,0,20110119,090439,5665,23
OTP,0,20110119,090439,5665,64
OTP,0,20110119,090439,5665,250
OTP,0,20110119,090439,5665,50
OTP,0,20110119,090440,5660,10
BUX1112,0,20110119,090440,23663,5
BUX1112,0,20110119,090440,23667,45
OTP,0,20110119,090441,5660,30
OTP,0,20110119,090441,5650,970
OTP,0,20110119,090444,5665,36
OTP,0,20110119,090444,5665,4
MOL,0,20110119,090445,22285,93
GENESIS,0,20110119,090447,215,80
OTP,0,20110119,090448,5651,500
MOL,0,20110119,090449,22285,1500
MOL,0,20110119,090450,22290,70
BUX1112,0,20110119,090450,23650,2
OTP,0,20110119,090451,5652,50
OTP,0,20110119,090452,5660,70
OTP,0,20110119,090456,5665,6
OTP,0,20110119,090456,5665,10
BUX1112,0,20110119,090456,23651,1
OTP,0,20110119,090500,5666,100
OTP,0,20110119,090500,5664,240
OTP,0,20110119,090500,5660,760
OTP,0,20110119,090502,5660,15
MOL,0,20110119,090506,22270,30
OTP,0,20110119,090506,5660,400
OTP,0,20110119,090507,5660,500
GENESIS,0,20110119,090509,214,881
OTP,0,20110119,090512,5666,400
OTP,0,20110119,090512,5666,250
OTP,0,20110119,090512,5667,21
OTP,0,20110119,090512,5668,100
OTP,0,20110119,090512,5669,2900
OTP,0,20110119,090512,5670,16
OTP,0,20110119,090512,5670,10
OTP,0,20110119,090512,5670,200
OTP,0,20110119,090512,5670,21
OTP,0,20110119,090512,5670,197
OTP,0,20110119,090512,5670,50
OTP,0,20110119,090513,5670,61
OTP,0,20110119,090515,5670,774
OTP,0,20110119,090515,5670,100
OTP,0,20110119,090520,5661,10
OTP,0,20110119,090522,5661,90
OTP,0,20110119,090522,5660,10
RABA,0,20110119,090522,848,100
OTP,0,20110119,090524,5665,50
OTP,0,20110119,090524,5670,100
RABA,0,20110119,090528,848,120
BUX1112,0,20110119,090530,23650,10
BUX1112,0,20110119,090530,23650,2
BUX1112,0,20110119,090530,23650,3
BUX1112,0,20110119,090531,23650,5
MOL,0,20110119,090532,22280,30
OTP,0,20110119,090533,5666,100
OTP,0,20110119,090536,5661,43
OTP,0,20110119,090537,5670,526
OTP,0,20110119,090540,5670,1474
GENESIS,0,20110119,090541,218,30
OTP,0,20110119,090546,5670,100
OTP,0,20110119,090546,5661,200
BUX1112,0,20110119,090548,23650,20
OTP,0,20110119,090551,5669,10
OTP,0,20110119,090551,5673,40
OTP,0,20110119,090553,5661,3
OTP,0,20110119,090559,5670,15
OTP,0,20110119,090600,5670,100
OTP,0,20110119,090600,5665,350
BUX1112,0,20110119,090600,23660,30
MOL,0,20110119,090600,22285,30
HUMET,0,20110119,090602,10,33000
HUMET,0,20110119,090602,10,4500
MTELEKOM,0,20110119,090604,557,49
MTELEKOM,0,20110119,090604,557,126
MTELEKOM,0,20110119,090604,557,2325
MTELEKOM,0,20110119,090606,556,150
RABA,0,20110119,090606,848,750
OTP,0,20110119,090607,5670,100
MTELEKOM,0,20110119,090608,557,4675
MTELEKOM,0,20110119,090608,557,2800
OTP,0,20110119,090610,5665,100
OTP,0,20110119,090612,5670,300
OTP,0,20110119,090614,5665,130
OTP,0,20110119,090614,5665,70
OTP,0,20110119,090614,5670,60
OTP,0,20110119,090614,5670,1425
OTP,0,20110119,090614,5670,100
OTP,0,20110119,090614,5670,50
MTELEKOM,0,20110119,090614,557,2500
OTP,0,20110119,090616,5670,15
OTP,0,20110119,090616,5670,246
OTP,0,20110119,090618,5670,345
MOL,0,20110119,090621,22285,10
RABA,0,20110119,090622,848,100
OTP,0,20110119,090623,5670,3
OTP,0,20110119,090623,5672,50
MTELEKOM,0,20110119,090625,557,2500
MOL,0,20110119,090625,22290,20
MOL,0,20110119,090626,22285,30
MOL,0,20110119,090628,22290,8
MOL,0,20110119,090628,22300,181
MOL,0,20110119,090628,22300,7
MOL,0,20110119,090628,22300,5
MOL,0,20110119,090628,22300,45
MOL,0,20110119,090628,22300,20
MOL,0,20110119,090628,22300,25
OTP,0,20110119,090629,5673,170
OTP,0,20110119,090629,5674,10
OTP,0,20110119,090629,5670,30
OTP,0,20110119,090632,5670,390
OTP,0,20110119,090634,5670,430
BUX1112,0,20110119,090636,23651,6
BUX1112,0,20110119,090636,23650,4
OTP,0,20110119,090636,5670,250
BUX1112,0,20110119,090636,23660,1
BUX1112,0,20110119,090636,23663,2
BUX1112,0,20110119,090636,23670,4
OTP,0,20110119,090638,5674,40
OTP,0,20110119,090638,5674,32
OTP,0,20110119,090638,5674,40
OTP,0,20110119,090638,5675,40
OTP,0,20110119,090638,5675,40
OTP,0,20110119,090638,5675,8
OTP,0,20110119,090639,5675,5
OTP,0,20110119,090639,5675,10
OTP,0,20110119,090639,5675,100
OTP,0,20110119,090639,5675,200
BUX1112,0,20110119,090640,23670,1
BUX1112,0,20110119,090640,23675,1
BUX1112,0,20110119,090640,23675,1
FHB,0,20110119,090645,985,350
MOL,0,20110119,090648,22300,50
OTP,0,20110119,090650,5676,86
OTP,0,20110119,090650,5676,280
OTP,0,20110119,090650,5677,15
OTP,0,20110119,090650,5678,100
OTP,0,20110119,090650,5678,500
OTP,0,20110119,090650,5679,185
OTP,0,20110119,090650,5679,1000
OTP,0,20110119,090650,5679,100
OTP,0,20110119,090650,5679,10
OTP,0,20110119,090650,5680,2
OTP,0,20110119,090650,5680,300
OTP,0,20110119,090650,5680,16
OTP,0,20110119,090650,5680,20
OTP,0,20110119,090650,5680,7
OTP,0,20110119,090650,5680,50
OTP,0,20110119,090650,5680,500
OTP,0,20110119,090650,5680,110
OTP,0,20110119,090650,5680,500
OTP,0,20110119,090650,5680,80
OTP,0,20110119,090650,5681,85
OTP,0,20110119,090650,5684,200
OTP,0,20110119,090650,5685,150
OTP,0,20110119,090650,5685,13
OTP,0,20110119,090650,5685,100
OTP,0,20110119,090650,5686,20
OTP,0,20110119,090650,5687,1000
OTP,0,20110119,090650,5688,825
OTP,0,20110119,090650,5688,427
OTP,0,20110119,090650,5688,10
OTP,0,20110119,090650,5688,500
OTP,0,20110119,090650,5688,100
OTP,0,20110119,090650,5689,20
OTP,0,20110119,090650,5690,100
OTP,0,20110119,090650,5690,100
OTP,0,20110119,090650,5690,700
OTP,0,20110119,090650,5690,20
OTP,0,20110119,090650,5690,1340
OTP,0,20110119,090650,5690,94
OTP,0,20110119,090650,5690,39
OTP,0,20110119,090650,5690,100
OTP,0,20110119,090650,5690,15
OTP,0,20110119,090650,5690,125
OTP,0,20110119,090650,5690,500
OTP,0,20110119,090650,5690,60
OTP,0,20110119,090650,5690,50
OTP,0,20110119,090650,5690,1000
OTP,0,20110119,090650,5690,20
OTP,0,20110119,090650,5691,50
OTP,0,20110119,090650,5692,100
OTP,0,20110119,090650,5693,55
OTP,0,20110119,090650,5694,13
OTP,0,20110119,090650,5694,10
OTP,0,20110119,090650,5694,2000
OTP,0,20110119,090650,5695,100
OTP,0,20110119,090650,5695,5
OTP,0,20110119,090650,5695,11
OTP,0,20110119,090650,5695,50
OTP,0,20110119,090650,5695,100
OTP,0,20110119,090650,5695,1000
OTP,0,20110119,090650,5695,18
OTP,0,20110119,090650,5696,100
OTP,0,20110119,090650,5696,21
OTP,0,20110119,090650,5697,400
OTP,0,20110119,090650,5697,433
OTP,0,20110119,090650,5697,100
OTP,0,20110119,090650,5698,5000
OTP,0,20110119,090650,5698,100
OTP,0,20110119,090650,5698,2000
OTP,0,20110119,090650,5698,66
OTP,0,20110119,090650,5699,150
OTP,0,20110119,090650,5699,39
OTP,0,20110119,090650,5699,430
OTP,0,20110119,090650,5699,300
OTP,0,20110119,090650,5699,400
OTP,0,20110119,090650,5699,5375
OTP,0,20110119,090651,5699,100
BUX1112,0,20110119,090654,23670,5
BUX1112,0,20110119,090655,23670,3
MOL,0,20110119,090655,22290,12
MOL,0,20110119,090655,22290,18
OTP,0,20110119,090656,5680,8
OTP,0,20110119,090656,5699,29
OTP,0,20110119,090657,5676,100
OTP,0,20110119,090657,5675,200
OTP,0,20110119,090657,5671,163
OTP,0,20110119,090657,5671,213
BUX1112,0,20110119,090657,23670,3
OTP,0,20110119,090657,5671,10
BUX1112,0,20110119,090658,23670,3
OTP,0,20110119,090658,5699,496
OTP,0,20110119,090658,5699,61
OTP,0,20110119,090658,5699,20
OTP,0,20110119,090658,5699,4848
OTP,0,20110119,090659,5675,30
MTELEKOM,0,20110119,090659,557,500
MTELEKOM,0,20110119,090700,557,200
BUX1112,0,20110119,090700,23670,1
BUX1112,0,20110119,090700,23670,5
BUX1112,0,20110119,090700,23675,4
BUX1112,0,20110119,090704,23675,1
GENESIS,0,20110119,090705,214,1619
GENESIS,0,20110119,090705,210,300
GENESIS,0,20110119,090705,210,150
MOL,0,20110119,090705,22300,30
FHB,0,20110119,090707,985,1830
GENESIS,0,20110119,090709,210,431
OTP,0,20110119,090711,5697,315
OTP,0,20110119,090711,5698,2500
OTP,0,20110119,090711,5698,250
OTP,0,20110119,090711,5698,100
OTP,0,20110119,090711,5698,233
OTP,0,20110119,090711,5699,152
OTP,0,20110119,090711,5700,12
OTP,0,20110119,090711,5700,10
OTP,0,20110119,090711,5700,50
OTP,0,20110119,090711,5700,30
OTP,0,20110119,090711,5700,48
OTP,0,20110119,090711,5700,10
OTP,0,20110119,090711,5700,40
OTP,0,20110119,090711,5700,96
OTP,0,20110119,090711,5700,20
OTP,0,20110119,090711,5700,50
OTP,0,20110119,090711,5700,955
OTP,0,20110119,090711,5700,10
OTP,0,20110119,090711,5700,440
OTP,0,20110119,090711,5700,100
OTP,0,20110119,090711,5700,18
OTP,0,20110119,090711,5700,50
OTP,0,20110119,090711,5700,18
OTP,0,20110119,090711,5700,200
OTP,0,20110119,090711,5700,50
OTP,0,20110119,090711,5700,1800
OTP,0,20110119,090711,5700,2000
OTP,0,20110119,090711,5700,100
OTP,0,20110119,090711,5700,300
OTP,0,20110119,090711,5700,7
OTP,0,20110119,090711,5700,60
OTP,0,20110119,090711,5700,301
OTP,0,20110119,090711,5700,45
OTP,0,20110119,090711,5700,253
OTP,0,20110119,090711,5700,107
OTP,0,20110119,090711,5700,366
OTP,0,20110119,090711,5700,20
OTP,0,20110119,090711,5700,1010
OTP,0,20110119,090711,5700,250
OTP,0,20110119,090711,5700,100
OTP,0,20110119,090711,5700,45
OTP,0,20110119,090711,5700,50
OTP,0,20110119,090711,5700,50
OTP,0,20110119,090711,5700,20
OTP,0,20110119,090711,5700,100
OTP,0,20110119,090711,5700,5
OTP,0,20110119,090711,5700,100
OTP,0,20110119,090711,5700,5
OTP,0,20110119,090711,5700,120
OTP,0,20110119,090711,5700,100
OTP,0,20110119,090711,5700,100
OTP,0,20110119,090711,5700,35
OTP,0,20110119,090711,5700,145
OTP,0,20110119,090711,5700,70
OTP,0,20110119,090711,5700,200
OTP,0,20110119,090711,5700,1000
OTP,0,20110119,090711,5700,100
OTP,0,20110119,090711,5700,100
OTP,0,20110119,090711,5700,55
OTP,0,20110119,090711,5700,57
OTP,0,20110119,090711,5700,770
OTP,0,20110119,090711,5700,20
OTP,0,20110119,090711,5700,400
OTP,0,20110119,090711,5700,200
OTP,0,20110119,090711,5700,200
OTP,0,20110119,090711,5700,45
OTP,0,20110119,090711,5700,15000
OTP,0,20110119,090711,5700,100
OTP,0,20110119,090711,5700,1000
OTP,0,20110119,090711,5700,500
OTP,0,20110119,090711,5700,5000
OTP,0,20110119,090711,5705,67
RABA,0,20110119,090712,848,98
FHB,0,20110119,090714,986,126
FHB,0,20110119,090714,987,44
OTP,0,20110119,090717,5705,233
OTP,0,20110119,090717,5700,10
KEG,0,20110119,090719,134,1000
OTP,0,20110119,090720,5709,150
OTP,0,20110119,090721,5709,100
OTP,0,20110119,090721,5710,100
OTP,0,20110119,090721,5710,100
OTP,0,20110119,090721,5710,15
OTP,0,20110119,090721,5710,90
OTP,0,20110119,090721,5710,30
MTELEKOM,0,20110119,090721,557,2500
MOL,0,20110119,090722,22330,200
MOL,0,20110119,090722,22330,200
MOL,0,20110119,090722,22330,56
MOL,0,20110119,090722,22345,100
MOL,0,20110119,090722,22350,40
MOL,0,20110119,090722,22350,4
MTELEKOM,0,20110119,090723,557,1800
MTELEKOM,0,20110119,090723,557,700
MOL,0,20110119,090723,22350,2
MOL,0,20110119,090723,22350,22
MOL,0,20110119,090723,22350,8
MOL,0,20110119,090723,22350,5
MOL,0,20110119,090723,22350,5
MOL,0,20110119,090723,22350,100
MOL,0,20110119,090723,22350,22
MOL,0,20110119,090723,22350,3
MOL,0,20110119,090723,22350,19
MOL,0,20110119,090723,22350,14
BUX1112,0,20110119,090724,23670,15
MTELEKOM,0,20110119,090724,557,100
OTP,0,20110119,090725,5710,65
MOL,0,20110119,090725,22350,186
MOL,0,20110119,090725,22350,14
MTELEKOM,0,20110119,090727,558,175
MTELEKOM,0,20110119,090727,558,200
MTELEKOM,0,20110119,090727,558,125
BUX1112,0,20110119,090727,23670,5
MTELEKOM,0,20110119,090727,558,200
OTP,0,20110119,090728,5708,200
OTP,0,20110119,090728,5700,75
OTP,0,20110119,090730,5711,1
MOL,0,20110119,090730,22370,500
MOL,0,20110119,090730,22370,6
MOL,0,20110119,090730,22370,16
MOL,0,20110119,090730,22385,4
MOL,0,20110119,090730,22390,100
MOL,0,20110119,090730,22395,50
MOL,0,20110119,090730,22395,10
MOL,0,20110119,090730,22395,20
MOL,0,20110119,090731,22395,200
OTP,0,20110119,090731,5700,10
MOL,0,20110119,090731,22395,200
MOL,0,20110119,090731,22395,200
OTP,0,20110119,090732,5700,150
MOL,0,20110119,090732,22395,80
MOL,0,20110119,090732,22400,120
MOL,0,20110119,090732,22400,4
MOL,0,20110119,090732,22400,76
MOL,0,20110119,090732,22400,107
MOL,0,20110119,090732,22400,17
MOL,0,20110119,090733,22400,25
MOL,0,20110119,090733,22400,1
MOL,0,20110119,090733,22400,4
MOL,0,20110119,090733,22400,50
MOL,0,20110119,090733,22400,2
MOL,0,20110119,090733,22400,118
MOL,0,20110119,090733,22340,50
MOL,0,20110119,090733,22400,150
OTP,0,20110119,090734,5710,50
MOL,0,20110119,090734,22400,200
MOL,0,20110119,090734,22400,32
MOL,0,20110119,090734,22400,80
MOL,0,20110119,090734,22400,19
MOL,0,20110119,090734,22400,4
MOL,0,20110119,090734,22400,65
BUX1112,0,20110119,090735,23675,1
BUX1112,0,20110119,090735,23680,1
BUX1112,0,20110119,090735,23689,1
BUX1112,0,20110119,090735,23690,8
OTP,0,20110119,090735,5711,9
OTP,0,20110119,090735,5711,25
OTP,0,20110119,090735,5714,20
OTP,0,20110119,090735,5714,100
OTP,0,20110119,090735,5714,63
MOL,0,20110119,090736,22400,5
MOL,0,20110119,090736,22400,50
MOL,0,20110119,090736,22400,6
MOL,0,20110119,090736,22400,5
MOL,0,20110119,090736,22400,20
MOL,0,20110119,090736,22400,20
MOL,0,20110119,090736,22400,5
MOL,0,20110119,090736,22400,89
OTP,0,20110119,090737,5710,135
ECONET,0,20110119,090737,90,345
ECONET,0,20110119,090737,90,1655
BUX1112,0,20110119,090737,23690,1
OTP,0,20110119,090737,5710,100
OTP,0,20110119,090738,5710,765
OTP,0,20110119,090738,5709,200
OTP,0,20110119,090738,5700,4035
OTP,0,20110119,090738,5714,37
BUX1112,0,20110119,090743,23690,4
OTP,0,20110119,090745,5700,500
OTP,0,20110119,090747,5711,25
OTP,0,20110119,090747,5700,25220
OTP,0,20110119,090747,5700,25
OTP,0,20110119,090747,5700,25
OTP,0,20110119,090747,5700,5
OTP,0,20110119,090749,5700,20
EGIS,0,20110119,090749,21300,18
EGIS,0,20110119,090749,21255,5
EGIS,0,20110119,090749,21250,4
EGIS,0,20110119,090749,21230,10
EGIS,0,20110119,090749,21225,1
BUX1112,0,20110119,090749,23692,2
BUX1112,0,20110119,090749,23692,50
BUX1112,0,20110119,090749,23694,1
BUX1112,0,20110119,090749,23695,10
BUX1112,0,20110119,090749,23695,1
BUX1112,0,20110119,090749,23697,1
BUX1112,0,20110119,090749,23697,10
BUX1112,0,20110119,090749,23698,25
FHB,0,20110119,090749,985,299
MOL,0,20110119,090750,22325,200
MOL,0,20110119,090750,22320,60
MOL,0,20110119,090750,22320,58
MTELEKOM,0,20110119,090750,557,2300
MTELEKOM,0,20110119,090750,557,2463
OTP,0,20110119,090750,5705,20
OTP,0,20110119,090750,5700,75
OTP,0,20110119,090750,5700,200
OTP,0,20110119,090750,5686,993
RICHTER,0,20110119,090750,43705,75
RICHTER,0,20110119,090750,43700,24
OTP,0,20110119,090753,5701,118
OTP,0,20110119,090753,5701,682
OTP,0,20110119,090753,5700,1300
BUX1112,0,20110119,090756,23698,75
BUX1112,0,20110119,090756,23699,25
MOL,0,20110119,090757,22400,11
MOL,0,20110119,090757,22400,9
BUX1112,0,20110119,090757,23690,2
MTELEKOM,0,20110119,090757,557,440
EGIS,0,20110119,090758,21225,11
EGIS,0,20110119,090758,21200,23
EGIS,0,20110119,090758,21200,4
FHB,0,20110119,090758,985,299
MOL,0,20110119,090758,22320,2
MOL,0,20110119,090758,22320,29
MOL,0,20110119,090758,22310,150
MOL,0,20110119,090758,22305,50
MOL,0,20110119,090758,22305,20
MOL,0,20110119,090758,22300,67
MTELEKOM,0,20110119,090758,557,2097
MTELEKOM,0,20110119,090758,556,1850
MTELEKOM,0,20110119,090758,556,816
OTP,0,20110119,090759,5686,1288
RICHTER,0,20110119,090759,43700,99
MTELEKOM,0,20110119,090800,558,625
MTELEKOM,0,20110119,090800,558,110
MTELEKOM,0,20110119,090800,558,100
MTELEKOM,0,20110119,090800,558,1065
OTP,0,20110119,090801,5695,25
MOL,0,20110119,090804,22300,18
BUX1112,0,20110119,090804,23692,7
BUX1112,0,20110119,090806,23699,75
BUX1112,0,20110119,090806,23700,15
BUX1112,0,20110119,090806,23700,3
BUX1112,0,20110119,090806,23700,7
BUX1112,0,20110119,090806,23700,2
BUX1112,0,20110119,090806,23700,1
OTP,0,20110119,090806,5695,75
EGIS,0,20110119,090807,21200,1
EGIS,0,20110119,090807,21200,37
FHB,0,20110119,090807,985,72
FHB,0,20110119,090807,982,227
MOL,0,20110119,090808,22315,200
MOL,0,20110119,090808,22315,118
MTELEKOM,0,20110119,090808,557,4763
OTP,0,20110119,090808,5695,225
OTP,0,20110119,090808,5686,719
OTP,0,20110119,090808,5685,11
OTP,0,20110119,090808,5682,23
OTP,0,20110119,090808,5681,210
OTP,0,20110119,090808,5681,100
RICHTER,0,20110119,090808,43700,99
BUX1112,0,20110119,090809,23697.5,7
BUX1112,0,20110119,090809,23700,5
OTP,0,20110119,090809,5700,18
OTP,0,20110119,090809,5700,450
OTP,0,20110119,090809,5700,1532
OTP,0,20110119,090810,5699,50
OTP,0,20110119,090810,5699,190
OTP,0,20110119,090810,5700,10
BUX1112,0,20110119,090812,23720,1
BUX1112,0,20110119,090812,23720,1
BUX1112,0,20110119,090812,23720,7
MOL,0,20110119,090814,22395,20
OTP,0,20110119,090814,5690,50
MOL,0,20110119,090815,22315,30
OTP,0,20110119,090816,5686,180
BUX1112,0,20110119,090816,23725,1
OTP,0,20110119,090820,5686,20
BUX1112,0,20110119,090821,23720,2
BUX1112,0,20110119,090821,23699,5
OTP,0,20110119,090822,5686,850
OTP,0,20110119,090823,5686,160
OTP,0,20110119,090828,5686,1500
BUX1112,0,20110119,090829,23719,1
BUX1112,0,20110119,090829,23720,3
MOL,0,20110119,090829,22390,750
MOL,0,20110119,090829,22390,750
MOL,0,20110119,090831,22390,750
BUX1112,0,20110119,090834,23700,5
OTP,0,20110119,090835,5686,2000
BUX1112,0,20110119,090838,23700,7
OTP,0,20110119,090839,5685,70
OTP,0,20110119,090839,5686,240
OTP,0,20110119,090839,5686,20
OTP,0,20110119,090839,5686,30
OTP,0,20110119,090839,5690,210
OTP,0,20110119,090840,5690,27
OTP,0,20110119,090841,5690,52
MOL,0,20110119,090841,22325,30
BUX1112,0,20110119,090842,23690,4
OTP,0,20110119,090843,5685,50
OTP,0,20110119,090849,5685,50
MOL,0,20110119,090849,22375,750
MOL,0,20110119,090849,22375,750
MOL,0,20110119,090849,22375,750
OTP,0,20110119,090852,5690,140
MOL,0,20110119,090855,22375,30
MOL,0,20110119,090856,22375,59
OTP,0,20110119,090858,5686,6
KEG,0,20110119,090900,134,1000
BUX1112,0,20110119,090901,23685,5
OTP,0,20110119,090902,5685,30
OTP,0,20110119,090903,5685,100
BUX1112,0,20110119,090907,23690,2
OTP,0,20110119,090907,5685,20
OTP,0,20110119,090907,5687,80
BUX1112,0,20110119,090907,23685,10
BUX1112,0,20110119,090912,23685,3
OTP,0,20110119,090915,5680,100
OTP,0,20110119,090915,5680,214
RICHTER,0,20110119,090916,43775,11
OTP,0,20110119,090916,5680,196
OTP,0,20110119,090916,5680,4
RICHTER,0,20110119,090917,43775,50
OTP,0,20110119,090918,5680,103
RICHTER,0,20110119,090918,43700,145
RICHTER,0,20110119,090918,43700,105
MOL,0,20110119,090920,22380,1200
OTP,0,20110119,090922,5685,18
MOL,0,20110119,090923,22330,60
OTP,0,20110119,090923,5680,100
BUX1112,0,20110119,090924,23690,3
BUX1112,0,20110119,090924,23690,2
BUX1112,0,20110119,090924,23692,10
BUX1112,0,20110119,090924,23698,2
BUX1112,0,20110119,090924,23699,12
BUX1112,0,20110119,090924,23700,21
OTP,0,20110119,090925,5685,71
OTP,0,20110119,090925,5685,179
OTP,0,20110119,090925,5685,1214
BUX1112,0,20110119,090926,23700,5
MTELEKOM,0,20110119,090926,557,237
MTELEKOM,0,20110119,090926,557,3900
MTELEKOM,0,20110119,090926,557,863
BUX1112,0,20110119,090926,23700,5
OTP,0,20110119,090929,5685,250
BUX1112,0,20110119,090932,23700,82
BUX1112,0,20110119,090932,23700,4
BUX1112,0,20110119,090932,23700,1
MTELEKOM,0,20110119,090932,557,2637
MTELEKOM,0,20110119,090932,557,3500
MTELEKOM,0,20110119,090932,557,3500
MTELEKOM,0,20110119,090932,557,363
BUX1112,0,20110119,090933,23700,13
OTP,0,20110119,090933,5685,36
KEG,0,20110119,090935,134,230
MOL,0,20110119,090935,22335,30
BUX1112,0,20110119,090935,23680,1
BUX1112,0,20110119,090935,23699,7
MTELEKOM,0,20110119,090937,557,4637
BUX1112,0,20110119,090938,23700,15
OTP,0,20110119,090943,5685,124
MOL,0,20110119,090943,22340,10
OTP,0,20110119,090945,5685,40
BUX1112,0,20110119,090946,23700,2
OTP,0,20110119,090948,5685,229
BUX1112,0,20110119,090949,23700,3
MTELEKOM,0,20110119,090950,557,5000
BUX1112,0,20110119,090951,23700,9
BUX1112,0,20110119,090953,23700,1
BUX1112,0,20110119,090953,23719,4
MTELEKOM,0,20110119,090953,557,2000
MTELEKOM,0,20110119,090954,557,3000
OTP,0,20110119,090955,5687,5
MTELEKOM,0,20110119,090955,558,3000
OTP,0,20110119,090958,5685,500
OTP,0,20110119,090958,5685,25
OTP,0,20110119,090959,5685,206
OTP,0,20110119,090959,5681,150
OTP,0,20110119,090959,5680,56
OTP,0,20110119,090959,5680,100
OTP,0,20110119,090959,5680,88
MOL,0,20110119,091003,22360,750
MOL,0,20110119,091003,22360,750
MOL,0,20110119,091003,22340,20
MOL,0,20110119,091003,22340,10
MOL,0,20110119,091004,22360,750
BUX1112,0,20110119,091003,23700,1
OTP,0,20110119,091005,5685,1
OTP,0,20110119,091005,5680,912
OTP,0,20110119,091009,5677,75
OTP,0,20110119,091013,5677,40
KEG,0,20110119,091018,135,250
OTP,0,20110119,091018,5677,85
OTP,0,20110119,091018,5676,278
OTP,0,20110119,091018,5675,1470
OTP,0,20110119,091018,5675,100
OTP,0,20110119,091018,5672,100
OTP,0,20110119,091018,5672,100
OTP,0,20110119,091018,5671,345
OTP,0,20110119,091018,5671,370
OTP,0,20110119,091018,5670,291
OTP,0,20110119,091018,5670,100
OTP,0,20110119,091018,5670,340
OTP,0,20110119,091018,5670,1421
PANNERGY,0,20110119,091021,916,100
OTP,0,20110119,091022,5679,51
OTP,0,20110119,091022,5680,288
OTP,0,20110119,091022,5680,1661
BUX1112,0,20110119,091023,23699,1
MOL,0,20110119,091024,22365,50
OTP,0,20110119,091024,5680,945
KEG,0,20110119,091025,135,100
MOL,0,20110119,091030,22340,30
OTP,0,20110119,091034,5671,30
OTP,0,20110119,091034,5670,470
OTP,0,20110119,091034,5670,50
EGIS,0,20110119,091036,21210,4
BUX1112,0,20110119,091038,23680,4
OTP,0,20110119,091038,5677,80
MTELEKOM,0,20110119,091041,557,5000
OTP,0,20110119,091042,5677,20
OTP,0,20110119,091042,5677,50
OTP,0,20110119,091042,5680,30
BUX1112,0,20110119,091044,23699,1
MTELEKOM,0,20110119,091045,557,1275
BUX1112,0,20110119,091046,23680,1
BUX1112,0,20110119,091046,23677,4
OTP,0,20110119,091046,5670,3059
OTP,0,20110119,091046,5670,100
OTP,0,20110119,091046,5670,200
OTP,0,20110119,091046,5670,150
OTP,0,20110119,091046,5670,20
OTP,0,20110119,091046,5670,70
OTP,0,20110119,091046,5670,335
OTP,0,20110119,091046,5670,6066
OTP,0,20110119,091048,5680,1000
OTP,0,20110119,091056,5679,10
MOL,0,20110119,091056,22345,30
OTP,0,20110119,091056,5679,500
OTP,0,20110119,091059,5677,45
SYNERGON,0,20110119,091101,540,150
BUX1112,0,20110119,091109,23696,1
OTP,0,20110119,091111,5677,5
MOL,0,20110119,091123,22345,20
MOL,0,20110119,091123,22345,10
OTP,0,20110119,091126,5677,15
BUX1112,0,20110119,091131,23680,2
BUX1112,0,20110119,091131,23677,1
BUX1112,0,20110119,091131,23677,2
OTP,0,20110119,091131,5675,75
OTP,0,20110119,091131,5677,320
OTP,0,20110119,091135,5675,1000
OTP,0,20110119,091135,5677,865
OTP,0,20110119,091135,5677,60
OTP,0,20110119,091135,5678,500
OTP,0,20110119,091135,5679,110
OTP,0,20110119,091135,5679,300
OTP,0,20110119,091135,5679,165
GSPARK,0,20110119,091136,771,100
OTP,0,20110119,091136,5671,100
OTP,0,20110119,091136,5670,1400
OTP,0,20110119,091140,5672,20
OTP,0,20110119,091140,5670,284
OTP,0,20110119,091140,5670,60
OTP,0,20110119,091140,5670,150
OTP,0,20110119,091140,5670,55
OTP,0,20110119,091140,5670,100
OTP,0,20110119,091140,5670,20
OTP,0,20110119,091140,5670,400
OTP,0,20110119,091140,5670,911
OTP,0,20110119,091143,5670,1
BUX1112,0,20110119,091144,23680,1
OTP,0,20110119,091144,5670,138
OTP,0,20110119,091145,5670,400
OTP,0,20110119,091145,5670,40
OTP,0,20110119,091146,5676,50
OTP,0,20110119,091146,5670,50
MOL,0,20110119,091147,22350,20
OTP,0,20110119,091148,5670,3460
OTP,0,20110119,091148,5670,100
BUX1112,0,20110119,091150,23680,50
MOL,0,20110119,091150,22350,28
OTP,0,20110119,091153,5665,50
EGIS,0,20110119,091155,21220,5
EGIS,0,20110119,091155,21210,6
EGIS,0,20110119,091155,21210,27
FHB,0,20110119,091155,982,273
FHB,0,20110119,091155,982,26
MOL,0,20110119,091155,22340,10
MOL,0,20110119,091155,22340,10
MOL,0,20110119,091155,22335,70
MOL,0,20110119,091155,22335,40
MOL,0,20110119,091155,22330,168
MOL,0,20110119,091155,22325,20
MTELEKOM,0,20110119,091155,556,1184
MTELEKOM,0,20110119,091155,556,2700
MTELEKOM,0,20110119,091155,556,879
OTP,0,20110119,091155,5665,260
OTP,0,20110119,091155,5665,1028
RICHTER,0,20110119,091156,43700,99
BUX1112,0,20110119,091157,23680,30
MOL,0,20110119,091158,22350,30
OTP,0,20110119,091158,5670,200
MOL,0,20110119,091203,22350,9
OTP,0,20110119,091209,5665,900
OTP,0,20110119,091211,5665,72
OTP,0,20110119,091211,5665,15
OTP,0,20110119,091211,5665,25
BUX1112,0,20110119,091211,23680,10
BUX1112,0,20110119,091212,23680,9
BUX1112,0,20110119,091212,23680,2
OTP,0,20110119,091213,5664,80
OTP,0,20110119,091213,5663,120
MOL,0,20110119,091214,22380,1300
BUX1112,0,20110119,091214,23676,1
BUX1112,0,20110119,091215,23676,1
OTP,0,20110119,091217,5665,30
MTELEKOM,0,20110119,091217,556,921
MOL,0,20110119,091219,22325,60
FHB,0,20110119,091224,982,132
PANNERGY,0,20110119,091224,916,25
PANNERGY,0,20110119,091227,920,119
OTP,0,20110119,091235,5665,58
OTP,0,20110119,091235,5665,142
MOL,0,20110119,091236,22325,90
MOL,0,20110119,091236,22325,57
OTP,0,20110119,091236,5665,10
OTP,0,20110119,091238,5665,13
OTP,0,20110119,091238,5665,75
MOL,0,20110119,091244,22320,30
OTP,0,20110119,091247,5664,20
FHB,0,20110119,091248,982,89
OTP,0,20110119,091248,5664,20
OTP,0,20110119,091248,5665,25
OTP,0,20110119,091248,5665,105
OTP,0,20110119,091249,5660,100
OTP,0,20110119,091249,5660,750
OTP,0,20110119,091249,5660,20
OTP,0,20110119,091249,5660,500
OTP,0,20110119,091249,5660,20
OTP,0,20110119,091249,5660,90
OTP,0,20110119,091251,5655,200
MOL,0,20110119,091251,22320,170
MOL,0,20110119,091255,22315,52
MOL,0,20110119,091255,22315,48
RABA,0,20110119,091255,847,25
OTP,0,20110119,091303,5655,500
OTP,0,20110119,091303,5654,1000
OTP,0,20110119,091305,5653,230
MOL,0,20110119,091305,22320,106
MOL,0,20110119,091305,22320,30
MOL,0,20110119,091305,22320,64
BUX1112,0,20110119,091308,23667,5
MTELEKOM,0,20110119,091312,556,4079
MTELEKOM,0,20110119,091312,557,3725
MTELEKOM,0,20110119,091312,557,500
MTELEKOM,0,20110119,091312,557,1200
MTELEKOM,0,20110119,091312,557,500
OTP,0,20110119,091316,5653,3000
MTELEKOM,0,20110119,091318,557,5000
RICHTER,0,20110119,091318,43700,83
OTP,0,20110119,091319,5655,100
MOL,0,20110119,091319,22320,4
RICHTER,0,20110119,091319,43700,17
BUX1112,0,20110119,091319,23652,2
BUX1112,0,20110119,091319,23650,1
BUX1112,0,20110119,091319,23650,27
MTELEKOM,0,20110119,091320,557,4996
RICHTER,0,20110119,091323,43700,80
OTP,0,20110119,091324,5655,20
BUX1112,0,20110119,091325,23650,30
OTP,0,20110119,091325,5653,1270
OTP,0,20110119,091325,5652,100
OTP,0,20110119,091325,5652,2500
OTP,0,20110119,091325,5651,80
OTP,0,20110119,091325,5651,800
OTP,0,20110119,091325,5651,700
OTP,0,20110119,091325,5651,100
OTP,0,20110119,091325,5650,50
OTP,0,20110119,091325,5650,131
OTP,0,20110119,091325,5650,50
OTP,0,20110119,091325,5650,1750
OTP,0,20110119,091325,5650,1750
OTP,0,20110119,091325,5650,400
OTP,0,20110119,091325,5650,50
OTP,0,20110119,091325,5650,200
OTP,0,20110119,091325,5650,1000
OTP,0,20110119,091325,5650,50
OTP,0,20110119,091325,5650,2232
OTP,0,20110119,091325,5650,3000
OTP,0,20110119,091325,5650,100
OTP,0,20110119,091325,5650,5
OTP,0,20110119,091325,5650,1300
OTP,0,20110119,091325,5650,90
OTP,0,20110119,091325,5650,200
OTP,0,20110119,091325,5650,100
OTP,0,20110119,091325,5650,10
OTP,0,20110119,091325,5650,200
OTP,0,20110119,091326,5650,50
OTP,0,20110119,091329,5650,100
OTP,0,20110119,091330,5648,25
OTP,0,20110119,091332,5650,1632
OTP,0,20110119,091332,5650,500
OTP,0,20110119,091332,5650,1000
OTP,0,20110119,091334,5650,200
MOL,0,20110119,091338,22320,132
MOL,0,20110119,091338,22320,30
OTP,0,20110119,091339,5654,25
MOL,0,20110119,091340,22320,46
MOL,0,20110119,091340,22315,152
MOL,0,20110119,091340,22315,145
OTP,0,20110119,091342,5655,1980
OTP,0,20110119,091342,5655,20
OTP,0,20110119,091343,5654,75
BUX1112,0,20110119,091348,23650,10
OTP,0,20110119,091349,5655,180
OTP,0,20110119,091349,5655,170
BUX1112,0,20110119,091350,23650,2
BUX1112,0,20110119,091350,23660,1
BUX1112,0,20110119,091350,23660,1
BUX1112,0,20110119,091350,23665,2
OTP,0,20110119,091351,5655,67
OTP,0,20110119,091351,5660,350
OTP,0,20110119,091352,5655,60
OTP,0,20110119,091353,5660,2170
OTP,0,20110119,091353,5660,200
OTP,0,20110119,091354,5660,350
BUX1112,0,20110119,091355,23640.5,2
OTP,0,20110119,091356,5659,1043
OTP,0,20110119,091356,5660,1000
OTP,0,20110119,091356,5660,6
BUX1112,0,20110119,091400,23640.5,1
OTP,0,20110119,091400,5660,200
BUX1112,0,20110119,091405,23640.5,1
MOL,0,20110119,091406,22315,30
DANUBIUS,0,20110119,091407,4210,10
DANUBIUS,0,20110119,091407,4215,10
OTP,0,20110119,091408,5660,121
OTP,0,20110119,091408,5660,50
OTP,0,20110119,091415,5655,100
OTP,0,20110119,091419,5655,1423
OTP,0,20110119,091419,5655,50
OTP,0,20110119,091419,5655,100
OTP,0,20110119,091419,5651,500
OTP,0,20110119,091419,5651,1000
OTP,0,20110119,091419,5650,1668
OTP,0,20110119,091419,5650,10
OTP,0,20110119,091419,5650,78
OTP,0,20110119,091419,5663,19
OTP,0,20110119,091422,5660,10
OTP,0,20110119,091423,5660,90
OTP,0,20110119,091430,5655,6
MOL,0,20110119,091434,22315,25
MOL,0,20110119,091434,22315,5
MTELEKOM,0,20110119,091435,556,150
MTELEKOM,0,20110119,091435,556,500
OTP,0,20110119,091436,5660,100
BUX1112,0,20110119,091437,23651,2
BUX1112,0,20110119,091437,23650,4
BUX1112,0,20110119,091437,23650,2
OTP,0,20110119,091445,5664,30
OTP,0,20110119,091445,5664,720
RICHTER,0,20110119,091446,43685,55
RICHTER,0,20110119,091446,43685,46
OTP,0,20110119,091447,5664,330
BUX1112,0,20110119,091447,23651,4
BUX1112,0,20110119,091447,23650,35
BUX1112,0,20110119,091450,23650,5
OTP,0,20110119,091450,5664,10
BUX1112,0,20110119,091453,23650,5
OTP,0,20110119,091453,5664,100
OTP,0,20110119,091454,5665,500
OTP,0,20110119,091454,5665,100
OTP,0,20110119,091454,5669,900
OTP,0,20110119,091456,5669,100
OTP,0,20110119,091458,5665,800
OTP,0,20110119,091459,5670,240
OTP,0,20110119,091459,5670,182
OTP,0,20110119,091459,5670,5000
OTP,0,20110119,091459,5670,200
OTP,0,20110119,091459,5670,200
OTP,0,20110119,091459,5670,100
BUX1112,0,20110119,091459,23650,1
MOL,0,20110119,091500,22315,30
BUX1112,0,20110119,091502,23660,5
MOL,0,20110119,091504,22325,353
MOL,0,20110119,091504,22325,20
MOL,0,20110119,091504,22325,30
OTP,0,20110119,091505,5665,1592
BUX1112,0,20110119,091507,23650.5,2
BUX1112,0,20110119,091507,23650,8
MTELEKOM,0,20110119,091509,556,300
OTP,0,20110119,091513,5677,100
OTP,0,20110119,091521,5677,15
OTP,0,20110119,091524,5671,1325
BUX1112,0,20110119,091526,23660,1
BUX1112,0,20110119,091526,23665,18
BUX1112,0,20110119,091526,23665,4
OTP,0,20110119,091532,5675,10
BUX1112,0,20110119,091533,23665,1
BUX1112,0,20110119,091533,23670,1
MTELEKOM,0,20110119,091538,556,1800
OTP,0,20110119,091539,5675,90
OTP,0,20110119,091539,5675,10
OTP,0,20110119,091541,5675,20
OTP,0,20110119,091541,5672,5
OTP,0,20110119,091544,5675,70
OTP,0,20110119,091545,5675,40
OTP,0,20110119,091547,5677,100
BUX1112,0,20110119,091547,23680,2
OTP,0,20110119,091548,5675,200
BUX1112,0,20110119,091548,23680,28
OTP,0,20110119,091549,5677,202
OTP,0,20110119,091549,5677,200
BUX1112,0,20110119,091550,23685,100
EGIS,0,20110119,091551,21250,3
EGIS,0,20110119,091551,21230,10
EGIS,0,20110119,091551,21210,23
EGIS,0,20110119,091551,21200,2
FHB,0,20110119,091551,982,11
FHB,0,20110119,091551,981,100
FHB,0,20110119,091551,981,188
MOL,0,20110119,091551,22330,57
MOL,0,20110119,091551,22320,20
MOL,0,20110119,091551,22315,125
MOL,0,20110119,091551,22315,18
MOL,0,20110119,091551,22305,98
MTELEKOM,0,20110119,091551,556,3900
MTELEKOM,0,20110119,091551,555,863
OTP,0,20110119,091552,5677,100
OTP,0,20110119,091552,5675,900
OTP,0,20110119,091552,5675,290
OTP,0,20110119,091552,5673,500
OTP,0,20110119,091552,5672,498
RICHTER,0,20110119,091552,43530,30
RICHTER,0,20110119,091552,43525,20
RICHTER,0,20110119,091552,43520,49
OTP,0,20110119,091552,5678,100
OTP,0,20110119,091552,5679,50
OTP,0,20110119,091552,5680,525
OTP,0,20110119,091553,5672,200
PANNERGY,0,20110119,091555,920,261
PANNERGY,0,20110119,091555,920,55
PANNERGY,0,20110119,091555,922,64
MOL,0,20110119,091556,22305,30
OTP,0,20110119,091557,5680,2000
OTP,0,20110119,091557,5680,30
RABA,0,20110119,091558,847,50
OTP,0,20110119,091603,5680,3809
OTP,0,20110119,091603,5680,1000
OTP,0,20110119,091603,5680,14
OTP,0,20110119,091603,5680,200
OTP,0,20110119,091603,5680,50
OTP,0,20110119,091604,5675,898
MOL,0,20110119,091607,22345,5
MOL,0,20110119,091607,22345,30
BUX1112,0,20110119,091610,23680,2
OTP,0,20110119,091614,5680,1075
OTP,0,20110119,091614,5680,100
OTP,0,20110119,091620,5680,120
OTP,0,20110119,091622,5680,300
OTP,0,20110119,091628,5680,100
FOTEX,0,20110119,091629,385,500
FOTEX,0,20110119,091629,385,500
MTELEKOM,0,20110119,091629,557,4
MTELEKOM,0,20110119,091629,557,5149
MTELEKOM,0,20110119,091629,557,800
MTELEKOM,0,20110119,091629,557,150
MTELEKOM,0,20110119,091629,557,1000
MTELEKOM,0,20110119,091629,557,1000
MTELEKOM,0,20110119,091629,557,5000
MTELEKOM,0,20110119,091629,558,935
MTELEKOM,0,20110119,091629,558,500
MTELEKOM,0,20110119,091629,558,100
MTELEKOM,0,20110119,091629,558,350
MTELEKOM,0,20110119,091629,558,345
MTELEKOM,0,20110119,091629,558,80
MTELEKOM,0,20110119,091629,558,100
MTELEKOM,0,20110119,091629,558,4487
OTP,0,20110119,091630,5680,200
BUX1112,0,20110119,091634,23680,18
BUX1112,0,20110119,091634,23680,2
MOL,0,20110119,091643,22360,9
OTP,0,20110119,091645,5675,400
MOL,0,20110119,091647,22350,30
MTELEKOM,0,20110119,091650,556,2100
OTP,0,20110119,091653,5680,386
OTP,0,20110119,091655,5675,164
MTELEKOM,0,20110119,091701,556,1900
OTP,0,20110119,091708,5677,26
MTELEKOM,0,20110119,091713,556,225
MTELEKOM,0,20110119,091713,556,175
MOL,0,20110119,091714,22355,30
OTP,0,20110119,091717,5676,800
MTELEKOM,0,20110119,091719,556,9825
OTP,0,20110119,091719,5675,300
MTELEKOM,0,20110119,091719,555,20
OTP,0,20110119,091724,5675,200
OTP,0,20110119,091724,5675,100
RABA,0,20110119,091726,847,50
OTP,0,20110119,091726,5675,700
OTP,0,20110119,091728,5675,100
PFLAX,0,20110119,091731,628,800
PFLAX,0,20110119,091731,630,300
MOL,0,20110119,091741,22355,10
OTP,0,20110119,091741,5676,50
MTELEKOM,0,20110119,091744,556,175
OTP,0,20110119,091747,5675,100
OTP,0,20110119,091748,5676,200
OTP,0,20110119,091748,5677,200
KEG,0,20110119,091750,135,1150
KEG,0,20110119,091750,135,234
KEG,0,20110119,091750,135,616
MTELEKOM,0,20110119,091752,556,325
MTELEKOM,0,20110119,091752,556,1200
OTP,0,20110119,091753,5677,180
MTELEKOM,0,20110119,091756,556,1000
MOL,0,20110119,091803,22355,16
GENESIS,0,20110119,091804,218,30
MOL,0,20110119,091804,22350,74
MTELEKOM,0,20110119,091809,556,475
MTELEKOM,0,20110119,091809,556,3525
OTP,0,20110119,091810,5677,594
BUX1112,0,20110119,091810,23675,1
OTP,0,20110119,091812,5676,25
MTELEKOM,0,20110119,091817,556,1040
MTELEKOM,0,20110119,091819,556,960
MTELEKOM,0,20110119,091819,556,500
OTP,0,20110119,091820,5676,175
OTP,0,20110119,091820,5676,20
OTP,0,20110119,091820,5675,330
OTP,0,20110119,091820,5675,10
OTP,0,20110119,091820,5675,220
MTELEKOM,0,20110119,091820,556,1500
OTP,0,20110119,091822,5675,595
OTP,0,20110119,091822,5678,20
OTP,0,20110119,091822,5678,500
OTP,0,20110119,091822,5680,2719
OTP,0,20110119,091822,5680,200
OTP,0,20110119,091822,5680,234
OTP,0,20110119,091822,5680,25
OTP,0,20110119,091822,5680,1
OTP,0,20110119,091822,5680,5000
OTP,0,20110119,091822,5680,9
BUX1112,0,20110119,091824,23675,1
OTP,0,20110119,091826,5680,697
OTP,0,20110119,091829,5680,400
OTP,0,20110119,091834,5680,303
OTP,0,20110119,091835,5680,150
MOL,0,20110119,091835,22350,100
MTELEKOM,0,20110119,091837,556,1040
OTP,0,20110119,091840,5680,25
OTP,0,20110119,091841,5680,105
OTP,0,20110119,091841,5680,17
OTP,0,20110119,091841,5680,1000
OTP,0,20110119,091843,5680,149
OTP,0,20110119,091843,5675,10
MOL,0,20110119,091844,22350,5
OTP,0,20110119,091846,5680,500
OTP,0,20110119,091848,5680,2000
BUX1112,0,20110119,091848,23680,1
OTP,0,20110119,091849,5680,1334
MOL,0,20110119,091849,22360,1
MOL,0,20110119,091849,22360,5
MTELEKOM,0,20110119,091849,556,2560
MTELEKOM,0,20110119,091849,556,1000
MTELEKOM,0,20110119,091849,556,1440
OTP,0,20110119,091853,5680,200
MTELEKOM,0,20110119,091858,556,8560
MTELEKOM,0,20110119,091900,556,200
OTP,0,20110119,091904,5681,1000
KEG,0,20110119,091907,135,2384
KEG,0,20110119,091907,136,16
OTP,0,20110119,091907,5681,240
OTP,0,20110119,091907,5681,100
MTELEKOM,0,20110119,091909,556,1240
MTELEKOM,0,20110119,091910,557,50
OTP,0,20110119,091915,5684,250
PHYLAXIA,0,20110119,091915,44,500
PHYLAXIA,0,20110119,091915,44,1500
OTP,0,20110119,091917,5684,750
OTP,0,20110119,091917,5685,100
OTP,0,20110119,091917,5685,170
OTP,0,20110119,091917,5685,50
OTP,0,20110119,091917,5687,65
OTP,0,20110119,091917,5689,20
OTP,0,20110119,091917,5689,200
OTP,0,20110119,091917,5689,10
OTP,0,20110119,091917,5690,1135
OTP,0,20110119,091917,5682,500
OTP,0,20110119,091920,5682,80
OTP,0,20110119,091920,5681,20
OTP,0,20110119,091926,5690,3500
MTELEKOM,0,20110119,091926,556,200
MOL,0,20110119,091927,22365,200
BUX1112,0,20110119,091930,23679,5
BUX1112,0,20110119,091930,23680,17
BUX1112,0,20110119,091930,23680,60
OTP,0,20110119,091932,5682,1000
EGIS,0,20110119,091938,21205,20
EGIS,0,20110119,091938,21200,11
EGIS,0,20110119,091938,21200,7
FHB,0,20110119,091938,981,299
MOL,0,20110119,091939,22365,34
MOL,0,20110119,091939,22360,54
MOL,0,20110119,091939,22350,56
MOL,0,20110119,091939,22350,170
MOL,0,20110119,091939,22315,4
MTELEKOM,0,20110119,091939,556,4763
OTP,0,20110119,091939,5683,700
OTP,0,20110119,091939,5682,500
OTP,0,20110119,091939,5681,88
RICHTER,0,20110119,091940,43530,10
RICHTER,0,20110119,091940,43520,51
RICHTER,0,20110119,091940,43520,38
OTP,0,20110119,091940,5681,17
OTP,0,20110119,091941,5690,365
OTP,0,20110119,091943,5690,31
OTP,0,20110119,091947,5690,199
MTELEKOM,0,20110119,091951,556,5037
MTELEKOM,0,20110119,091951,556,3000
MTELEKOM,0,20110119,091951,556,10000
OTP,0,20110119,091952,5691,10
RICHTER,0,20110119,091953,43520,141
BUX1112,0,20110119,091954,23691,3
MOL,0,20110119,091955,22370,20
MTELEKOM,0,20110119,091958,556,397
BUX1112,0,20110119,091959,23691,2
BUX1112,0,20110119,091959,23694,2
RICHTER,0,20110119,092007,43500,7
RICHTER,0,20110119,092010,43500,50
BUX1112,0,20110119,092012,23685,18
MOL,0,20110119,092013,22370,25
OTP,0,20110119,092013,5690,905
OTP,0,20110119,092013,5690,95
ZWACK,0,20110119,092017,13085,5
ZWACK,0,20110119,092017,13085,13
OTP,0,20110119,092018,5691,90
RABA,0,20110119,092018,848,200
BUX1112,0,20110119,092021,23685,101
OTP,0,20110119,092025,5691,410
OTP,0,20110119,092025,5690,505
OTP,0,20110119,092025,5685,478
OTP,0,20110119,092028,5693,5
OTP,0,20110119,092033,5690,160
MOL,0,20110119,092034,22365,250
RICHTER,0,20110119,092035,43520,15
MTELEKOM,0,20110119,092037,556,500
OTP,0,20110119,092040,5693,100
OTP,0,20110119,092042,5690,300
MTELEKOM,0,20110119,092045,555,1353
MTELEKOM,0,20110119,092045,555,1000
MTELEKOM,0,20110119,092045,555,2000
MTELEKOM,0,20110119,092045,555,50
MTELEKOM,0,20110119,092045,555,3200
MTELEKOM,0,20110119,092045,555,1836
MTELEKOM,0,20110119,092045,555,3500
MTELEKOM,0,20110119,092045,555,200
MTELEKOM,0,20110119,092045,555,1750
MTELEKOM,0,20110119,092045,555,5000
MTELEKOM,0,20110119,092045,555,1000
MTELEKOM,0,20110119,092045,555,3000
MTELEKOM,0,20110119,092045,555,1111
MOL,0,20110119,092046,22350,250
BUX1112,0,20110119,092047,23685,10
BUX1112,0,20110119,092049,23685,30
MTELEKOM,0,20110119,092051,555,2889
MTELEKOM,0,20110119,092051,555,679
OTP,0,20110119,092052,5690,40
BUX1112,0,20110119,092053,23685,14
OTP,0,20110119,092054,5692,100
OTP,0,20110119,092054,5693,95
OTP,0,20110119,092054,5693,900
MTELEKOM,0,20110119,092055,555,1321
MTELEKOM,0,20110119,092055,556,705
OTP,0,20110119,092059,5690,500
OTP,0,20110119,092059,5690,500
OTP,0,20110119,092101,5691,50
OTP,0,20110119,092101,5693,100
OTP,0,20110119,092101,5694,27
OTP,0,20110119,092101,5694,23
OTP,0,20110119,092103,5690,359
MTELEKOM,0,20110119,092106,555,500
OTP,0,20110119,092108,5690,141
OTP,0,20110119,092108,5690,20
OTP,0,20110119,092108,5690,10
OTP,0,20110119,092108,5690,1000
OTP,0,20110119,092108,5685,222
BUX1112,0,20110119,092109,23685,5
MTELEKOM,0,20110119,092112,554,10
MTELEKOM,0,20110119,092112,554,148
MOL,0,20110119,092114,22350,250
OTP,0,20110119,092115,5690,1000
OTP,0,20110119,092116,5690,500
MOL,0,20110119,092116,22365,8
OTP,0,20110119,092117,5690,20
MTELEKOM,0,20110119,092128,554,752
MTELEKOM,0,20110119,092128,554,4248
MOL,0,20110119,092128,22365,85
MOL,0,20110119,092128,22365,315
OTP,0,20110119,092129,5692,20
OTP,0,20110119,092129,5690,60
MOL,0,20110119,092131,22365,25
OTP,0,20110119,092131,5690,500
MTELEKOM,0,20110119,092132,555,236
MTELEKOM,0,20110119,092132,555,264
ZWACK,0,20110119,092133,13085,20
OTP,0,20110119,092133,5690,40
MOL,0,20110119,092135,22365,3
MOL,0,20110119,092135,22370,132
OTP,0,20110119,092136,5690,380
OTP,0,20110119,092136,5690,20
OTP,0,20110119,092136,5694,49
FHB,0,20110119,092145,985,100
OTP,0,20110119,092147,5691,60
OTP,0,20110119,092147,5690,480
OTP,0,20110119,092147,5690,30
OTP,0,20110119,092147,5690,230
RICHTER,0,20110119,092152,43500,405
RICHTER,0,20110119,092152,43500,28
RICHTER,0,20110119,092152,43500,5
RICHTER,0,20110119,092152,43500,5
RICHTER,0,20110119,092152,43500,113
RICHTER,0,20110119,092153,43500,44
OTP,0,20110119,092154,5694,328
OTP,0,20110119,092154,5694,15
OTP,0,20110119,092154,5694,13
OTP,0,20110119,092154,5695,300
OTP,0,20110119,092154,5695,10
OTP,0,20110119,092154,5695,380
OTP,0,20110119,092154,5695,500
OTP,0,20110119,092154,5695,100
OTP,0,20110119,092154,5695,45
OTP,0,20110119,092155,5695,4
OTP,0,20110119,092155,5692,22
OTP,0,20110119,092201,5696,150
OTP,0,20110119,092201,5696,10
OTP,0,20110119,092201,5696,50
OTP,0,20110119,092201,5696,300
OTP,0,20110119,092201,5697,500
OTP,0,20110119,092201,5697,100
OTP,0,20110119,092201,5698,450
OTP,0,20110119,092201,5698,500
OTP,0,20110119,092201,5698,983
OTP,0,20110119,092201,5698,10
OTP,0,20110119,092201,5698,1000
OTP,0,20110119,092201,5699,100
OTP,0,20110119,092201,5699,500
OTP,0,20110119,092201,5699,200
OTP,0,20110119,092201,5699,30
OTP,0,20110119,092201,5699,150
OTP,0,20110119,092201,5699,200
OTP,0,20110119,092201,5699,25
OTP,0,20110119,092201,5699,800
OTP,0,20110119,092201,5700,100
OTP,0,20110119,092201,5700,250
OTP,0,20110119,092201,5700,20
OTP,0,20110119,092201,5700,1000
OTP,0,20110119,092201,5700,10
OTP,0,20110119,092201,5700,7562
OTP,0,20110119,092201,5700,17438
OTP,0,20110119,092201,5700,430
OTP,0,20110119,092201,5700,100
OTP,0,20110119,092201,5700,1000
OTP,0,20110119,092201,5700,150
OTP,0,20110119,092201,5700,80
OTP,0,20110119,092201,5700,50
OTP,0,20110119,092201,5700,150
OTP,0,20110119,092201,5700,100
OTP,0,20110119,092201,5700,500
OTP,0,20110119,092201,5700,2
OTP,0,20110119,092203,5695,100
OTP,0,20110119,092203,5697,100
OTP,0,20110119,092203,5697,100
OTP,0,20110119,092203,5700,98
OTP,0,20110119,092203,5700,230
OTP,0,20110119,092203,5700,18
OTP,0,20110119,092203,5700,50
OTP,0,20110119,092204,5700,1000
BUX1112,0,20110119,092205,23690,15
BUX1112,0,20110119,092205,23690,1
BUX1112,0,20110119,092205,23694,14
OTP,0,20110119,092206,5705,3000
MTELEKOM,0,20110119,092210,555,809
MTELEKOM,0,20110119,092210,555,191
OTP,0,20110119,092212,5700,105
OTP,0,20110119,092214,5707,20
OTP,0,20110119,092214,5708,65
OTP,0,20110119,092219,5708,1295
OTP,0,20110119,092219,5710,600
OTP,0,20110119,092219,5710,400
OTP,0,20110119,092219,5710,150
OTP,0,20110119,092219,5710,100
OTP,0,20110119,092219,5710,448
OTP,0,20110119,092219,5710,10
OTP,0,20110119,092220,5700,100
BUX1112,0,20110119,092230,23696,1
OTP,0,20110119,092231,5710,100
OTP,0,20110119,092234,5710,1900
OTP,0,20110119,092234,5710,100
OTP,0,20110119,092235,5701,100
BUX1112,0,20110119,092237,23696,3
BUX1112,0,20110119,092237,23698,1
BUX1112,0,20110119,092237,23700,10
BUX1112,0,20110119,092237,23700,10
BUX1112,0,20110119,092237,23700,4
BUX1112,0,20110119,092237,23700,4
BUX1112,0,20110119,092237,23700,3
BUX1112,0,20110119,092237,23700,10
BUX1112,0,20110119,092237,23700,8
OTP,0,20110119,092238,5710,1500
OTP,0,20110119,092239,5713,9
RICHTER,0,20110119,092247,43500,5
OTP,0,20110119,092247,5713,35
OTP,0,20110119,092247,5710,50
OTP,0,20110119,092251,5710,40
OTP,0,20110119,092251,5710,79
BUX1112,0,20110119,092255,23700,1
OTP,0,20110119,092256,5710,21
OTP,0,20110119,092256,5702,50
OTP,0,20110119,092256,5701,900
OTP,0,20110119,092256,5701,185
OTP,0,20110119,092256,5700,8099
OTP,0,20110119,092256,5700,200
OTP,0,20110119,092256,5700,20
OTP,0,20110119,092256,5700,200
OTP,0,20110119,092256,5700,87
MTELEKOM,0,20110119,092257,555,172
MTELEKOM,0,20110119,092257,555,1000
OTP,0,20110119,092258,5695,150
MTELEKOM,0,20110119,092300,555,640
OTP,0,20110119,092300,5700,10238
OTP,0,20110119,092302,5710,100
OTP,0,20110119,092302,5695,250
OTP,0,20110119,092305,5700,50
OTP,0,20110119,092306,5700,500
MTELEKOM,0,20110119,092308,555,5000
EGIS,0,20110119,092309,21210,38
FHB,0,20110119,092309,982,100
FHB,0,20110119,092309,981,199
OTP,0,20110119,092309,5705,1000
MOL,0,20110119,092309,22360,55
MOL,0,20110119,092309,22360,100
MOL,0,20110119,092309,22355,100
MOL,0,20110119,092309,22350,63
MTELEKOM,0,20110119,092309,555,3188
MTELEKOM,0,20110119,092309,554,752
MTELEKOM,0,20110119,092309,554,823
OTP,0,20110119,092310,5700,1288
MOL,0,20110119,092310,22385,1300
RICHTER,0,20110119,092310,43400,3
RICHTER,0,20110119,092310,43350,42
RICHTER,0,20110119,092310,43305,15
RICHTER,0,20110119,092310,43300,23
RICHTER,0,20110119,092310,43300,10
RICHTER,0,20110119,092310,43300,2
RICHTER,0,20110119,092310,43300,4
MOL,0,20110119,092312,22370,14
OTP,0,20110119,092315,5700,3162
OTP,0,20110119,092315,5700,13
OTP,0,20110119,092315,5700,100
OTP,0,20110119,092315,5700,3000
OTP,0,20110119,092315,5700,200
OTP,0,20110119,092315,5700,14
OTP,0,20110119,092317,5700,12
OTP,0,20110119,092317,5695,150
OTP,0,20110119,092317,5700,1999
BUX1112,0,20110119,092320,23700,2
FHB,0,20110119,092321,982,100
BUX1112,0,20110119,092322,23700,2
PHYLAXIA,0,20110119,092322,44,505
MOL,0,20110119,092322,22390,10
MOL,0,20110119,092322,22390,26
OTP,0,20110119,092325,5701,1
OTP,0,20110119,092325,5700,49
BUX1112,0,20110119,092328,23700,1
MOL,0,20110119,092328,22390,54
MOL,0,20110119,092328,22390,346
MOL,0,20110119,092329,22390,154
OTP,0,20110119,092332,5701,50
OTP,0,20110119,092332,5700,50
KEG,0,20110119,092332,135,800
OTP,0,20110119,092332,5700,10
OTP,0,20110119,092333,5700,13
OTP,0,20110119,092334,5700,1000
BUX1112,0,20110119,092336,23700,4
FHB,0,20110119,092338,985,150
OTP,0,20110119,092339,5700,260
MTELEKOM,0,20110119,092340,555,200
OTP,0,20110119,092341,5700,629
OTP,0,20110119,092341,5700,12
OTP,0,20110119,092341,5700,1359
BUX1112,0,20110119,092342,23700,20
MOL,0,20110119,092343,22395,500
MOL,0,20110119,092343,22400,31
MOL,0,20110119,092343,22400,42
MOL,0,20110119,092343,22400,91
MOL,0,20110119,092343,22400,20
MOL,0,20110119,092343,22400,50
MOL,0,20110119,092343,22400,10
MOL,0,20110119,092343,22400,40
MOL,0,20110119,092343,22400,1216
OTP,0,20110119,092343,5700,641
OTP,0,20110119,092343,5700,359
OTP,0,20110119,092343,5700,500
OTP,0,20110119,092344,5700,200
OTP,0,20110119,092344,5707,30
OTP,0,20110119,092344,5708,70
OTP,0,20110119,092344,5700,24
OTP,0,20110119,092345,5700,2687
OTP,0,20110119,092345,5700,450
MOL,0,20110119,092345,22400,250
MOL,0,20110119,092345,22400,250
MOL,0,20110119,092346,22400,1
MOL,0,20110119,092346,22400,5
MOL,0,20110119,092346,22400,244
MOL,0,20110119,092346,22400,250
MOL,0,20110119,092346,22400,250
MOL,0,20110119,092346,22400,250
MOL,0,20110119,092347,22400,250
BUX1112,0,20110119,092347,23700,6
BUX1112,0,20110119,092348,23700,2
MOL,0,20110119,092348,22400,250
MOL,0,20110119,092348,22400,250
MOL,0,20110119,092348,22400,250
MOL,0,20110119,092349,22400,250
BUX1112,0,20110119,092349,23700,9
MOL,0,20110119,092350,22400,250
OTP,0,20110119,092350,5696,2000
OTP,0,20110119,092350,5700,13
MOL,0,20110119,092351,22400,6
MOL,0,20110119,092351,22400,244
MOL,0,20110119,092354,22400,806
OTP,0,20110119,092355,5694,100
BUX1112,0,20110119,092355,23700,3
OTP,0,20110119,092400,5694,100
OTP,0,20110119,092403,5694,200
OTP,0,20110119,092403,5700,400
OTP,0,20110119,092403,5700,100
OTP,0,20110119,092404,5693,50
OTP,0,20110119,092406,5693,50
OTP,0,20110119,092406,5691,50
MTELEKOM,0,20110119,092412,555,720
BUX1112,0,20110119,092417,23675,8
BUX1112,0,20110119,092417,23670,2
BUX1112,0,20110119,092417,23670,7
BUX1112,0,20110119,092419,23670,3
FHB,0,20110119,092421,984,138
BUX1112,0,20110119,092422,23670,7
BUX1112,0,20110119,092422,23670,3
OTP,0,20110119,092423,5694,50
OTP,0,20110119,092423,5694,70
OTP,0,20110119,092424,5700,248
BUX1112,0,20110119,092424,23670,10
MOL,0,20110119,092430,22400,20
MOL,0,20110119,092430,22400,53
RICHTER,0,20110119,092430,43300,16
RICHTER,0,20110119,092430,43300,1
RICHTER,0,20110119,092430,43300,50
RICHTER,0,20110119,092430,43300,7
OTP,0,20110119,092430,5699,2000
OTP,0,20110119,092430,5700,1102
OTP,0,20110119,092430,5700,100
OTP,0,20110119,092430,5700,90
OTP,0,20110119,092430,5700,500
OTP,0,20110119,092430,5700,300
OTP,0,20110119,092430,5700,100
OTP,0,20110119,092430,5700,19
OTP,0,20110119,092430,5700,52
OTP,0,20110119,092430,5700,600
OTP,0,20110119,092430,5700,1960
OTP,0,20110119,092430,5700,20
OTP,0,20110119,092430,5700,3157
MOL,0,20110119,092430,22400,329
BUX1112,0,20110119,092433,23700,8
BUX1112,0,20110119,092433,23700,2
BUX1112,0,20110119,092435,23700,6
RICHTER,0,20110119,092440,43205,2
RICHTER,0,20110119,092440,43205,30
OTP,0,20110119,092441,5700,100
OTP,0,20110119,092441,5700,78
OTP,0,20110119,092443,5699,200
OTP,0,20110119,092443,5694,45
OTP,0,20110119,092443,5694,70
OTP,0,20110119,092443,5692,400
OTP,0,20110119,092443,5691,1074
OTP,0,20110119,092443,5691,175
OTP,0,20110119,092443,5690,36
OTP,0,20110119,092443,5690,100
OTP,0,20110119,092446,5699,174
FHB,0,20110119,092451,985,50
OTP,0,20110119,092456,5699,100
PANNERGY,0,20110119,092457,922,20
OTP,0,20110119,092459,5695,150
OTP,0,20110119,092459,5691,350
MOL,0,20110119,092502,22420,10
MOL,0,20110119,092502,22420,24
RICHTER,0,20110119,092502,43205,5
OTP,0,20110119,092505,5691,120
OTP,0,20110119,092506,5691,100
MOL,0,20110119,092508,22420,26
MOL,0,20110119,092508,22420,5
OTP,0,20110119,092508,5692,310
OTP,0,20110119,092509,5692,70
MOL,0,20110119,092511,22420,32
MOL,0,20110119,092511,22400,68
OTP,0,20110119,092513,5692,1620
OTP,0,20110119,092513,5690,864
OTP,0,20110119,092513,5690,136
MOL,0,20110119,092513,22400,3
MOL,0,20110119,092513,22400,97
OTP,0,20110119,092515,5698,600
OTP,0,20110119,092515,5699,226
OTP,0,20110119,092515,5699,500
OTP,0,20110119,092515,5699,2000
OTP,0,20110119,092515,5699,25
OTP,0,20110119,092515,5699,200
OTP,0,20110119,092515,5700,665
OTP,0,20110119,092515,5700,400
OTP,0,20110119,092515,5700,60
OTP,0,20110119,092515,5700,24
RICHTER,0,20110119,092521,43205,5
MTELEKOM,0,20110119,092526,555,4080
MTELEKOM,0,20110119,092526,555,288
MTELEKOM,0,20110119,092526,555,481
RABA,0,20110119,092529,849,200
OTP,0,20110119,092530,5698,40
OTP,0,20110119,092530,5698,50
OTP,0,20110119,092532,5698,350
OTP,0,20110119,092536,5698,1
MOL,0,20110119,092542,22400,7
OTP,0,20110119,092556,5698,300
BUX1112,0,20110119,092601,23680,5
BUX1112,0,20110119,092601,23671,3
BUX1112,0,20110119,092601,23670,2
OTP,0,20110119,092606,5692,2000
OTP,0,20110119,092606,5691,1000
OTP,0,20110119,092606,5690,864
OTP,0,20110119,092606,5690,530
OTP,0,20110119,092606,5690,1000
OTP,0,20110119,092606,5690,500
OTP,0,20110119,092606,5690,100
OTP,0,20110119,092606,5690,80
OTP,0,20110119,092606,5690,362
OTP,0,20110119,092606,5690,500
OTP,0,20110119,092606,5690,300
OTP,0,20110119,092606,5690,100
OTP,0,20110119,092606,5690,50
OTP,0,20110119,092613,5690,85
OTP,0,20110119,092613,5690,500
OTP,0,20110119,092615,5690,2029
OTP,0,20110119,092615,5690,303
OTP,0,20110119,092616,5692,15
OTP,0,20110119,092616,5690,282
OTP,0,20110119,092616,5689,703
OTP,0,20110119,092618,5689,297
OTP,0,20110119,092621,5689,1703
OTP,0,20110119,092633,5690,10
OTP,0,20110119,092633,5685,75
OTP,0,20110119,092633,5681,48
MOL,0,20110119,092633,22430,8
RICHTER,0,20110119,092634,43205,5
MOL,0,20110119,092636,22400,296
MOL,0,20110119,092636,22400,4
OTP,0,20110119,092638,5690,20
OTP,0,20110119,092638,5690,590
OTP,0,20110119,092638,5695,400
OTP,0,20110119,092638,5695,679
OTP,0,20110119,092638,5697,100
OTP,0,20110119,092638,5697,500
OTP,0,20110119,092638,5697,300
OTP,0,20110119,092638,5697,200
OTP,0,20110119,092638,5698,50
OTP,0,20110119,092638,5698,1000
OTP,0,20110119,092638,5698,361
MOL,0,20110119,092641,22400,49
KEG,0,20110119,092642,135,800
OTP,0,20110119,092642,5698,30
OTP,0,20110119,092642,5698,20
OTP,0,20110119,092649,5690,200
RICHTER,0,20110119,092651,43205,12
BUX1112,0,20110119,092652,23680,1
BUX1112,0,20110119,092652,23688,2
BUX1112,0,20110119,092652,23689,4
BUX1112,0,20110119,092652,23690,4
OTP,0,20110119,092656,5690,85
OTP,0,20110119,092704,5690,915
OTP,0,20110119,092704,5690,1000
OTP,0,20110119,092704,5690,85
OTP,0,20110119,092705,5690,200
OTP,0,20110119,092705,5690,2500
OTP,0,20110119,092707,5690,215
BUX1112,0,20110119,092708,23661.5,1
OTP,0,20110119,092710,5690,785
OTP,0,20110119,092710,5690,715
OTP,0,20110119,092711,5690,20
OTP,0,20110119,092713,5690,150
OTP,0,20110119,092713,5685,200
RICHTER,0,20110119,092716,43205,75
OTP,0,20110119,092716,5690,625
OTP,0,20110119,092716,5690,200
OTP,0,20110119,092716,5690,89
OTP,0,20110119,092716,5690,70
MOL,0,20110119,092717,22395,500
OTP,0,20110119,092717,5690,300
MTELEKOM,0,20110119,092718,555,668
MTELEKOM,0,20110119,092718,555,3147
OTP,0,20110119,092719,5690,50
OTP,0,20110119,092722,5690,166
OTP,0,20110119,092724,5690,1100
OTP,0,20110119,092724,5690,1234
RICHTER,0,20110119,092725,43205,20
RICHTER,0,20110119,092725,43205,30
MOL,0,20110119,092726,22390,246
OTP,0,20110119,092727,5690,100
BUX1112,0,20110119,092729,23662,2
BUX1112,0,20110119,092729,23661,5
BUX1112,0,20110119,092729,23661,10
BUX1112,0,20110119,092729,23660,20
BUX1112,0,20110119,092729,23654.5,5
BUX1112,0,20110119,092729,23651,3
BUX1112,0,20110119,092729,23651,4
BUX1112,0,20110119,092729,23650,1
MOL,0,20110119,092731,22390,54
MOL,0,20110119,092731,22400,251
MOL,0,20110119,092731,22400,95
RICHTER,0,20110119,092733,43205,3
OTP,0,20110119,092734,5690,13
OTP,0,20110119,092735,5691,20
OTP,0,20110119,092735,5690,153
OTP,0,20110119,092735,5690,7
OTP,0,20110119,092736,5690,500
RICHTER,0,20110119,092738,43205,50
OTP,0,20110119,092740,5690,1493
OTP,0,20110119,092740,5690,2000
RFV,0,20110119,092742,8645,4
RICHTER,0,20110119,092743,43205,30
OTP,0,20110119,092745,5690,1507
MOL,0,20110119,092745,22400,105
MOL,0,20110119,092745,22400,24
MOL,0,20110119,092745,22400,271
KEG,0,20110119,092746,135,500
OTP,0,20110119,092750,5690,1000
OTP,0,20110119,092750,5690,2000
RICHTER,0,20110119,092752,43205,20
MOL,0,20110119,092755,22400,400
OTP,0,20110119,092756,5689,10
OTP,0,20110119,092757,5688,100
OTP,0,20110119,092758,5689,35
OTP,0,20110119,092759,5685,2800
OTP,0,20110119,092759,5685,1200
RICHTER,0,20110119,092802,43205,30
RICHTER,0,20110119,092802,43205,10
RICHTER,0,20110119,092803,43205,6
OTP,0,20110119,092803,5688,399
RICHTER,0,20110119,092806,43205,20
RABA,0,20110119,092806,849,400
RABA,0,20110119,092806,849,50
RABA,0,20110119,092806,849,250
RICHTER,0,20110119,092807,43205,5
BUX1112,0,20110119,092809,23651,10
BUX1112,0,20110119,092809,23651,1
BUX1112,0,20110119,092809,23650,2
BUX1112,0,20110119,092809,23650,27
OTP,0,20110119,092810,5688,100
RICHTER,0,20110119,092813,43200,5
RICHTER,0,20110119,092813,43200,100
OTP,0,20110119,092814,5688,10
OTP,0,20110119,092814,5685,279
OTP,0,20110119,092814,5688,2
RABA,0,20110119,092816,849,279
MOL,0,20110119,092824,22400,329
MOL,0,20110119,092824,22400,71
RICHTER,0,20110119,092824,43200,2
RICHTER,0,20110119,092824,43205,10
RICHTER,0,20110119,092829,43205,3
OTP,0,20110119,092829,5688,10
BUX1112,0,20110119,092830,23650,10
BUX1112,0,20110119,092830,23650,63
OTP,0,20110119,092830,5685,21
OTP,0,20110119,092830,5685,587
OTP,0,20110119,092835,5688,24
EGIS,0,20110119,092835,21210,12
EGIS,0,20110119,092835,21205,15
EGIS,0,20110119,092835,21200,11
FHB,0,20110119,092835,985,299
MOL,0,20110119,092835,22370,247
MOL,0,20110119,092835,22370,51
MOL,0,20110119,092835,22360,5
MOL,0,20110119,092835,22360,15
MTELEKOM,0,20110119,092836,555,185
MTELEKOM,0,20110119,092836,555,1726
MTELEKOM,0,20110119,092836,555,1653
MTELEKOM,0,20110119,092836,554,630
MTELEKOM,0,20110119,092836,554,200
MTELEKOM,0,20110119,092836,554,200
MTELEKOM,0,20110119,092836,554,169
OTP,0,20110119,092836,5685,399
OTP,0,20110119,092836,5685,889
RICHTER,0,20110119,092836,43125,30
RICHTER,0,20110119,092836,43110,20
RICHTER,0,20110119,092836,43105,5
RICHTER,0,20110119,092836,43100,44
OTP,0,20110119,092841,5685,50
SYNERGON,0,20110119,092843,540,35
SYNERGON,0,20110119,092843,540,450
OTP,0,20110119,092843,5685,561
OTP,0,20110119,092843,5685,1500
OTP,0,20110119,092849,5685,100
BUX1112,0,20110119,092849,23642,2
MOL,0,20110119,092851,22395,2
MTELEKOM,0,20110119,092853,554,81
MTELEKOM,0,20110119,092853,554,280
BUX1112,0,20110119,092853,23640,1
BUX1112,0,20110119,092853,23638,1
BUX1112,0,20110119,092857,23640,5
OTP,0,20110119,092900,5685,30
OTP,0,20110119,092904,5685,1809
OTP,0,20110119,092904,5685,121
OTP,0,20110119,092904,5685,20
MTELEKOM,0,20110119,092908,555,1000
OTP,0,20110119,092910,5688,150
OTP,0,20110119,092910,5681,101
MOL,0,20110119,092912,22370,10
MOL,0,20110119,092912,22360,90
BUX1112,0,20110119,092922,23650,37
OTP,0,20110119,092924,5685,10
OTP,0,20110119,092924,5681,50
OTP,0,20110119,092924,5681,21
OTP,0,20110119,092925,5688,50
RFV,0,20110119,092925,8520,8
OTP,0,20110119,092927,5685,50
OTP,0,20110119,092928,5685,50
OTP,0,20110119,092932,5685,250
OTP,0,20110119,092932,5688,50
EGIS,0,20110119,092934,21295,50
OTP,0,20110119,092934,5681,100
OTP,0,20110119,092936,5681,300
OTP,0,20110119,092936,5688,10
OTP,0,20110119,092937,5688,21
OTP,0,20110119,092940,5688,100
BUX1112,0,20110119,092942,23675,1
BUX1112,0,20110119,092942,23675,9
OTP,0,20110119,092946,5682,400
MOL,0,20110119,092957,22370,20
OTP,0,20110119,093002,5682,60
OTP,0,20110119,093003,5687,200
MOL,0,20110119,093005,22370,10
PANNERGY,0,20110119,093014,922,216
PANNERGY,0,20110119,093014,924,1784
OTP,0,20110119,093017,5682,557
OTP,0,20110119,093017,5687,800
OTP,0,20110119,093017,5687,680
RFV,0,20110119,093017,8520,492
OTP,0,20110119,093026,5688,74
OTP,0,20110119,093026,5688,33
OTP,0,20110119,093026,5688,500
OTP,0,20110119,093026,5689,400
OTP,0,20110119,093026,5689,1000
OTP,0,20110119,093026,5690,3200
OTP,0,20110119,093026,5690,200
OTP,0,20110119,093026,5690,530
OTP,0,20110119,093026,5690,500
BUX1112,0,20110119,093028,23660,5
BUX1112,0,20110119,093028,23655,5
BUX1112,0,20110119,093028,23653,5
BUX1112,0,20110119,093028,23651,5
RICHTER,0,20110119,093031,43200,6
OTP,0,20110119,093033,5690,100
RICHTER,0,20110119,093034,43200,40
BUX1112,0,20110119,093035,23652,5
BUX1112,0,20110119,093035,23651,1
BUX1112,0,20110119,093035,23650,14
OTP,0,20110119,093036,5690,200
MOL,0,20110119,093043,22370,170
MOL,0,20110119,093043,22360,95
MOL,0,20110119,093043,22350,135
MOL,0,20110119,093043,22350,100
OTP,0,20110119,093044,5691,54
OTP,0,20110119,093044,5691,250
OTP,0,20110119,093045,5693,150
OTP,0,20110119,093045,5693,200
OTP,0,20110119,093045,5694,500
OTP,0,20110119,093045,5694,54
OTP,0,20110119,093045,5691,9
OTP,0,20110119,093050,5695,400
OTP,0,20110119,093050,5695,100
OTP,0,20110119,093050,5695,1000
OTP,0,20110119,093050,5695,500
OTP,0,20110119,093051,5691,1115
OTP,0,20110119,093051,5690,263
OTP,0,20110119,093051,5690,1500
OTP,0,20110119,093051,5690,2000
OTP,0,20110119,093051,5690,950
OTP,0,20110119,093051,5690,3511
OTP,0,20110119,093052,5690,661
OTP,0,20110119,093052,5694,9
OTP,0,20110119,093052,5695,1500
OTP,0,20110119,093052,5695,11
OTP,0,20110119,093054,5695,200
OTP,0,20110119,093054,5695,500
OTP,0,20110119,093056,5695,630
OTP,0,20110119,093102,5693,100
OTP,0,20110119,093103,5696,100
OTP,0,20110119,093105,5693,900
FHB,0,20110119,093106,985,5
RICHTER,0,20110119,093112,43200,124
OTP,0,20110119,093116,5690,10
RFV,0,20110119,093117,8550,141
RFV,0,20110119,093117,8500,15
RFV,0,20110119,093117,8500,250
OTP,0,20110119,093119,5693,10
OTP,0,20110119,093121,5690,200
OTP,0,20110119,093139,5690,200
SYNERGON,0,20110119,093146,538,50
RICHTER,0,20110119,093155,43200,20
OTP,0,20110119,093159,5690,1020
OTP,0,20110119,093159,5690,1280
OTP,0,20110119,093203,5693,10
BUX1112,0,20110119,093206,23675,5
BUX1112,0,20110119,093206,23678,3
OTP,0,20110119,093208,5691,400
PANNERGY,0,20110119,093208,924,116
PANNERGY,0,20110119,093208,925,55
PANNERGY,0,20110119,093208,925,179
OTP,0,20110119,093223,5691,1600
OTP,0,20110119,093223,5691,300
BUX1112,0,20110119,093231,23677,1
BUX1112,0,20110119,093231,23678,9
OTP,0,20110119,093233,5693,10
OTP,0,20110119,093234,5693,70
OTP,0,20110119,093234,5695,183
OTP,0,20110119,093236,5691,100
SYNERGON,0,20110119,093246,536,20
MOL,0,20110119,093249,22370,80
OTP,0,20110119,093251,5691,150
BUX1112,0,20110119,093253,23678,8
FHB,0,20110119,093256,985,100
OTP,0,20110119,093257,5695,100
BUX1112,0,20110119,093301,23680,2
OTP,0,20110119,093302,5693,20
OTP,0,20110119,093302,5694,80
OTP,0,20110119,093306,5694,1920
OTP,0,20110119,093307,5692,100
MTELEKOM,0,20110119,093310,555,270
RICHTER,0,20110119,093311,43200,200
OTP,0,20110119,093311,5695,17
OTP,0,20110119,093311,5695,250
OTP,0,20110119,093311,5694,520
OTP,0,20110119,093311,5692,480
MTELEKOM,0,20110119,093316,555,1500
OTP,0,20110119,093316,5696,100
OTP,0,20110119,093316,5697,5000
MOL,0,20110119,093317,22390,2000
OTP,0,20110119,093318,5693,38
OTP,0,20110119,093318,5698,200
OTP,0,20110119,093318,5698,22
OTP,0,20110119,093318,5699,70
OTP,0,20110119,093318,5699,23
OTP,0,20110119,093318,5699,100
OTP,0,20110119,093318,5699,100
OTP,0,20110119,093318,5699,360
OTP,0,20110119,093318,5699,5000
OTP,0,20110119,093318,5699,400
OTP,0,20110119,093318,5699,400
OTP,0,20110119,093318,5699,25
OTP,0,20110119,093318,5699,120
OTP,0,20110119,093318,5700,5299
OTP,0,20110119,093318,5700,500
OTP,0,20110119,093318,5700,250
OTP,0,20110119,093318,5700,200
OTP,0,20110119,093318,5700,100
OTP,0,20110119,093318,5700,77
OTP,0,20110119,093318,5700,10000
OTP,0,20110119,093318,5700,101
OTP,0,20110119,093318,5700,3000
OTP,0,20110119,093318,5700,3615
GENESIS,0,20110119,093320,217,380
OTP,0,20110119,093322,5692,10
OTP,0,20110119,093322,5700,6385
OTP,0,20110119,093322,5700,10
OTP,0,20110119,093322,5700,91
OTP,0,20110119,093322,5700,800
OTP,0,20110119,093322,5700,2000
OTP,0,20110119,093322,5700,100
OTP,0,20110119,093322,5700,5000
OTP,0,20110119,093322,5700,12
OTP,0,20110119,093322,5700,300
OTP,0,20110119,093322,5700,100
OTP,0,20110119,093322,5700,80
OTP,0,20110119,093322,5700,110
OTP,0,20110119,093322,5700,30
OTP,0,20110119,093322,5700,25
OTP,0,20110119,093322,5700,566
OTP,0,20110119,093323,5700,5000
KEG,0,20110119,093328,136,984
KEG,0,20110119,093328,136,1000
KEG,0,20110119,093328,136,16
OTP,0,20110119,093329,5700,5000
RICHTER,0,20110119,093332,43205,28
MOL,0,20110119,093340,22370,7
OTP,0,20110119,093340,5700,25
OTP,0,20110119,093341,5701,100
OTP,0,20110119,093341,5705,100
BUX1112,0,20110119,093344,23685,7
BUX1112,0,20110119,093344,23688,5
BUX1112,0,20110119,093344,23690,15
OTP,0,20110119,093346,5705,300
OTP,0,20110119,093346,5707,1000
OTP,0,20110119,093346,5708,80
MTELEKOM,0,20110119,093348,555,2000
EGIS,0,20110119,093348,21205,12
EGIS,0,20110119,093348,21200,22
EGIS,0,20110119,093348,21200,4
FHB,0,20110119,093348,985,46
FHB,0,20110119,093348,983,150
FHB,0,20110119,093348,982,100
FHB,0,20110119,093348,982,3
MOL,0,20110119,093348,22370,113
MOL,0,20110119,093348,22370,51
MOL,0,20110119,093348,22370,51
MOL,0,20110119,093348,22350,103
MTELEKOM,0,20110119,093349,554,2050
MTELEKOM,0,20110119,093349,554,500
MTELEKOM,0,20110119,093349,554,1000
MTELEKOM,0,20110119,093349,554,350
MTELEKOM,0,20110119,093349,554,863
FHB,0,20110119,093349,986,50
FHB,0,20110119,093349,986,250
OTP,0,20110119,093349,5701,1288
RICHTER,0,20110119,093349,43200,54
RICHTER,0,20110119,093349,43170,10
RICHTER,0,20110119,093349,43165,2
RICHTER,0,20110119,093349,43165,10
RICHTER,0,20110119,093349,43150,23
BUX1112,0,20110119,093351,23697.5,10
BUX1112,0,20110119,093351,23690,10
OTP,0,20110119,093355,5701,112
BUX1112,0,20110119,093355,23690,5
BUX1112,0,20110119,093357,23690,7
OTP,0,20110119,093400,5702,200
MTELEKOM,0,20110119,093401,555,230
MTELEKOM,0,20110119,093401,555,2418
MTELEKOM,0,20110119,093401,555,352
MOL,0,20110119,093406,22375,50
OTP,0,20110119,093407,5700,28500
OTP,0,20110119,093409,5702,150
OTP,0,20110119,093409,5705,10
OTP,0,20110119,093409,5705,10
OTP,0,20110119,093409,5708,80
OTP,0,20110119,093410,5702,100
OTP,0,20110119,093413,5706,61
OTP,0,20110119,093413,5708,840
OTP,0,20110119,093413,5709,20
OTP,0,20110119,093413,5709,79
OTP,0,20110119,093415,5702,10
OTP,0,20110119,093418,5702,400
OTP,0,20110119,093418,5702,140
OTP,0,20110119,093418,5701,20
OTP,0,20110119,093418,5701,200
OTP,0,20110119,093418,5700,570
MOL,0,20110119,093421,22370,168
OTP,0,20110119,093425,5700,3
OTP,0,20110119,093427,5700,135
OTP,0,20110119,093431,5705,70
MOL,0,20110119,093432,22350,47
MOL,0,20110119,093432,22350,4
OTP,0,20110119,093432,5700,3000
OTP,0,20110119,093435,5700,5000
OTP,0,20110119,093435,5700,200
OTP,0,20110119,093437,5700,1067
OTP,0,20110119,093438,5700,100
OTP,0,20110119,093439,5700,9
MOL,0,20110119,093441,22350,49
MTELEKOM,0,20110119,093442,554,137
MTELEKOM,0,20110119,093442,554,5700
MTELEKOM,0,20110119,093442,554,550
MTELEKOM,0,20110119,093442,554,910
MTELEKOM,0,20110119,093442,554,2000
EBGOLD,0,20110119,093446,2790,36
OTP,0,20110119,093449,5695,25
OTP,0,20110119,093449,5695,392
OTP,0,20110119,093451,5699,200
EGIS,0,20110119,093451,21285,95
OTP,0,20110119,093452,5699,60
OTP,0,20110119,093454,5695,83
OTP,0,20110119,093454,5695,17
OTP,0,20110119,093454,5695,23
OTP,0,20110119,093455,5695,27
OTP,0,20110119,093455,5699,973
OTP,0,20110119,093458,5694,190
OTP,0,20110119,093458,5693,100
OTP,0,20110119,093458,5691,50
OTP,0,20110119,093458,5690,233
OTP,0,20110119,093502,5699,600
OTP,0,20110119,093506,5699,30
OTP,0,20110119,093507,5699,100
MTELEKOM,0,20110119,093507,554,500
OTP,0,20110119,093509,5699,10
OTP,0,20110119,093512,5699,15
RICHTER,0,20110119,093514,43450,3
OTP,0,20110119,093518,5695,200
BUX1112,0,20110119,093522,23670,2
BUX1112,0,20110119,093522,23665,3
OTP,0,20110119,093526,5695,800
MOL,0,20110119,093528,22370,132
MOL,0,20110119,093528,22375,68
OTP,0,20110119,093530,5691,20
OTP,0,20110119,093530,5690,50
OTP,0,20110119,093530,5690,54
MTELEKOM,0,20110119,093535,554,203
MTELEKOM,0,20110119,093535,555,77
OTP,0,20110119,093539,5690,1663
OTP,0,20110119,093539,5690,312
OTP,0,20110119,093539,5690,2000
OTP,0,20110119,093540,5698,10
OTP,0,20110119,093542,5698,5
OTP,0,20110119,093544,5698,172
BUX1112,0,20110119,093553,23675,10
BUX1112,0,20110119,093555,23675,10
OTP,0,20110119,093558,5690,70
OTP,0,20110119,093558,5690,130
OTP,0,20110119,093601,5690,187
MTELEKOM,0,20110119,093601,555,75
MTELEKOM,0,20110119,093601,555,125
OTP,0,20110119,093609,5695,20
BUX1112,0,20110119,093609,23675,2
OTP,0,20110119,093611,5690,1000
OTP,0,20110119,093613,5695,60
MOL,0,20110119,093614,22375,52
OTP,0,20110119,093619,5698,200
OTP,0,20110119,093633,5695,20
OTP,0,20110119,093633,5690,10
MTELEKOM,0,20110119,093637,555,543
MTELEKOM,0,20110119,093637,555,285
OTP,0,20110119,093642,5690,15
OTP,0,20110119,093642,5695,8
OTP,0,20110119,093643,5690,2
SYNERGON,0,20110119,093651,536,30
SYNERGON,0,20110119,093651,536,1500
OTP,0,20110119,093652,5690,560
OTP,0,20110119,093654,5695,20
OTP,0,20110119,093654,5690,96
OTP,0,20110119,093654,5690,54
MTELEKOM,0,20110119,093655,555,1000
MTELEKOM,0,20110119,093657,554,10000
SYNERGON,0,20110119,093702,535,1000
SYNERGON,0,20110119,093702,533,100
SYNERGON,0,20110119,093702,533,15
SYNERGON,0,20110119,093702,533,1000
SYNERGON,0,20110119,093702,530,900
SYNERGON,0,20110119,093702,530,100
OTP,0,20110119,093704,5691,160
RABA,0,20110119,093706,850,220
RABA,0,20110119,093706,850,53
RABA,0,20110119,093706,850,235
OTP,0,20110119,093713,5691,300
RABA,0,20110119,093719,850,212
RABA,0,20110119,093719,850,14
RABA,0,20110119,093719,850,30
RABA,0,20110119,093719,850,350
RABA,0,20110119,093719,850,200
RABA,0,20110119,093719,851,100
RABA,0,20110119,093719,852,94
OTP,0,20110119,093720,5693,20
OTP,0,20110119,093720,5695,480
OTP,0,20110119,093720,5695,2000
BUX1112,0,20110119,093726,23696.5,3
BUX1112,0,20110119,093726,23697,1
BUX1112,0,20110119,093726,23698,1
RICHTER,0,20110119,093731,43450,2
RABA,0,20110119,093736,852,206
RABA,0,20110119,093736,852,94
FOTEX,0,20110119,093737,387,150
OTP,0,20110119,093747,5695,1000
OTP,0,20110119,093748,5697,16
MTELEKOM,0,20110119,093751,555,715
MTELEKOM,0,20110119,093751,555,285
OTP,0,20110119,093802,5697,29
OTP,0,20110119,093806,5695,500
BUX1112,0,20110119,093806,23698,1
OTP,0,20110119,093806,5697,100
OTP,0,20110119,093809,5697,278
MTELEKOM,0,20110119,093810,554,400
OTP,0,20110119,093815,5697,50
OTP,0,20110119,093815,5695,70
OTP,0,20110119,093818,5695,300
RABA,0,20110119,093820,852,6
RABA,0,20110119,093820,852,100
RABA,0,20110119,093820,852,140
OTP,0,20110119,093823,5695,10
OTP,0,20110119,093823,5695,860
OTP,0,20110119,093827,5697,27
OTP,0,20110119,093827,5697,73
GENESIS,0,20110119,093828,218,340
GENESIS,0,20110119,093828,218,160
MTELEKOM,0,20110119,093833,553,1000
MTELEKOM,0,20110119,093834,554,2000
OTP,0,20110119,093837,5695,19
RICHTER,0,20110119,093849,43450,3
OTP,0,20110119,093849,5695,50
OTP,0,20110119,093849,5695,141
OTP,0,20110119,093849,5695,9
BUX1112,0,20110119,093851,23697,1
OTP,0,20110119,093851,5695,45
OTP,0,20110119,093851,5695,32
OTP,0,20110119,093856,5695,300
OTP,0,20110119,093859,5695,50
PANNERGY,0,20110119,093901,924,1200
GENESIS,0,20110119,093907,218,40
OTP,0,20110119,093912,5695,373
OTP,0,20110119,093912,5695,127
AAA,0,20110119,093920,254,100
AAA,0,20110119,093920,254,150
AAA,0,20110119,093920,258,150
AAA,0,20110119,093920,259,190
AAA,0,20110119,093920,259,500
AAA,0,20110119,093920,259,2000
AAA,0,20110119,093920,260,5000
KEG,0,20110119,093923,135,140
KEG,0,20110119,093923,135,50
OTP,0,20110119,093927,5693,44
OTP,0,20110119,093927,5692,100
OTP,0,20110119,093927,5691,1240
OTP,0,20110119,093927,5691,672
OTP,0,20110119,093927,5690,146
OTP,0,20110119,093927,5690,50
OTP,0,20110119,093927,5690,748
ZWACK,0,20110119,093931,13020,5
ZWACK,0,20110119,093931,13015,10
ZWACK,0,20110119,093931,13010,5
BUX1112,0,20110119,093931,23697,5
OTP,0,20110119,093934,5693,2000
OTP,0,20110119,093934,5690,1000
MTELEKOM,0,20110119,093938,554,2600
OTP,0,20110119,093938,5690,1000
OTP,0,20110119,093939,5690,2252
OTP,0,20110119,093939,5690,748
MTELEKOM,0,20110119,093939,554,1000
OTP,0,20110119,093939,5690,40
OTP,0,20110119,093945,5690,2212
OTP,0,20110119,093945,5690,20
OTP,0,20110119,093945,5690,170
OTP,0,20110119,093945,5690,20
OTP,0,20110119,093945,5690,2578
OTP,0,20110119,093949,5690,422
OTP,0,20110119,093949,5690,10
OTP,0,20110119,093949,5690,1000
BUX1112,0,20110119,093951,23690,1
BUX1112,0,20110119,093951,23690,5
BUX1112,0,20110119,093951,23685,7
BUX1112,0,20110119,093953,23697,14
BUX1112,0,20110119,093953,23698,3
BUX1112,0,20110119,093953,23699,3
BUX1112,0,20110119,093953,23699,3
BUX1112,0,20110119,093953,23699,1
BUX1112,0,20110119,093953,23700,10
BUX1112,0,20110119,093953,23700,10
BUX1112,0,20110119,093953,23700,6
OTP,0,20110119,094002,5690,7
BUX1112,0,20110119,094007,23700,3
OTP,0,20110119,094013,5690,100
OTP,0,20110119,094016,5690,461
OTP,0,20110119,094016,5690,1539
OTP,0,20110119,094020,5685,50
FHB,0,20110119,094026,985,200
SYNERGON,0,20110119,094029,537,1
OTP,0,20110119,094037,5685,25
GENESIS,0,20110119,094039,219,150
OTP,0,20110119,094047,5685,100
MOL,0,20110119,094055,22380,49
OTP,0,20110119,094057,5685,139
OTP,0,20110119,094057,5685,15
OTP,0,20110119,094057,5685,8
OTP,0,20110119,094057,5682,238
OTP,0,20110119,094057,5689,1
RFV,0,20110119,094058,8500,100
RFV,0,20110119,094058,8500,250
OTP,0,20110119,094103,5682,200
OTP,0,20110119,094105,5689,100
OTP,0,20110119,094112,5682,1062
OTP,0,20110119,094112,5681,30
OTP,0,20110119,094112,5681,100
OTP,0,20110119,094112,5681,1000
OTP,0,20110119,094112,5680,5000
OTP,0,20110119,094112,5680,100
OTP,0,20110119,094112,5680,343
OTP,0,20110119,094112,5680,21
OTP,0,20110119,094112,5680,21
OTP,0,20110119,094112,5680,8
OTP,0,20110119,094112,5680,17
OTP,0,20110119,094112,5680,100
OTP,0,20110119,094112,5680,50
OTP,0,20110119,094112,5680,3
OTP,0,20110119,094112,5680,75
OTP,0,20110119,094112,5680,120
OTP,0,20110119,094112,5680,720
OTP,0,20110119,094112,5680,3000
OTP,0,20110119,094112,5680,200
OTP,0,20110119,094112,5680,10
OTP,0,20110119,094112,5680,85
OTP,0,20110119,094112,5680,570
OTP,0,20110119,094112,5680,55
OTP,0,20110119,094112,5680,20
OTP,0,20110119,094112,5680,282
OTP,0,20110119,094112,5680,4400
OTP,0,20110119,094112,5680,1200
OTP,0,20110119,094112,5680,200
OTP,0,20110119,094112,5680,10
OTP,0,20110119,094112,5675,75
MTELEKOM,0,20110119,094113,554,1
MOL,0,20110119,094115,22380,1
MOL,0,20110119,094115,22395,49
MOL,0,20110119,094119,22375,148
MOL,0,20110119,094119,22375,49
MOL,0,20110119,094119,22375,48
OTP,0,20110119,094119,5680,120
BUX1112,0,20110119,094119,23685,2
OTP,0,20110119,094119,5680,70
OTP,0,20110119,094120,5675,75
OTP,0,20110119,094120,5675,925
BUX1112,0,20110119,094124,23685,8
BUX1112,0,20110119,094124,23685,1
BUX1112,0,20110119,094126,23680,20
KEG,0,20110119,094127,134,3520
KEG,0,20110119,094127,134,2480
OTP,0,20110119,094129,5675,75
OTP,0,20110119,094129,5675,10
OTP,0,20110119,094129,5675,35
OTP,0,20110119,094129,5675,30
OTP,0,20110119,094140,5675,70
OTP,0,20110119,094140,5675,400
OTP,0,20110119,094140,5672,38
OTP,0,20110119,094140,5672,100
MTELEKOM,0,20110119,094146,553,1000
OTP,0,20110119,094146,5675,30
BUX1112,0,20110119,094147,23690,1
EGIS,0,20110119,094150,21285,55
OTP,0,20110119,094150,5675,70
OTP,0,20110119,094151,5679,350
BUX1112,0,20110119,094155,23690,1
MOL,0,20110119,094156,22380,5
OTP,0,20110119,094157,5679,250
OTP,0,20110119,094157,5680,1810
OTP,0,20110119,094159,5688,500
MOL,0,20110119,094203,22380,4
MOL,0,20110119,094203,22350,151
MOL,0,20110119,094203,22350,100
MOL,0,20110119,094203,22350,25
MOL,0,20110119,094203,22350,100
RABA,0,20110119,094211,854,161
RABA,0,20110119,094211,855,239
MOL,0,20110119,094212,22350,120
OTP,0,20110119,094216,5688,100
MTELEKOM,0,20110119,094217,554,3999
MTELEKOM,0,20110119,094217,553,3000
MTELEKOM,0,20110119,094217,553,500
MTELEKOM,0,20110119,094217,553,250
MTELEKOM,0,20110119,094217,553,1000
MTELEKOM,0,20110119,094217,553,250
BUX1112,0,20110119,094221,23675,7
OTP,0,20110119,094225,5681,15
OTP,0,20110119,094225,5681,930
OTP,0,20110119,094225,5680,55
OTP,0,20110119,094236,5688,50
ECONET,0,20110119,094240,89,3000
ECONET,0,20110119,094240,89,1400
MTELEKOM,0,20110119,094246,554,1000
OTP,0,20110119,094248,5685,50
SYNERGON,0,20110119,094251,537,1
BUX1112,0,20110119,094255,23695,1
BUX1112,0,20110119,094256,23675,13
OTP,0,20110119,094257,5685,50
RABA,0,20110119,094257,855,161
RABA,0,20110119,094257,855,39
OTP,0,20110119,094319,5685,200
BUX1112,0,20110119,094319,23676,1
BUX1112,0,20110119,094319,23675,4
MOL,0,20110119,094322,22365,5
OTP,0,20110119,094323,5682,142
MTELEKOM,0,20110119,094324,554,900
OTP,0,20110119,094324,5688,150
OTP,0,20110119,094324,5688,1000
OTP,0,20110119,094330,5688,20
FOTEX,0,20110119,094336,385,400
FOTEX,0,20110119,094336,385,500
FOTEX,0,20110119,094336,385,200
AAA,0,20110119,094337,263,100
AAA,0,20110119,094337,263,1052
AAA,0,20110119,094337,264,1500
AAA,0,20110119,094337,264,150
AAA,0,20110119,094337,264,1500
AAA,0,20110119,094337,265,198
OTP,0,20110119,094340,5689,125
OTP,0,20110119,094344,5689,100
KEG,0,20110119,094346,135,1000
OTP,0,20110119,094347,5689,100
EGIS,0,20110119,094348,21280,3
SYNERGON,0,20110119,094354,537,168
ZWACK,0,20110119,094354,13010,5
OTP,0,20110119,094356,5689,50
MTELEKOM,0,20110119,094400,553,660
MTELEKOM,0,20110119,094400,553,500
MTELEKOM,0,20110119,094400,553,1000
MTELEKOM,0,20110119,094400,553,500
MTELEKOM,0,20110119,094400,553,5340
OTP,0,20110119,094404,5688,19
MOL,0,20110119,094406,22370,6
RABA,0,20110119,094407,855,220
RABA,0,20110119,094407,855,50
RABA,0,20110119,094407,855,30
RABA,0,20110119,094407,855,100
RABA,0,20110119,094407,856,500
RABA,0,20110119,094407,856,100
RABA,0,20110119,094407,856,54
RABA,0,20110119,094407,857,46
OTP,0,20110119,094409,5688,284
OTP,0,20110119,094409,5685,1000
OTP,0,20110119,094409,5685,216
OTP,0,20110119,094410,5689,300
FOTEX,0,20110119,094411,385,500
OTP,0,20110119,094412,5685,50
RABA,0,20110119,094417,857,104
RABA,0,20110119,094417,857,100
RABA,0,20110119,094417,857,60
RABA,0,20110119,094417,858,70
RABA,0,20110119,094417,859,200
RABA,0,20110119,094417,859,221
RABA,0,20110119,094417,859,245
OTP,0,20110119,094417,5687,15
OTP,0,20110119,094417,5688,10
OTP,0,20110119,094417,5688,60
ZWACK,0,20110119,094419,13010,5
OTP,0,20110119,094423,5685,100
SYNERGON,0,20110119,094428,538,150
MTELEKOM,0,20110119,094433,553,60
MTELEKOM,0,20110119,094433,553,700
MTELEKOM,0,20110119,094433,553,1240
OTP,0,20110119,094433,5688,70
OTP,0,20110119,094433,5688,100
OTP,0,20110119,094433,5689,145
OTP,0,20110119,094433,5689,165
MTELEKOM,0,20110119,094444,554,4000
MTELEKOM,0,20110119,094445,553,374
MTELEKOM,0,20110119,094445,553,500
MTELEKOM,0,20110119,094446,554,100
GENESIS,0,20110119,094448,218,460
OTP,0,20110119,094458,5688,130
FOTEX,0,20110119,094504,385,400
FOTEX,0,20110119,094505,385,115
OTP,0,20110119,094507,5685,400
MTELEKOM,0,20110119,094509,554,4000
MTELEKOM,0,20110119,094509,554,5000
MTELEKOM,0,20110119,094509,554,1603
MTELEKOM,0,20110119,094509,555,67
MTELEKOM,0,20110119,094509,555,6000
MTELEKOM,0,20110119,094509,555,1729
MTELEKOM,0,20110119,094509,555,768
MTELEKOM,0,20110119,094509,556,1900
MTELEKOM,0,20110119,094509,556,4000
MTELEKOM,0,20110119,094509,556,10000
MTELEKOM,0,20110119,094509,557,430
MTELEKOM,0,20110119,094509,557,5000
MTELEKOM,0,20110119,094509,557,5149
MTELEKOM,0,20110119,094509,557,1000
MTELEKOM,0,20110119,094509,557,300
MTELEKOM,0,20110119,094509,557,200
MTELEKOM,0,20110119,094509,557,4000
MTELEKOM,0,20110119,094509,558,662
MTELEKOM,0,20110119,094509,558,1900
MTELEKOM,0,20110119,094509,558,5022
OTP,0,20110119,094510,5685,234
OTP,0,20110119,094510,5685,266
OTP,0,20110119,094513,5685,34
BUX1112,0,20110119,094516,23675,1
SYNERGON,0,20110119,094523,539,200
MOL,0,20110119,094524,22370,14
OTP,0,20110119,094525,5684,500
OTP,0,20110119,094535,5682,300
OTP,0,20110119,094535,5681,29
OTP,0,20110119,094535,5680,885
OTP,0,20110119,094535,5680,190
OTP,0,20110119,094535,5680,1000
OTP,0,20110119,094535,5680,2000
OTP,0,20110119,094535,5680,5
OTP,0,20110119,094535,5680,17
OTP,0,20110119,094535,5680,20
OTP,0,20110119,094535,5680,10
OTP,0,20110119,094535,5680,5
OTP,0,20110119,094535,5680,50
OTP,0,20110119,094535,5680,35
OTP,0,20110119,094539,5680,480
BUX1112,0,20110119,094542,23675,1
OTP,0,20110119,094543,5675,100
OTP,0,20110119,094543,5672,20
OTP,0,20110119,094545,5680,520
OTP,0,20110119,094545,5684,480
MOL,0,20110119,094547,22375,47
MOL,0,20110119,094547,22375,42
MOL,0,20110119,094547,22370,11
OTP,0,20110119,094558,5682,10
FOTEX,0,20110119,094558,385,1885
OTP,0,20110119,094559,5680,486
FOTEX,0,20110119,094559,385,1115
OTP,0,20110119,094601,5682,40
OTP,0,20110119,094609,5680,120
AAA,0,20110119,094614,265,52
AAA,0,20110119,094614,267,300
AAA,0,20110119,094614,269,248
GENESIS,0,20110119,094617,218,40
GENESIS,0,20110119,094617,219,10
FOTEX,0,20110119,094620,385,500
OTP,0,20110119,094625,5680,100
BUX1112,0,20110119,094629,23675,50
MTELEKOM,0,20110119,094630,554,10000
MTELEKOM,0,20110119,094630,554,110
MTELEKOM,0,20110119,094630,554,14890
OTP,0,20110119,094630,5682,114
OTP,0,20110119,094631,5682,300
OTP,0,20110119,094631,5680,250
OTP,0,20110119,094635,5680,1779
OTP,0,20110119,094635,5680,40
MTELEKOM,0,20110119,094637,555,1000
MTELEKOM,0,20110119,094637,555,1426
MOL,0,20110119,094638,22370,135
BUX1112,0,20110119,094638,23677,1
OTP,0,20110119,094639,5680,181
OTP,0,20110119,094639,5680,233
OTP,0,20110119,094641,5680,1000
MTELEKOM,0,20110119,094641,555,374
MTELEKOM,0,20110119,094641,555,1000
BUX1112,0,20110119,094642,23672,1
OTP,0,20110119,094645,5672,10
OTP,0,20110119,094647,5680,115
FHB,0,20110119,094648,984,527
FHB,0,20110119,094648,984,139
SYNERGON,0,20110119,094651,540,200
OTP,0,20110119,094651,5680,38
OTP,0,20110119,094653,5672,170
MOL,0,20110119,094653,22390,200
MOL,0,20110119,094659,22390,200
OTP,0,20110119,094702,5672,100
OTP,0,20110119,094705,5672,9
OTP,0,20110119,094705,5672,12
OTP,0,20110119,094705,5672,119
OTP,0,20110119,094705,5672,10
OTP,0,20110119,094708,5679,200
OTP,0,20110119,094711,5672,10
OTP,0,20110119,094711,5672,375
OTP,0,20110119,094711,5671,100
OTP,0,20110119,094711,5671,200
OTP,0,20110119,094711,5671,22
OTP,0,20110119,094711,5671,359
MOL,0,20110119,094715,22365,4
OTP,0,20110119,094718,5679,100
OTP,0,20110119,094718,5679,200
SYNERGON,0,20110119,094723,539,200
OTP,0,20110119,094726,5679,20
OTP,0,20110119,094726,5679,44
OTP,0,20110119,094733,5679,400
OTP,0,20110119,094736,5675,50
OTP,0,20110119,094736,5679,56
OTP,0,20110119,094736,5680,64
OTP,0,20110119,094736,5680,30
OTP,0,20110119,094736,5672,20
OTP,0,20110119,094736,5671,180
BUX1112,0,20110119,094738,23690,2
OTP,0,20110119,094741,5672,120
SYNERGON,0,20110119,094743,540,500
OTP,0,20110119,094743,5680,1970
OTP,0,20110119,094743,5680,50
OTP,0,20110119,094743,5680,4000
OTP,0,20110119,094743,5680,30
OTP,0,20110119,094745,5680,90
OTP,0,20110119,094748,5680,5
OTP,0,20110119,094751,5682,1000
OTP,0,20110119,094751,5680,58
OTP,0,20110119,094753,5680,3797
OTP,0,20110119,094757,5680,2000
OTP,0,20110119,094757,5680,100
OTP,0,20110119,094759,5680,2000
PFLAX,0,20110119,094802,630,35
PFLAX,0,20110119,094802,639,50
PFLAX,0,20110119,094802,648,15
OTP,0,20110119,094803,5680,2103
OTP,0,20110119,094806,5680,2897
OTP,0,20110119,094807,5680,2103
MTELEKOM,0,20110119,094818,554,110
MTELEKOM,0,20110119,094818,554,16
OTP,0,20110119,094821,5679,30
OTP,0,20110119,094821,5680,1970
ECONET,0,20110119,094823,89,1600
ECONET,0,20110119,094823,89,102
ECONET,0,20110119,094823,89,1700
ECONET,0,20110119,094823,89,3500
ECONET,0,20110119,094823,89,1000
ECONET,0,20110119,094823,89,2000
OTP,0,20110119,094826,5680,3030
OTP,0,20110119,094834,5683,50
OTP,0,20110119,094834,5685,150
SYNERGON,0,20110119,094834,540,815
SYNERGON,0,20110119,094834,540,185
OTP,0,20110119,094835,5680,1000
OTP,0,20110119,094844,5684,10000
SYNERGON,0,20110119,094845,540,15
SYNERGON,0,20110119,094845,540,170
MOL,0,20110119,094845,22385,5
MOL,0,20110119,094845,22390,245
BUX1112,0,20110119,094855,23685,3
MTELEKOM,0,20110119,094858,555,5000
PANNUNION,0,20110119,094900,155,218
PANNUNION,0,20110119,094900,157,32
OTP,0,20110119,094912,5680,100
OTP,0,20110119,094912,5680,100
OTP,0,20110119,094913,5684,541
OTP,0,20110119,094913,5685,359
OTP,0,20110119,094919,5685,1050
BUX1112,0,20110119,094922,23672,1
MOL,0,20110119,094922,22390,155
MOL,0,20110119,094922,22390,45
MTELEKOM,0,20110119,094928,555,1250
MTELEKOM,0,20110119,094928,555,312
MTELEKOM,0,20110119,094930,555,333
MTELEKOM,0,20110119,094935,555,105
OTP,0,20110119,094937,5680,15
MTELEKOM,0,20110119,094938,555,2000
MTELEKOM,0,20110119,094941,555,1600
SYNERGON,0,20110119,094945,541,220
FHB,0,20110119,094949,983,150
FHB,0,20110119,094949,984,751
FHB,0,20110119,094949,985,99
FHB,0,20110119,094949,985,101
FHB,0,20110119,094949,985,899
ECONET,0,20110119,094957,89,500
RICHTER,0,20110119,095003,43350,2
SYNERGON,0,20110119,095009,542,50
SYNERGON,0,20110119,095009,542,200
MTELEKOM,0,20110119,095011,554,17
KEG,0,20110119,095011,134,1020
KEG,0,20110119,095011,134,1980
OTP,0,20110119,095016,5685,200
KEG,0,20110119,095017,135,810
KEG,0,20110119,095017,135,190
OTP,0,20110119,095019,5680,755
OTP,0,20110119,095019,5680,565
OTP,0,20110119,095019,5680,2000
OTP,0,20110119,095019,5680,116
SYNERGON,0,20110119,095020,543,350
OTP,0,20110119,095021,5680,900
OTP,0,20110119,095023,5680,1
OTP,0,20110119,095024,5680,100
OTP,0,20110119,095025,5680,563
MTELEKOM,0,20110119,095026,554,200
OTP,0,20110119,095028,5680,4437
