<TICKER>,<PER>,<DTYYYYMMDD>,<TIME>,<CLOSE>,<VOLUME>
ECONET,0,20110128,090033,90,360
ECONET,0,20110128,090033,90,2000
ECONET,0,20110128,090033,90,940
ECONET,0,20110128,090033,90,1060
ECONET,0,20110128,090033,90,1000
EGIS,0,20110128,090033,21180,2
EGIS,0,20110128,090033,21180,3
EGIS,0,20110128,090033,21180,1
FHB,0,20110128,090033,1026,50
FHB,0,20110128,090033,1026,200
FHB,0,20110128,090033,1026,200
FHB,0,20110128,090033,1026,50
FHB,0,20110128,090033,1026,500
FHB,0,20110128,090033,1026,155
FOTEX,0,20110128,090033,392,500
FOTEX,0,20110128,090033,392,100
FOTEX,0,20110128,090033,392,100
GENESIS,0,20110128,090033,204,500
MOL,0,20110128,090033,22500,1
MOL,0,20110128,090033,22500,74
MOL,0,20110128,090033,22500,17
MOL,0,20110128,090033,22500,5
MOL,0,20110128,090033,22500,125
MOL,0,20110128,090033,22500,125
MOL,0,20110128,090033,22500,100
MOL,0,20110128,090033,22500,15
MOL,0,20110128,090033,22500,5
MOL,0,20110128,090033,22500,3
MOL,0,20110128,090033,22500,2
MTELEKOM,0,20110128,090033,556,151
MTELEKOM,0,20110128,090033,556,100
MTELEKOM,0,20110128,090033,556,749
MTELEKOM,0,20110128,090033,556,3151
MTELEKOM,0,20110128,090033,556,6849
MTELEKOM,0,20110128,090033,556,5000
MTELEKOM,0,20110128,090033,556,1280
MTELEKOM,0,20110128,090033,556,200
MTELEKOM,0,20110128,090033,556,300
MTELEKOM,0,20110128,090033,556,200
MTELEKOM,0,20110128,090033,556,20000
MTELEKOM,0,20110128,090033,556,3000
MTELEKOM,0,20110128,090033,556,10229
OTP,0,20110128,090033,5805,75
OTP,0,20110128,090033,5805,75
OTP,0,20110128,090033,5805,1525
OTP,0,20110128,090033,5805,158
OTP,0,20110128,090033,5805,50
OTP,0,20110128,090033,5805,75
OTP,0,20110128,090033,5805,48
OTP,0,20110128,090033,5805,126
OTP,0,20110128,090033,5805,30
OTP,0,20110128,090033,5805,200
OTP,0,20110128,090033,5805,1834
OTP,0,20110128,090033,5805,166
OTP,0,20110128,090033,5805,70
OTP,0,20110128,090033,5805,1000
OTP,0,20110128,090033,5805,342
OTP,0,20110128,090033,5805,200
OTP,0,20110128,090033,5805,40
OTP,0,20110128,090033,5805,218
OTP,0,20110128,090033,5805,242
OTP,0,20110128,090033,5805,500
OTP,0,20110128,090033,5805,78
OTP,0,20110128,090033,5805,1922
OTP,0,20110128,090033,5805,200
OTP,0,20110128,090033,5805,378
OTP,0,20110128,090033,5805,500
OTP,0,20110128,090033,5805,500
OTP,0,20110128,090033,5805,2000
OTP,0,20110128,090033,5805,10
OTP,0,20110128,090033,5805,200
OTP,0,20110128,090033,5805,1412
OTP,0,20110128,090033,5805,88
OTP,0,20110128,090033,5805,12
OTP,0,20110128,090033,5805,1988
OTP,0,20110128,090033,5805,12
OTP,0,20110128,090033,5805,78
OTP,0,20110128,090033,5805,322
OTP,0,20110128,090033,5805,100
OTP,0,20110128,090033,5805,345
OTP,0,20110128,090033,5805,200
OTP,0,20110128,090033,5805,100
OTP,0,20110128,090033,5805,285
OTP,0,20110128,090033,5805,12
OTP,0,20110128,090033,5805,35
OTP,0,20110128,090033,5805,30
OTP,0,20110128,090033,5805,72
OTP,0,20110128,090033,5805,50
OTP,0,20110128,090033,5805,200
OTP,0,20110128,090033,5805,140
OTP,0,20110128,090033,5805,100
OTP,0,20110128,090033,5805,50
OTP,0,20110128,090033,5805,50
OTP,0,20110128,090033,5805,150
OTP,0,20110128,090033,5805,200
OTP,0,20110128,090033,5805,59
OTP,0,20110128,090033,5805,4941
OTP,0,20110128,090033,5805,400
OTP,0,20110128,090033,5805,2
OTP,0,20110128,090033,5805,394
OTP,0,20110128,090033,5805,100
PANNERGY,0,20110128,090033,912,14
PFLAX,0,20110128,090033,689,500
PFLAX,0,20110128,090033,689,90
PFLAX,0,20110128,090033,689,500
PFLAX,0,20110128,090033,689,150
PFLAX,0,20110128,090033,689,160
PHYLAXIA,0,20110128,090033,45,10000
RFV,0,20110128,090033,9300,100
RFV,0,20110128,090033,9300,51
RFV,0,20110128,090033,9300,53
RFV,0,20110128,090033,9300,24
RFV,0,20110128,090033,9300,3
RFV,0,20110128,090033,9300,10
RFV,0,20110128,090033,9300,180
RFV,0,20110128,090033,9300,50
RFV,0,20110128,090033,9300,25
RFV,0,20110128,090033,9300,100
RFV,0,20110128,090033,9300,10
RFV,0,20110128,090033,9300,11
RFV,0,20110128,090033,9300,50
RFV,0,20110128,090033,9300,50
RFV,0,20110128,090033,9300,10
RFV,0,20110128,090033,9300,273
RFV,0,20110128,090033,9300,40
RICHTER,0,20110128,090033,42910,51
RICHTER,0,20110128,090033,42910,1
RICHTER,0,20110128,090033,42910,28
RICHTER,0,20110128,090033,42910,70
RICHTER,0,20110128,090033,42910,10
TVK,0,20110128,090033,3450,10
TVK,0,20110128,090033,3450,10
TVK,0,20110128,090033,3450,30
TVK,0,20110128,090033,3450,10
TVK,0,20110128,090033,3450,112
TVK,0,20110128,090033,3450,50
TVK,0,20110128,090033,3450,38
BUX1112,0,20110128,090043,23803,3
BUX1112,0,20110128,090043,23803,3
BUX1112,0,20110128,090043,23803,4
BUX1112,0,20110128,090043,23803,1
BUX1112,0,20110128,090043,23803,1
BUX1112,0,20110128,090043,23803,3
BUX1112,0,20110128,090043,23803,10
BUX1112,0,20110128,090043,23803,2
BUX1112,0,20110128,090043,23803,1
BUX1112,0,20110128,090043,23803,2
BUX1112,0,20110128,090043,23803,2
BUX1112,0,20110128,090043,23803,3
OTP,0,20110128,090200,5805,2000
RICHTER,0,20110128,090200,43000,18
RICHTER,0,20110128,090200,43000,42
MOL,0,20110128,090203,22500,48
MOL,0,20110128,090203,22500,27
OTP,0,20110128,090203,5805,1104
OTP,0,20110128,090204,5808,200
OTP,0,20110128,090204,5808,395
OTP,0,20110128,090204,5808,300
OTP,0,20110128,090204,5810,193
OTP,0,20110128,090204,5810,42
OTP,0,20110128,090204,5810,400
BUX1112,0,20110128,090211,23810,2
BUX1112,0,20110128,090211,23820,2
OTP,0,20110128,090214,5811,590
OTP,0,20110128,090217,5810,200
MOL,0,20110128,090223,22500,6
OTP,0,20110128,090224,5811,50
OTP,0,20110128,090225,5810,200
MOL,0,20110128,090229,22500,274
MOL,0,20110128,090231,22500,6
MTELEKOM,0,20110128,090233,556,120
MOL,0,20110128,090233,22500,31
BUX1112,0,20110128,090233,23820,10
OTP,0,20110128,090234,5810,100
RICHTER,0,20110128,090234,42975,5
RICHTER,0,20110128,090234,42975,11
RICHTER,0,20110128,090234,43000,4
PHYLAXIA,0,20110128,090234,45,3000
OTP,0,20110128,090235,5810,700
OTP,0,20110128,090235,5807,641
OTP,0,20110128,090235,5806,70
OTP,0,20110128,090235,5806,689
OTP,0,20110128,090236,5806,1100
OTP,0,20110128,090237,5806,211
OTP,0,20110128,090237,5805,339
OTP,0,20110128,090240,5805,50
OTP,0,20110128,090240,5805,633
OTP,0,20110128,090240,5800,8
OTP,0,20110128,090240,5800,100
OTP,0,20110128,090240,5800,109
BUX1112,0,20110128,090241,23843,5
BUX1112,0,20110128,090241,23845,1
OTP,0,20110128,090241,5810,50
OTP,0,20110128,090246,5800,241
OTP,0,20110128,090246,5800,20
OTP,0,20110128,090246,5800,1500
OTP,0,20110128,090246,5800,10
OTP,0,20110128,090250,5800,3229
MOL,0,20110128,090250,22505,50
MOL,0,20110128,090250,22505,28
OTP,0,20110128,090259,5799,40
OTP,0,20110128,090259,5800,100
OTP,0,20110128,090259,5800,1860
OTP,0,20110128,090259,5800,50
MOL,0,20110128,090300,22505,25
MTELEKOM,0,20110128,090300,555,102
OTP,0,20110128,090301,5795,65
BUX1112,0,20110128,090301,23805,1
BUX1112,0,20110128,090301,23804,1
BUX1112,0,20110128,090301,23804,1
BUX1112,0,20110128,090301,23803,2
MOL,0,20110128,090301,22550,13
RICHTER,0,20110128,090305,42900,2
RICHTER,0,20110128,090305,42900,15
OTP,0,20110128,090313,5800,90
OTP,0,20110128,090313,5800,100
OTP,0,20110128,090313,5800,810
EGIS,0,20110128,090315,21180,1
BUX1112,0,20110128,090319,23803,5
BUX1112,0,20110128,090319,23802,5
BUX1112,0,20110128,090319,23801.5,1
BUX1112,0,20110128,090319,23801,5
BUX1112,0,20110128,090319,23801,1
BUX1112,0,20110128,090319,23801,10
BUX1112,0,20110128,090319,23800,2
BUX1112,0,20110128,090319,23800,1
MTELEKOM,0,20110128,090319,557,551
MTELEKOM,0,20110128,090319,557,1449
OTP,0,20110128,090331,5799,10
OTP,0,20110128,090331,5799,1000
OTP,0,20110128,090340,5795,165
OTP,0,20110128,090340,5795,231
MOL,0,20110128,090341,22505,46
MOL,0,20110128,090341,22505,7
MOL,0,20110128,090341,22500,243
MOL,0,20110128,090341,22500,125
MOL,0,20110128,090341,22500,50
OTP,0,20110128,090343,5795,255
OTP,0,20110128,090343,5795,145
OTP,0,20110128,090343,5800,914
OTP,0,20110128,090343,5799,20
OTP,0,20110128,090343,5800,173
OTP,0,20110128,090346,5792,80
BUX1112,0,20110128,090346,23800,5
BUX1112,0,20110128,090347,23800,6
BUX1112,0,20110128,090350,23800,30
OTP,0,20110128,090351,5792,151
OTP,0,20110128,090353,5792,1269
OTP,0,20110128,090353,5792,151
OTP,0,20110128,090355,5792,57
BUX1112,0,20110128,090357,23801,1
BUX1112,0,20110128,090357,23800,1
BUX1112,0,20110128,090359,23800,10
OTP,0,20110128,090359,5792,275
OTP,0,20110128,090359,5790,1000
OTP,0,20110128,090359,5790,8
OTP,0,20110128,090359,5790,770
ORC,0,20110128,090400,1955,45
OTP,0,20110128,090405,5798,141
FHB,0,20110128,090407,1020,25
FHB,0,20110128,090407,1020,20
FHB,0,20110128,090407,1020,255
KEG,0,20110128,090407,128,5
OTP,0,20110128,090408,5790,20
BUX1112,0,20110128,090412,23800,1
BUX1112,0,20110128,090418,23800,6
BUX1112,0,20110128,090418,23800,2
BUX1112,0,20110128,090418,23800,2
BUX1112,0,20110128,090418,23800,4
OTP,0,20110128,090421,5791,155
OTP,0,20110128,090421,5790,980
OTP,0,20110128,090421,5790,331
OTP,0,20110128,090422,5790,155
OTP,0,20110128,090422,5790,53
PANNERGY,0,20110128,090422,910,60
BUX1112,0,20110128,090424,23800,6
OTP,0,20110128,090434,5788,10
OTP,0,20110128,090435,5788,10
OTP,0,20110128,090435,5788,190
OTP,0,20110128,090451,5788,792
OTP,0,20110128,090453,5788,18
OTP,0,20110128,090453,5788,485
BUX1112,0,20110128,090454,23785,1
KEG,0,20110128,090454,127,1000
PANNERGY,0,20110128,090458,907,40
OTP,0,20110128,090503,5788,600
OTP,0,20110128,090509,5787,21
OTP,0,20110128,090509,5780,50
OTP,0,20110128,090509,5780,100
OTP,0,20110128,090509,5780,1500
OTP,0,20110128,090511,5780,420
OTP,0,20110128,090513,5780,500
OTP,0,20110128,090517,5780,2000
OTP,0,20110128,090520,5779,17
OTP,0,20110128,090520,5779,483
OTP,0,20110128,090520,5779,6
OTP,0,20110128,090520,5778,2
OTP,0,20110128,090520,5778,155
OTP,0,20110128,090520,5777,141
OTP,0,20110128,090521,5777,2196
OTP,0,20110128,090521,5780,588
OTP,0,20110128,090528,5780,50
OTP,0,20110128,090530,5780,200
OTP,0,20110128,090532,5780,1850
OTP,0,20110128,090532,5780,50
OTP,0,20110128,090532,5780,46
OTP,0,20110128,090532,5780,554
OTP,0,20110128,090533,5780,446
OTP,0,20110128,090533,5780,70
OTP,0,20110128,090537,5780,1000
BUX1112,0,20110128,090544,23785,1
OTP,0,20110128,090549,5785,50
OTP,0,20110128,090549,5785,1114
OTP,0,20110128,090556,5788,30
OTP,0,20110128,090558,5788,1970
OTP,0,20110128,090558,5788,15
OTP,0,20110128,090604,5788,100
OTP,0,20110128,090604,5788,15
OTP,0,20110128,090604,5788,140
OTP,0,20110128,090605,5789,45
OTP,0,20110128,090605,5790,5
EBGOLD,0,20110128,090605,2640,10
EBGOLD,0,20110128,090605,2640,10
EBGOLD,0,20110128,090605,2640,11
OTP,0,20110128,090611,5790,95
OTP,0,20110128,090611,5790,1100
OTP,0,20110128,090611,5790,128
OTP,0,20110128,090611,5790,78
OTP,0,20110128,090611,5790,1000
OTP,0,20110128,090611,5790,99
RICHTER,0,20110128,090614,43000,4
RICHTER,0,20110128,090614,43000,100
RICHTER,0,20110128,090614,43000,46
BUX1112,0,20110128,090615,23790,10
OTP,0,20110128,090615,5788,155
RFV,0,20110128,090616,9202,10
RFV,0,20110128,090616,9201,11
RFV,0,20110128,090616,9200,6
RFV,0,20110128,090616,9200,8
OTP,0,20110128,090618,5788,100
OTP,0,20110128,090621,5790,101
OTP,0,20110128,090622,5790,40
OTP,0,20110128,090623,5790,100
OTP,0,20110128,090627,5790,759
OTP,0,20110128,090627,5790,489
OTP,0,20110128,090627,5790,68
BUX1112,0,20110128,090627,23795,1
BUX1112,0,20110128,090629,23790,20
RICHTER,0,20110128,090630,43000,4
RICHTER,0,20110128,090630,43000,6
RICHTER,0,20110128,090630,43000,40
PHYLAXIA,0,20110128,090639,45,1000
OTP,0,20110128,090640,5788,30
OTP,0,20110128,090640,5787,70
BUX1112,0,20110128,090640,23799,3
BUX1112,0,20110128,090640,23799,2
OTP,0,20110128,090640,5787,99
OTP,0,20110128,090642,5790,6147
OTP,0,20110128,090642,5787,50
BUX1112,0,20110128,090654,23790,10
PHYLAXIA,0,20110128,090655,45,2802
PHYLAXIA,0,20110128,090655,45,198
OTP,0,20110128,090659,5790,100
BUX1112,0,20110128,090700,23790,1
MOL,0,20110128,090704,22470,50
BUX1112,0,20110128,090704,23790,3
BUX1112,0,20110128,090707,23785,2
OTP,0,20110128,090711,5790,70
BUX1112,0,20110128,090713,23790,1
BUX1112,0,20110128,090714,23781,10
BUX1112,0,20110128,090714,23780,10
OTP,0,20110128,090720,5790,230
OTP,0,20110128,090720,5790,2270
OTP,0,20110128,090721,5790,230
OTP,0,20110128,090721,5790,2270
BUX1112,0,20110128,090729,23777,1
RABA,0,20110128,090735,844,100
OTP,0,20110128,090737,5790,230
OTP,0,20110128,090737,5790,70
OTP,0,20110128,090738,5790,10
OTP,0,20110128,090747,5790,10
OTP,0,20110128,090754,5790,100
MTELEKOM,0,20110128,090755,556,1000
RICHTER,0,20110128,090757,43000,10
RICHTER,0,20110128,090757,43000,18
OTP,0,20110128,090800,5790,41
FOTEX,0,20110128,090805,392,515
RICHTER,0,20110128,090805,42910,1
RICHTER,0,20110128,090805,42910,9
MOL,0,20110128,090805,22440,15
MTELEKOM,0,20110128,090806,556,64
OTP,0,20110128,090811,5790,945
OTP,0,20110128,090811,5790,971
OTP,0,20110128,090814,5790,584
OTP,0,20110128,090820,5792,563
OTP,0,20110128,090820,5792,487
OTP,0,20110128,090834,5790,80
BUX1112,0,20110128,090839,23777,2
BUX1112,0,20110128,090839,23772,2
BUX1112,0,20110128,090839,23771,1
MTELEKOM,0,20110128,090844,556,136
MOL,0,20110128,090844,22470,20
MOL,0,20110128,090844,22490,200
RFV,0,20110128,090846,9200,2
RFV,0,20110128,090846,9199,18
OTP,0,20110128,090853,5785,150
OTP,0,20110128,090853,5785,100
RICHTER,0,20110128,090853,42910,1
RICHTER,0,20110128,090853,42905,3
RICHTER,0,20110128,090853,42900,175
RICHTER,0,20110128,090853,42900,15
OTP,0,20110128,090858,5785,1
BUX1112,0,20110128,090859,23771,4
BUX1112,0,20110128,090859,23770,1
BUX1112,0,20110128,090902,23770,1
BUX1112,0,20110128,090902,23770,10
OTP,0,20110128,090908,5785,26
OTP,0,20110128,090909,5785,323
OTP,0,20110128,090916,5781,15
OTP,0,20110128,090919,5781,1
OTP,0,20110128,090919,5781,199
OTP,0,20110128,090920,5781,50
MTELEKOM,0,20110128,090920,555,364
OTP,0,20110128,090922,5785,200
OTP,0,20110128,090922,5781,11
BUX1112,0,20110128,090923,23766,2
BUX1112,0,20110128,090924,23766,1
RABA,0,20110128,090925,844,900
RABA,0,20110128,090925,843,1000
RABA,0,20110128,090925,842,300
RABA,0,20110128,090925,842,200
RABA,0,20110128,090925,841,125
RABA,0,20110128,090925,841,675
OTP,0,20110128,090926,5781,80
OTP,0,20110128,090926,5781,100
BUX1112,0,20110128,090937,23766,2
OTP,0,20110128,090943,5782,30
FHB,0,20110128,090943,1020,1500
MOL,0,20110128,090949,22450,5
MOL,0,20110128,090949,22450,53
RFV,0,20110128,090953,9110,33
BUX1112,0,20110128,090953,23771,10
OTP,0,20110128,091000,5784,100
OTP,0,20110128,091008,5782,125
OTP,0,20110128,091008,5781,875
SYNERGON,0,20110128,091010,514,100
OTP,0,20110128,091013,5784,200
OTP,0,20110128,091013,5784,200
BUX1112,0,20110128,091017,23777,1
MTELEKOM,0,20110128,091018,555,394
MTELEKOM,0,20110128,091018,555,701
MTELEKOM,0,20110128,091018,555,2000
MTELEKOM,0,20110128,091018,555,126
MOL,0,20110128,091018,22450,17
MOL,0,20110128,091018,22450,40
OTP,0,20110128,091022,5784,50
BUX1112,0,20110128,091024,23770,4
RFV,0,20110128,091037,9140,20
BUX1112,0,20110128,091040,23770,1
RICHTER,0,20110128,091045,42900,53
RICHTER,0,20110128,091045,42900,5
BUX1112,0,20110128,091047,23771,1
BUX1112,0,20110128,091047,23770,4
BUX1112,0,20110128,091057,23771,3
BUX1112,0,20110128,091057,23770,2
OTP,0,20110128,091104,5784,34
OTP,0,20110128,091104,5785,477
OTP,0,20110128,091104,5785,489
OTP,0,20110128,091107,5785,50
BUX1112,0,20110128,091115,23770,9
BUX1112,0,20110128,091115,23763,1
OTP,0,20110128,091115,5785,461
OTP,0,20110128,091115,5785,300
OTP,0,20110128,091115,5785,100
OTP,0,20110128,091115,5785,100
MTELEKOM,0,20110128,091118,555,339
OTP,0,20110128,091125,5784,50
FHB,0,20110128,091125,1020,100
OTP,0,20110128,091145,5784,7
BUX1112,0,20110128,091152,23765,5
OTP,0,20110128,091158,5781,141
OTP,0,20110128,091201,5781,5
OTP,0,20110128,091201,5781,10
OTP,0,20110128,091205,5781,33
OTP,0,20110128,091213,5781,6
OTP,0,20110128,091213,5780,500
OTP,0,20110128,091213,5780,100
OTP,0,20110128,091213,5780,1900
OTP,0,20110128,091213,5780,494
RICHTER,0,20110128,091217,42870,3
KEG,0,20110128,091226,127,3000
KEG,0,20110128,091226,127,1000
BUX1112,0,20110128,091235,23770,1
ECONET,0,20110128,091236,90,3956
OTP,0,20110128,091242,5780,300
EBGOLD,0,20110128,091252,2633,12
OTP,0,20110128,091300,5780,41
MOL,0,20110128,091306,22450,13
OTP,0,20110128,091309,5780,100
RICHTER,0,20110128,091310,42870,10
MTELEKOM,0,20110128,091311,554,64
MOL,0,20110128,091315,22440,3
OTP,0,20110128,091315,5780,65
OTP,0,20110128,091315,5780,65
SYNERGON,0,20110128,091320,514,30
SYNERGON,0,20110128,091320,511,220
RICHTER,0,20110128,091326,42900,2
OTP,0,20110128,091339,5778,11
FHB,0,20110128,091351,1020,100
OTP,0,20110128,091358,5777,30
OTP,0,20110128,091358,5776,470
BUX1112,0,20110128,091401,23764,1
CSEPEL,0,20110128,091404,520,300
MTELEKOM,0,20110128,091406,555,500
BUX1112,0,20110128,091407,23770,2
RICHTER,0,20110128,091409,42870,7
RABA,0,20110128,091409,842,30
FHB,0,20110128,091416,1020,45
OTP,0,20110128,091416,5776,50
MTELEKOM,0,20110128,091420,555,600
MTELEKOM,0,20110128,091428,555,340
MTELEKOM,0,20110128,091428,555,409
MTELEKOM,0,20110128,091428,555,541
EBGOLD,0,20110128,091434,2633,6
MTELEKOM,0,20110128,091437,555,260
RICHTER,0,20110128,091438,42825,12
RICHTER,0,20110128,091438,42805,10
RICHTER,0,20110128,091438,42805,4
RICHTER,0,20110128,091438,42800,4
RICHTER,0,20110128,091438,42800,5
RICHTER,0,20110128,091438,42800,24
RICHTER,0,20110128,091438,42800,39
RICHTER,0,20110128,091440,42800,161
GENESIS,0,20110128,091444,206,50
GENESIS,0,20110128,091444,208,10
BUX1112,0,20110128,091522,23763,1
BUX1112,0,20110128,091522,23762,3
BUX1112,0,20110128,091522,23761,1
OTP,0,20110128,091540,5777,50
OTP,0,20110128,091540,5777,120
MOL,0,20110128,091541,22450,25
MOL,0,20110128,091546,22440,82
MOL,0,20110128,091553,22430,21
MOL,0,20110128,091553,22430,125
BUX1112,0,20110128,091602,23756,1
BUX1112,0,20110128,091602,23756,2
BUX1112,0,20110128,091602,23755,2
BUX1112,0,20110128,091602,23752,1
BUX1112,0,20110128,091602,23751.5,1
BUX1112,0,20110128,091602,23751,1
BUX1112,0,20110128,091602,23751,10
BUX1112,0,20110128,091602,23751,2
BUX1112,0,20110128,091602,23750,2
BUX1112,0,20110128,091602,23750,2
BUX1112,0,20110128,091602,23750,10
MOL,0,20110128,091610,22410,33
PHYLAXIA,0,20110128,091610,45,1500
PANNERGY,0,20110128,091614,908,70
BUX1112,0,20110128,091622,23743,1
OTP,0,20110128,091632,5776,480
OTP,0,20110128,091632,5776,20
OTP,0,20110128,091632,5776,486
OTP,0,20110128,091632,5776,14
MOL,0,20110128,091635,22405,100
OTP,0,20110128,091637,5776,36
OTP,0,20110128,091637,5771,24
OTP,0,20110128,091637,5771,75
OTP,0,20110128,091637,5770,17
OTP,0,20110128,091637,5770,950
OTP,0,20110128,091637,5770,2000
OTP,0,20110128,091637,5770,898
OTP,0,20110128,091638,5770,2000
OTP,0,20110128,091640,5770,100
BUX1112,0,20110128,091644,23740,2
BUX1112,0,20110128,091644,23740,2
BUX1112,0,20110128,091650,23736,1
OTP,0,20110128,091653,5770,2
OTP,0,20110128,091653,5770,198
OTP,0,20110128,091654,5770,50
BUX1112,0,20110128,091658,23735,2
BUX1112,0,20110128,091658,23735,1
OTP,0,20110128,091659,5770,68
BUX1112,0,20110128,091702,23732,1
OTP,0,20110128,091708,5772,10
BUX1112,0,20110128,091713,23727,2
BUX1112,0,20110128,091713,23726,6
BUX1112,0,20110128,091713,23725,10
BUX1112,0,20110128,091713,23725,2
BUX1112,0,20110128,091713,23725,1
BUX1112,0,20110128,091713,23725,8
OTP,0,20110128,091713,5770,50
OTP,0,20110128,091713,5770,50
MOL,0,20110128,091722,22405,150
MOL,0,20110128,091722,22400,10
MOL,0,20110128,091722,22400,10
MOL,0,20110128,091722,22400,250
MOL,0,20110128,091722,22400,109
PANNERGY,0,20110128,091724,911,200
PANNERGY,0,20110128,091724,912,15
OTP,0,20110128,091725,5770,1
MOL,0,20110128,091726,22400,16
MOL,0,20110128,091726,22400,45
MOL,0,20110128,091726,22400,39
MOL,0,20110128,091727,22400,161
MOL,0,20110128,091730,22400,100
MOL,0,20110128,091730,22400,150
BUX1112,0,20110128,091733,23723,1
BUX1112,0,20110128,091733,23721,6
BUX1112,0,20110128,091733,23720,2
BUX1112,0,20110128,091733,23720,2
BUX1112,0,20110128,091733,23715,2
BUX1112,0,20110128,091733,23715,1
BUX1112,0,20110128,091733,23712,1
BUX1112,0,20110128,091733,23712,1
BUX1112,0,20110128,091733,23712,9
BUX1112,0,20110128,091733,23711,5
BUX1112,0,20110128,091733,23711,1
BUX1112,0,20110128,091733,23710,9
BUX1112,0,20110128,091735,23711,2
BUX1112,0,20110128,091739,23710,11
BUX1112,0,20110128,091739,23710,2
RICHTER,0,20110128,091740,42800,2
BUX1112,0,20110128,091742,23701,1
BUX1112,0,20110128,091742,23700.5,1
MOL,0,20110128,091745,22400,50
OTP,0,20110128,091751,5770,99
OTP,0,20110128,091751,5770,1
BUX1112,0,20110128,091754,23702,2
PANNERGY,0,20110128,091756,912,300
MOL,0,20110128,091758,22385,200
MTELEKOM,0,20110128,091758,554,366
MTELEKOM,0,20110128,091758,554,1534
OTP,0,20110128,091800,5767,41
OTP,0,20110128,091800,5767,39
OTP,0,20110128,091800,5767,1
OTP,0,20110128,091803,5769,5
MOL,0,20110128,091806,22375,15
BUX1112,0,20110128,091808,23702,3
CSEPEL,0,20110128,091809,520,100
RICHTER,0,20110128,091810,42725,5
MTELEKOM,0,20110128,091811,555,64
OTP,0,20110128,091813,5767,19
OTP,0,20110128,091813,5765,52
OTP,0,20110128,091813,5765,50
OTP,0,20110128,091813,5765,200
OTP,0,20110128,091813,5765,15
OTP,0,20110128,091813,5763,165
OTP,0,20110128,091813,5763,1130
OTP,0,20110128,091813,5762,369
MOL,0,20110128,091815,22350,10
MOL,0,20110128,091815,22350,250
MOL,0,20110128,091815,22350,100
MTELEKOM,0,20110128,091815,555,936
RICHTER,0,20110128,091817,42705,5
OTP,0,20110128,091821,5762,631
OTP,0,20110128,091821,5762,369
BUX1112,0,20110128,091823,23702,1
BUX1112,0,20110128,091823,23700.5,1
BUX1112,0,20110128,091823,23700,2
EBGOLD,0,20110128,091825,2629,10
OTP,0,20110128,091827,5761,43
OTP,0,20110128,091827,5761,32
OTP,0,20110128,091827,5760,50
OTP,0,20110128,091827,5760,1875
MOL,0,20110128,091828,22340,10
MOL,0,20110128,091828,22340,48
MOL,0,20110128,091828,22400,22
BUX1112,0,20110128,091832,23700,4
BUX1112,0,20110128,091832,23690,1
BUX1112,0,20110128,091832,23690,1
BUX1112,0,20110128,091836,23690,1
BUX1112,0,20110128,091836,23687,1
BUX1112,0,20110128,091836,23682,1
OTP,0,20110128,091848,5760,125
OTP,0,20110128,091848,5760,25
MTELEKOM,0,20110128,091850,554,66
MTELEKOM,0,20110128,091850,554,300
MTELEKOM,0,20110128,091850,554,3100
MTELEKOM,0,20110128,091850,554,100
MTELEKOM,0,20110128,091850,554,434
MTELEKOM,0,20110128,091853,555,1000
OTP,0,20110128,091855,5760,440
OTP,0,20110128,091902,5761,39
OTP,0,20110128,091906,5761,161
BUX1112,0,20110128,091909,23682,1
BUX1112,0,20110128,091909,23680,1
BUX1112,0,20110128,091915,23700,5
OTP,0,20110128,091920,5759,39
MTELEKOM,0,20110128,091924,555,3064
MTELEKOM,0,20110128,091924,555,481
OTP,0,20110128,091930,5760,2
OTP,0,20110128,091936,5756,2000
OTP,0,20110128,091936,5756,2000
OTP,0,20110128,091936,5756,500
OTP,0,20110128,091936,5755,25
OTP,0,20110128,091936,5755,15
OTP,0,20110128,091936,5753,15
OTP,0,20110128,091936,5752,2
OTP,0,20110128,091936,5752,968
OTP,0,20110128,091936,5752,400
OTP,0,20110128,091936,5751,50
OTP,0,20110128,091936,5751,112
OTP,0,20110128,091936,5751,470
OTP,0,20110128,091943,5751,464
OTP,0,20110128,091944,5751,66
OTP,0,20110128,091944,5751,25
OTP,0,20110128,091944,5751,56
OTP,0,20110128,091944,5751,500
OTP,0,20110128,091944,5751,482
OTP,0,20110128,091944,5750,50
OTP,0,20110128,091944,5750,70
OTP,0,20110128,091944,5750,25
OTP,0,20110128,091944,5750,10
OTP,0,20110128,091944,5750,2227
OTP,0,20110128,091944,5750,363
OTP,0,20110128,091944,5750,1027
OTP,0,20110128,091944,5750,99
OTP,0,20110128,091944,5750,37
OTP,0,20110128,091944,5750,955
OTP,0,20110128,091944,5750,374
OTP,0,20110128,091944,5750,130
OTP,0,20110128,091944,5750,3000
OTP,0,20110128,091946,5750,120
MTELEKOM,0,20110128,091946,555,1455
MTELEKOM,0,20110128,091946,554,45
BUX1112,0,20110128,091951,23690,20
PANNERGY,0,20110128,091956,912,350
BUX1112,0,20110128,092000,23681,2
BUX1112,0,20110128,092000,23680,1
BUX1112,0,20110128,092000,23680,2
OTP,0,20110128,092000,5746,13
OTP,0,20110128,092000,5746,395
OTP,0,20110128,092005,5746,99
OTP,0,20110128,092008,5749,48
OTP,0,20110128,092009,5749,96
OTP,0,20110128,092009,5750,421
OTP,0,20110128,092009,5750,483
OTP,0,20110128,092016,5750,1517
PANNERGY,0,20110128,092016,912,135
OTP,0,20110128,092017,5750,489
OTP,0,20110128,092018,5750,511
PHYLAXIA,0,20110128,092023,45,1
OTP,0,20110128,092025,5755,1
OTP,0,20110128,092029,5751,250
OTP,0,20110128,092029,5750,48
OTP,0,20110128,092030,5755,100
OTP,0,20110128,092030,5755,5000
OTP,0,20110128,092032,5750,2
OTP,0,20110128,092032,5750,98
OTP,0,20110128,092032,5750,339
OTP,0,20110128,092037,5755,359
OTP,0,20110128,092038,5760,100
OTP,0,20110128,092038,5760,20
OTP,0,20110128,092040,5755,500
OTP,0,20110128,092041,5755,200
RICHTER,0,20110128,092046,42705,135
RICHTER,0,20110128,092046,42700,10
RICHTER,0,20110128,092046,42700,50
RICHTER,0,20110128,092049,42750,13
BUX1112,0,20110128,092050,23680,2
BUX1112,0,20110128,092050,23676,2
BUX1112,0,20110128,092050,23675.5,5
BUX1112,0,20110128,092050,23675,1
OTP,0,20110128,092052,5756,300
OTP,0,20110128,092052,5755,941
OTP,0,20110128,092052,5755,40
OTP,0,20110128,092052,5755,105
OTP,0,20110128,092052,5754,244
RFV,0,20110128,092053,9280,11
RFV,0,20110128,092053,9281,20
RFV,0,20110128,092053,9283,12
OTP,0,20110128,092054,5759,67
OTP,0,20110128,092054,5760,380
OTP,0,20110128,092054,5760,553
BUX1112,0,20110128,092058,23670,1
OTP,0,20110128,092058,5754,725
OTP,0,20110128,092058,5754,720
PANNERGY,0,20110128,092059,913,60
OTP,0,20110128,092102,5754,30
OTP,0,20110128,092102,5754,525
OTP,0,20110128,092102,5754,100
MTELEKOM,0,20110128,092104,556,5000
RFV,0,20110128,092107,9221,20
BUX1112,0,20110128,092119,23670,1
BUX1112,0,20110128,092119,23665,3
OTP,0,20110128,092119,5754,25
OTP,0,20110128,092121,5754,5
OTP,0,20110128,092121,5751,5
RFV,0,20110128,092121,9200,11
OTP,0,20110128,092121,5751,195
OTP,0,20110128,092121,5750,13
OTP,0,20110128,092121,5750,542
MOL,0,20110128,092122,22340,10
MOL,0,20110128,092122,22325,6
MOL,0,20110128,092122,22310,100
MOL,0,20110128,092122,22305,50
MOL,0,20110128,092122,22305,100
MOL,0,20110128,092122,22300,15
MOL,0,20110128,092122,22300,190
MOL,0,20110128,092122,22300,4
MOL,0,20110128,092122,22300,6
MOL,0,20110128,092122,22280,20
MOL,0,20110128,092122,22235,104
MOL,0,20110128,092122,22235,13
OTP,0,20110128,092130,5750,25
OTP,0,20110128,092139,5751,200
OTP,0,20110128,092139,5751,257
OTP,0,20110128,092141,5755,355
OTP,0,20110128,092141,5759,155
OTP,0,20110128,092141,5760,120
OTP,0,20110128,092143,5751,293
OTP,0,20110128,092143,5750,57
DANUBIUS,0,20110128,092146,4005,20
BUX1112,0,20110128,092150,23672,5
BUX1112,0,20110128,092150,23671,15
OTP,0,20110128,092154,5751,199
OTP,0,20110128,092154,5750,1376
OTP,0,20110128,092154,5750,50
OTP,0,20110128,092154,5750,375
OTP,0,20110128,092202,5750,25
OTP,0,20110128,092202,5750,113
BUX1112,0,20110128,092209,23679,8
BUX1112,0,20110128,092209,23671,2
OTP,0,20110128,092211,5749,1662
FHB,0,20110128,092216,1018,200
BUX1112,0,20110128,092226,23671.5,2
BUX1112,0,20110128,092226,23671,3
BUX1112,0,20110128,092226,23670,1
OTP,0,20110128,092226,5750,338
BUX1112,0,20110128,092229,23670,9
MTELEKOM,0,20110128,092230,556,400
OTP,0,20110128,092236,5750,501
OTP,0,20110128,092236,5750,327
BUX1112,0,20110128,092237,23670,1
MTELEKOM,0,20110128,092245,556,200
FHB,0,20110128,092248,1018,400
OTP,0,20110128,092251,5750,161
OTP,0,20110128,092255,5754,25
CSEPEL,0,20110128,092258,520,100
CSEPEL,0,20110128,092301,525,100
OTP,0,20110128,092306,5750,41
MOL,0,20110128,092306,22250,3
RICHTER,0,20110128,092310,42680,8
RICHTER,0,20110128,092310,42680,3
MTELEKOM,0,20110128,092310,556,63
MOL,0,20110128,092312,22240,13
MTELEKOM,0,20110128,092317,556,400
RICHTER,0,20110128,092329,42680,6
ZWACK,0,20110128,092331,14450,10
OTP,0,20110128,092332,5751,55
OTP,0,20110128,092334,5751,195
OTP,0,20110128,092334,5751,148
BUX1112,0,20110128,092352,23670,3
BUX1112,0,20110128,092352,23667,1
BUX1112,0,20110128,092352,23661,1
BUX1112,0,20110128,092352,23660.5,4
BUX1112,0,20110128,092352,23660,2
BUX1112,0,20110128,092352,23657,1
BUX1112,0,20110128,092352,23657,1
BUX1112,0,20110128,092352,23657,10
BUX1112,0,20110128,092352,23656,1
BUX1112,0,20110128,092352,23656,6
BUX1112,0,20110128,092352,23656,1
BUX1112,0,20110128,092352,23656,2
BUX1112,0,20110128,092352,23655,2
BUX1112,0,20110128,092352,23652,3
BUX1112,0,20110128,092352,23651,12
BUX1112,0,20110128,092352,23650.5,1
BUX1112,0,20110128,092352,23650,12
BUX1112,0,20110128,092352,23650,4
BUX1112,0,20110128,092352,23640,2
BUX1112,0,20110128,092352,23640,2
BUX1112,0,20110128,092352,23638,2
BUX1112,0,20110128,092352,23621,1
BUX1112,0,20110128,092352,23621,10
BUX1112,0,20110128,092352,23621,5
OTP,0,20110128,092402,5754,60
BUX1112,0,20110128,092407,23650,33
FHB,0,20110128,092412,1017,500
MTELEKOM,0,20110128,092413,556,1000
OTP,0,20110128,092415,5751,337
OTP,0,20110128,092415,5750,163
OTP,0,20110128,092416,5754,15
OTP,0,20110128,092416,5754,1985
FHB,0,20110128,092437,1017,150
OTP,0,20110128,092438,5754,15
OTP,0,20110128,092438,5756,150
OTP,0,20110128,092438,5759,155
OTP,0,20110128,092438,5760,680
OTP,0,20110128,092439,5750,807
OTP,0,20110128,092439,5750,50
OTP,0,20110128,092439,5750,50
OTP,0,20110128,092439,5750,93
PHYLAXIA,0,20110128,092457,45,50
RFV,0,20110128,092459,9102,8
OTP,0,20110128,092516,5751,166
OTP,0,20110128,092516,5750,7
OTP,0,20110128,092516,5750,160
OTP,0,20110128,092516,5750,486
OTP,0,20110128,092516,5750,15
OTP,0,20110128,092516,5750,1000
OTP,0,20110128,092516,5750,500
OTP,0,20110128,092516,5750,550
OTP,0,20110128,092518,5750,116
BUX1112,0,20110128,092520,23675,20
OTP,0,20110128,092526,5755,50
OTP,0,20110128,092526,5751,91
MOL,0,20110128,092527,22300,27
OTP,0,20110128,092534,5750,60
MOL,0,20110128,092538,22300,39
BUX1112,0,20110128,092540,23650,1
FHB,0,20110128,092540,1020,495
FHB,0,20110128,092541,1020,94
RFV,0,20110128,092542,9200,2
PHYLAXIA,0,20110128,092542,45,25
KEG,0,20110128,092542,128,5
OTP,0,20110128,092601,5747,30
MTELEKOM,0,20110128,092611,556,2937
MTELEKOM,0,20110128,092611,555,774
CSEPEL,0,20110128,092614,527,20
FHB,0,20110128,092617,1021,94
MOL,0,20110128,092619,22260,5
MOL,0,20110128,092619,22255,5
BUX1112,0,20110128,092629,23660,2
MOL,0,20110128,092632,22260,42
MOL,0,20110128,092632,22255,5
OTP,0,20110128,092634,5750,20
RICHTER,0,20110128,092636,42710,5
RICHTER,0,20110128,092636,42700,95
RICHTER,0,20110128,092636,42700,5
FHB,0,20110128,092637,1020,500
RICHTER,0,20110128,092637,42700,95
MOL,0,20110128,092642,22295,10
OTP,0,20110128,092646,5747,20
OTP,0,20110128,092646,5747,44
OTP,0,20110128,092646,5745,766
RICHTER,0,20110128,092647,42700,5
RICHTER,0,20110128,092647,42700,20
RICHTER,0,20110128,092648,42700,25
OTP,0,20110128,092650,5745,234
OTP,0,20110128,092650,5745,16
OTP,0,20110128,092650,5747,49
OTP,0,20110128,092650,5750,151
OTP,0,20110128,092652,5745,84
OTP,0,20110128,092652,5745,52
OTP,0,20110128,092652,5745,114
OTP,0,20110128,092657,5745,20
OTP,0,20110128,092708,5750,50
BUX1112,0,20110128,092710,23650,1
OTP,0,20110128,092717,5745,354
BUX1112,0,20110128,092722,23660,6
RICHTER,0,20110128,092727,42700,75
RICHTER,0,20110128,092728,42700,25
BUX1112,0,20110128,092732,23660,4
OTP,0,20110128,092747,5743,46
FHB,0,20110128,092748,1020,30
OTP,0,20110128,092805,5743,41
RICHTER,0,20110128,092810,42700,10
MOL,0,20110128,092810,22260,10
MTELEKOM,0,20110128,092810,555,64
MTELEKOM,0,20110128,092818,556,477
MOL,0,20110128,092820,22255,6
CSEPEL,0,20110128,092820,525,100
MOL,0,20110128,092823,22255,101
MOL,0,20110128,092823,22255,3
MOL,0,20110128,092823,22250,396
BUX1112,0,20110128,092824,23660,1
OTP,0,20110128,092828,5743,40
OTP,0,20110128,092829,5745,100
MOL,0,20110128,092833,22250,100
OTP,0,20110128,092841,5745,150
OTP,0,20110128,092841,5745,50
OTP,0,20110128,092847,5743,5
MOL,0,20110128,092847,22265,3
MOL,0,20110128,092847,22250,4
MOL,0,20110128,092847,22250,14
MOL,0,20110128,092857,22250,6
MOL,0,20110128,092859,22240,4
MOL,0,20110128,092859,22240,50
MOL,0,20110128,092859,22240,10
MOL,0,20110128,092859,22235,136
CSEPEL,0,20110128,092900,525,18
CSEPEL,0,20110128,092900,527,62
MOL,0,20110128,092901,22250,94
MOL,0,20110128,092911,22240,60
OTP,0,20110128,092916,5743,489
OTP,0,20110128,092916,5742,10
OTP,0,20110128,092916,5741,101
ORC,0,20110128,092919,1975,15
OTP,0,20110128,092922,5741,899
OTP,0,20110128,092922,5741,48
OTP,0,20110128,092922,5741,250
OTP,0,20110128,092922,5740,200
OTP,0,20110128,092922,5740,600
OTP,0,20110128,092922,5740,20
OTP,0,20110128,092922,5740,2000
OTP,0,20110128,092922,5740,483
OTP,0,20110128,092922,5740,6
OTP,0,20110128,092922,5736,194
OTP,0,20110128,092922,5736,22
OTP,0,20110128,092922,5736,72
OTP,0,20110128,092922,5736,133
OTP,0,20110128,092922,5736,66
BUX1112,0,20110128,092924,23660,1
BUX1112,0,20110128,092928,23655,5
FHB,0,20110128,092931,1020,400
BUX1112,0,20110128,092932,23650.5,1
BUX1112,0,20110128,092932,23650,12
OTP,0,20110128,092936,5740,482
BUX1112,0,20110128,092937,23650,37
OTP,0,20110128,092939,5740,250
OTP,0,20110128,092939,5740,100
OTP,0,20110128,092939,5740,193
OTP,0,20110128,092944,5740,482
OTP,0,20110128,092945,5740,518
OTP,0,20110128,092951,5740,162
OTP,0,20110128,092952,5740,328
OTP,0,20110128,092954,5740,162
OTP,0,20110128,092954,5740,18
OTP,0,20110128,092954,5740,100
EGIS,0,20110128,092957,21120,2
EGIS,0,20110128,092957,21010,2
EGIS,0,20110128,092957,21000,4
EGIS,0,20110128,092957,20960,7
EGIS,0,20110128,092957,20905,2
EGIS,0,20110128,092957,20905,30
EGIS,0,20110128,092957,20835,6
EGIS,0,20110128,092957,20835,23
OTP,0,20110128,093000,5740,50
EGIS,0,20110128,093008,20850,50
BUX1112,0,20110128,093017,23680,2
BUX1112,0,20110128,093017,23680,8
BUX1112,0,20110128,093017,23685,2
OTP,0,20110128,093019,5740,280
OTP,0,20110128,093024,5740,500
FHB,0,20110128,093025,1020,200
OTP,0,20110128,093030,5740,95
OTP,0,20110128,093038,5740,1000
OTP,0,20110128,093040,5740,75
OTP,0,20110128,093040,5740,487
OTP,0,20110128,093040,5740,20
PANNERGY,0,20110128,093044,908,200
FHB,0,20110128,093044,1020,1000
FHB,0,20110128,093045,1020,181
FHB,0,20110128,093045,1017,94
FHB,0,20110128,093045,1017,150
FHB,0,20110128,093045,1015,195
FHB,0,20110128,093045,1012,100
FHB,0,20110128,093045,1011,150
FHB,0,20110128,093045,1011,150
FHB,0,20110128,093045,1011,300
FHB,0,20110128,093045,1010,100
FHB,0,20110128,093045,1010,627
MTELEKOM,0,20110128,093105,556,4523
MTELEKOM,0,20110128,093105,556,477
MTELEKOM,0,20110128,093105,556,23
MTELEKOM,0,20110128,093105,556,4977
MTELEKOM,0,20110128,093109,556,23
MTELEKOM,0,20110128,093109,556,4977
MTELEKOM,0,20110128,093110,556,23
BUX1112,0,20110128,093119,23685,1
OTP,0,20110128,093120,5737,155
OTP,0,20110128,093120,5737,261
OTP,0,20110128,093120,5736,463
OTP,0,20110128,093120,5736,482
OTP,0,20110128,093126,5737,150
OTP,0,20110128,093130,5735,175
OTP,0,20110128,093133,5735,100
OTP,0,20110128,093141,5735,50
OTP,0,20110128,093141,5735,1
FHB,0,20110128,093148,1015,222
EGIS,0,20110128,093151,21000,396
EGIS,0,20110128,093151,21000,300
OTP,0,20110128,093152,5735,620
CSEPEL,0,20110128,093201,526,50
CSEPEL,0,20110128,093201,526,50
OTP,0,20110128,093202,5735,54
OTP,0,20110128,093202,5735,2
OTP,0,20110128,093202,5735,244
EGIS,0,20110128,093208,21000,4
OTP,0,20110128,093209,5735,256
BUX1112,0,20110128,093209,23652,10
OTP,0,20110128,093210,5734,20
OTP,0,20110128,093210,5734,45
OTP,0,20110128,093210,5734,155
OTP,0,20110128,093210,5734,100
MTELEKOM,0,20110128,093213,555,4662
MTELEKOM,0,20110128,093213,555,338
MTELEKOM,0,20110128,093215,555,2647
MTELEKOM,0,20110128,093215,555,1000
RICHTER,0,20110128,093216,42755,3
EGIS,0,20110128,093222,21095,1
OTP,0,20110128,093223,5734,50
OTP,0,20110128,093224,5734,438
OTP,0,20110128,093224,5732,1000
OTP,0,20110128,093224,5732,500
OTP,0,20110128,093224,5731,11
OTP,0,20110128,093224,5731,300
OTP,0,20110128,093224,5731,2751
RABA,0,20110128,093230,842,260
OTP,0,20110128,093242,5731,50
OTP,0,20110128,093244,5731,199
OTP,0,20110128,093244,5731,53
OTP,0,20110128,093244,5730,50
OTP,0,20110128,093244,5730,25
OTP,0,20110128,093244,5730,30
OTP,0,20110128,093244,5730,13
OTP,0,20110128,093244,5730,15
OTP,0,20110128,093244,5730,90
OTP,0,20110128,093244,5730,10
OTP,0,20110128,093244,5730,60
OTP,0,20110128,093244,5727,50
OTP,0,20110128,093244,5726,360
OTP,0,20110128,093244,5726,1045
OTP,0,20110128,093244,5726,30
OTP,0,20110128,093244,5726,79
OTP,0,20110128,093244,5726,60
OTP,0,20110128,093244,5726,75
OTP,0,20110128,093244,5726,350
MOL,0,20110128,093255,22240,10
MOL,0,20110128,093255,22240,190
BUX1112,0,20110128,093255,23653,1
BUX1112,0,20110128,093255,23653,1
OTP,0,20110128,093257,5727,96
OTP,0,20110128,093257,5726,184
OTP,0,20110128,093301,5726,177
OTP,0,20110128,093301,5726,23
OTP,0,20110128,093302,5726,50
OTP,0,20110128,093305,5726,41
OTP,0,20110128,093309,5726,190
RICHTER,0,20110128,093310,42725,10
MOL,0,20110128,093310,22240,15
MTELEKOM,0,20110128,093311,554,63
OTP,0,20110128,093313,5726,132
OTP,0,20110128,093317,5727,100
OTP,0,20110128,093318,5725,25
OTP,0,20110128,093318,5725,165
OTP,0,20110128,093318,5725,30
OTP,0,20110128,093318,5725,1000
OTP,0,20110128,093318,5725,13
OTP,0,20110128,093318,5725,40
OTP,0,20110128,093318,5725,25
OTP,0,20110128,093319,5725,202
OTP,0,20110128,093319,5726,798
BUX1112,0,20110128,093323,23660,1
OTP,0,20110128,093329,5726,20
OTP,0,20110128,093332,5726,182
OTP,0,20110128,093332,5730,100
OTP,0,20110128,093332,5730,200
OTP,0,20110128,093332,5730,400
OTP,0,20110128,093332,5730,118
MTELEKOM,0,20110128,093339,554,458
MTELEKOM,0,20110128,093339,554,4000
MTELEKOM,0,20110128,093339,554,400
MTELEKOM,0,20110128,093339,554,400
MTELEKOM,0,20110128,093339,553,2500
MTELEKOM,0,20110128,093339,553,100
MTELEKOM,0,20110128,093339,553,642
MOL,0,20110128,093339,22240,25
MOL,0,20110128,093339,22240,32
EGIS,0,20110128,093340,21000,21
RICHTER,0,20110128,093343,42720,50
MOL,0,20110128,093343,22240,168
MOL,0,20110128,093343,22235,397
MOL,0,20110128,093343,22235,30
MOL,0,20110128,093343,22225,6
MOL,0,20110128,093343,22225,299
MOL,0,20110128,093347,22225,201
OTP,0,20110128,093351,5729,1000
OTP,0,20110128,093351,5730,32
MOL,0,20110128,093357,22220,200
MOL,0,20110128,093400,22220,24
MOL,0,20110128,093402,22225,176
MOL,0,20110128,093402,22205,50
MOL,0,20110128,093402,22200,10
MOL,0,20110128,093402,22200,15
MOL,0,20110128,093402,22200,5
MOL,0,20110128,093402,22200,40
MOL,0,20110128,093402,22200,74
RICHTER,0,20110128,093405,42700,80
RICHTER,0,20110128,093405,42700,20
MOL,0,20110128,093407,22225,176
BUX1112,0,20110128,093407,23660,2
CSEPEL,0,20110128,093407,526,100
MOL,0,20110128,093410,22215,7
MOL,0,20110128,093410,22200,93
BUX1112,0,20110128,093410,23653,10
BUX1112,0,20110128,093410,23653,4
BUX1112,0,20110128,093410,23653,16
RICHTER,0,20110128,093418,42700,50
RICHTER,0,20110128,093418,42700,30
MOL,0,20110128,093419,22200,83
BUX1112,0,20110128,093419,23653,11
RICHTER,0,20110128,093420,42700,40
OTP,0,20110128,093422,5735,170
OTP,0,20110128,093422,5735,50
OTP,0,20110128,093427,5735,524
OTP,0,20110128,093427,5738,50
OTP,0,20110128,093427,5739,14
OTP,0,20110128,093427,5739,36
OTP,0,20110128,093427,5739,153
EGIS,0,20110128,093435,21000,98
RICHTER,0,20110128,093436,42700,30
RICHTER,0,20110128,093436,42700,15
RICHTER,0,20110128,093436,42700,55
BUX1112,0,20110128,093441,23655,1
OTP,0,20110128,093441,5730,76
MOL,0,20110128,093441,22200,117
MOL,0,20110128,093441,22200,50
MOL,0,20110128,093441,22200,150
MOL,0,20110128,093441,22200,50
MOL,0,20110128,093441,22235,300
BUX1112,0,20110128,093449,23655,3
MOL,0,20110128,093451,22200,50
MOL,0,20110128,093452,22205,55
MOL,0,20110128,093452,22200,145
RICHTER,0,20110128,093457,42700,25
RICHTER,0,20110128,093457,42700,25
RICHTER,0,20110128,093501,42700,45
RICHTER,0,20110128,093501,42700,5
BUX1112,0,20110128,093512,23653,2
OTP,0,20110128,093512,5730,800
MOL,0,20110128,093513,22205,50
MOL,0,20110128,093513,22200,10
OTP,0,20110128,093515,5735,50
OTP,0,20110128,093524,5731,87
OTP,0,20110128,093524,5730,13
MOL,0,20110128,093535,22240,147
MOL,0,20110128,093535,22240,16
OTP,0,20110128,093552,5735,50
OTP,0,20110128,093555,5731,10
OTP,0,20110128,093555,5731,30
MOL,0,20110128,093619,22235,2
RICHTER,0,20110128,093628,42700,26
FHB,0,20110128,093629,1015,278
FHB,0,20110128,093629,1015,450
FHB,0,20110128,093629,1012,162
OTP,0,20110128,093631,5735,180
OTP,0,20110128,093639,5735,20
OTP,0,20110128,093639,5731,70
OTP,0,20110128,093639,5730,10
EGIS,0,20110128,093640,21000,32
CSEPEL,0,20110128,093644,523,500
CSEPEL,0,20110128,093644,520,250
OTP,0,20110128,093646,5731,20
OTP,0,20110128,093646,5731,28
OTP,0,20110128,093650,5738,40
RABA,0,20110128,093653,842,2
OTP,0,20110128,093708,5731,202
OTP,0,20110128,093708,5731,490
OTP,0,20110128,093708,5731,12
MTELEKOM,0,20110128,093721,554,399
OTP,0,20110128,093727,5734,100
OTP,0,20110128,093727,5733,500
OTP,0,20110128,093727,5738,960
OTP,0,20110128,093727,5738,166
OTP,0,20110128,093727,5739,1847
OTP,0,20110128,093727,5739,3000
OTP,0,20110128,093727,5740,418
OTP,0,20110128,093727,5740,3609
OTP,0,20110128,093732,5739,70
OTP,0,20110128,093735,5740,150
OTP,0,20110128,093736,5739,796
MOL,0,20110128,093738,22235,20
MOL,0,20110128,093741,22235,3
MOL,0,20110128,093753,22205,11
OTP,0,20110128,093755,5739,1204
OTP,0,20110128,093755,5739,500
OTP,0,20110128,093755,5739,1200
OTP,0,20110128,093755,5740,596
OTP,0,20110128,093805,5735,41
MOL,0,20110128,093808,22235,85
MOL,0,20110128,093808,22235,78
OTP,0,20110128,093809,5735,54
OTP,0,20110128,093809,5735,143
OTP,0,20110128,093809,5735,3
MOL,0,20110128,093810,22235,16
RICHTER,0,20110128,093815,42725,5
MTELEKOM,0,20110128,093815,554,65
OTP,0,20110128,093819,5740,100
MOL,0,20110128,093820,22240,184
MOL,0,20110128,093820,22240,32
MOL,0,20110128,093820,22250,250
RICHTER,0,20110128,093825,42710,1
RICHTER,0,20110128,093831,42700,4
MOL,0,20110128,093833,22250,34
OTP,0,20110128,093834,5740,100
OTP,0,20110128,093835,5735,10
OTP,0,20110128,093835,5740,1000
MOL,0,20110128,093838,22235,21
MOL,0,20110128,093838,22235,200
OTP,0,20110128,093842,5740,50
MOL,0,20110128,093842,22250,166
OTP,0,20110128,093843,5740,500
MOL,0,20110128,093845,22250,24
OTP,0,20110128,093847,5740,5000
OTP,0,20110128,093848,5739,50
OTP,0,20110128,093849,5739,486
OTP,0,20110128,093853,5739,14
OTP,0,20110128,093854,5740,50
OTP,0,20110128,093856,5740,1111
OTP,0,20110128,093856,5740,104
OTP,0,20110128,093856,5740,896
OTP,0,20110128,093859,5740,500
OTP,0,20110128,093903,5740,2604
OTP,0,20110128,093903,5740,8
OTP,0,20110128,093903,5740,238
OTP,0,20110128,093903,5740,100
OTP,0,20110128,093903,5740,1050
OTP,0,20110128,093907,5740,100
OTP,0,20110128,093907,5739,76
OTP,0,20110128,093907,5740,440
OTP,0,20110128,093907,5740,2180
OTP,0,20110128,093907,5740,300
OTP,0,20110128,093907,5740,585
OTP,0,20110128,093907,5740,300
MOL,0,20110128,093916,22210,50
MOL,0,20110128,093916,22205,29
MOL,0,20110128,093916,22205,20
MOL,0,20110128,093916,22205,90
MOL,0,20110128,093916,22205,11
MOL,0,20110128,093916,22205,21
OTP,0,20110128,093916,5741,1
OTP,0,20110128,093918,5745,10
OTP,0,20110128,093918,5745,10
RICHTER,0,20110128,093921,42750,50
RICHTER,0,20110128,093921,42750,45
OTP,0,20110128,093922,5745,190
OTP,0,20110128,093925,5745,100
RABA,0,20110128,093926,842,15
BUX1112,0,20110128,093927,23680,12
TVK,0,20110128,093928,3395,2
OTP,0,20110128,093932,5748,500
OTP,0,20110128,093932,5748,1000
OTP,0,20110128,093932,5745,900
OTP,0,20110128,093936,5745,100
MOL,0,20110128,093941,22205,68
MOL,0,20110128,093941,22200,295
MOL,0,20110128,093941,22200,50
MOL,0,20110128,093941,22200,200
MOL,0,20110128,093941,22200,260
EGIS,0,20110128,094003,21000,6
EGIS,0,20110128,094004,21000,29
BUX1112,0,20110128,094008,23680,1
BUX1112,0,20110128,094013,23660,1
MOL,0,20110128,094016,22220,5
OTP,0,20110128,094016,5749,200
MOL,0,20110128,094021,22200,9
MOL,0,20110128,094021,22200,91
OTP,0,20110128,094024,5745,40
OTP,0,20110128,094024,5745,20
MOL,0,20110128,094033,22200,159
BUX1112,0,20110128,094035,23679,1
BUX1112,0,20110128,094035,23680,4
MOL,0,20110128,094036,22235,50
MOL,0,20110128,094036,22235,51
OTP,0,20110128,094048,5746,500
BUX1112,0,20110128,094048,23679,2
OTP,0,20110128,094056,5745,10
OTP,0,20110128,094056,5745,100
OTP,0,20110128,094056,5745,890
BUX1112,0,20110128,094059,23675,1
BUX1112,0,20110128,094105,23675,5
RFV,0,20110128,094107,9150,10
OTP,0,20110128,094114,5746,10
OTP,0,20110128,094114,5745,81
OTP,0,20110128,094114,5745,6
OTP,0,20110128,094115,5745,63
OTP,0,20110128,094115,5745,12
BUX1112,0,20110128,094120,23675,10
BUX1112,0,20110128,094120,23675,3
BUX1112,0,20110128,094122,23675,20
MOL,0,20110128,094122,22230,300
OTP,0,20110128,094136,5743,67
OTP,0,20110128,094136,5743,33
BUX1112,0,20110128,094154,23675,3
MOL,0,20110128,094205,22230,100
RICHTER,0,20110128,094209,42750,84
MTELEKOM,0,20110128,094209,554,4000
OTP,0,20110128,094210,5745,1000
MTELEKOM,0,20110128,094211,554,1300
BUX1112,0,20110128,094217,23679,3
BUX1112,0,20110128,094217,23680,7
OTP,0,20110128,094231,5745,100
OTP,0,20110128,094231,5745,125
OTP,0,20110128,094231,5745,218
FHB,0,20110128,094237,1011,25
MOL,0,20110128,094237,22235,10
BUX1112,0,20110128,094240,23680,1
BUX1112,0,20110128,094246,23680,35
BUX1112,0,20110128,094246,23667,3
BUX1112,0,20110128,094246,23666,1
BUX1112,0,20110128,094246,23660,2
BUX1112,0,20110128,094246,23660,1
BUX1112,0,20110128,094246,23657,1
BUX1112,0,20110128,094246,23656,2
BUX1112,0,20110128,094246,23656,1
BUX1112,0,20110128,094246,23655,1
BUX1112,0,20110128,094246,23655,1
BUX1112,0,20110128,094246,23655,10
BUX1112,0,20110128,094246,23653,2
BUX1112,0,20110128,094246,23652,5
BUX1112,0,20110128,094246,23652,2
BUX1112,0,20110128,094246,23651,1
BUX1112,0,20110128,094246,23651,5
BUX1112,0,20110128,094246,23651,1
BUX1112,0,20110128,094246,23650.5,2
BUX1112,0,20110128,094246,23650,24
PANNERGY,0,20110128,094247,908,100
MTELEKOM,0,20110128,094255,554,200
BUX1112,0,20110128,094256,23684,1
OTP,0,20110128,094259,5748,165
OTP,0,20110128,094259,5748,85
MOL,0,20110128,094259,22230,100
OTP,0,20110128,094304,5745,100
OTP,0,20110128,094310,5743,42
RICHTER,0,20110128,094315,42750,11
MOL,0,20110128,094315,22205,12
MTELEKOM,0,20110128,094315,554,63
MOL,0,20110128,094322,22200,3
MTELEKOM,0,20110128,094327,554,100
OTP,0,20110128,094337,5745,290
MTELEKOM,0,20110128,094359,554,100
OTP,0,20110128,094403,5743,897
OTP,0,20110128,094403,5741,1999
OTP,0,20110128,094403,5741,650
OTP,0,20110128,094403,5740,540
OTP,0,20110128,094403,5740,914
OTP,0,20110128,094403,5740,86
OTP,0,20110128,094403,5740,4
RICHTER,0,20110128,094408,42750,39
HUMET,0,20110128,094410,10,4897
HUMET,0,20110128,094410,10,5103
BUX1112,0,20110128,094412,23680,10
OTP,0,20110128,094426,5744,100
BUX1112,0,20110128,094432,23684,2
BUX1112,0,20110128,094435,23680,3
OTP,0,20110128,094437,5741,703
OTP,0,20110128,094437,5741,783
OTP,0,20110128,094437,5740,16
OTP,0,20110128,094437,5740,498
BUX1112,0,20110128,094440,23680,2
OTP,0,20110128,094443,5740,40
RICHTER,0,20110128,094443,42750,64
OTP,0,20110128,094456,5740,557
OTP,0,20110128,094456,5740,485
BUX1112,0,20110128,094505,23689,4
RICHTER,0,20110128,094519,42745,200
MOL,0,20110128,094524,22205,100
OTP,0,20110128,094529,5740,500
MOL,0,20110128,094531,22210,76
OTP,0,20110128,094533,5740,81
CSEPEL,0,20110128,094538,520,150
OTP,0,20110128,094539,5740,12
OTP,0,20110128,094541,5735,200
OTP,0,20110128,094548,5735,37
OTP,0,20110128,094548,5735,100
OTP,0,20110128,094548,5734,7
BUX1112,0,20110128,094548,23680,31
RICHTER,0,20110128,094554,42745,100
OTP,0,20110128,094554,5740,25
OTP,0,20110128,094609,5734,30
OTP,0,20110128,094609,5740,200
EBGOLD,0,20110128,094616,2625,300
OTP,0,20110128,094620,5740,1140
OTP,0,20110128,094620,5740,580
OTP,0,20110128,094620,5740,384
MTELEKOM,0,20110128,094623,555,208
MOL,0,20110128,094627,22225,100
OTP,0,20110128,094629,5740,1896
MOL,0,20110128,094631,22230,13
MOL,0,20110128,094631,22230,312
MOL,0,20110128,094641,22235,5
MOL,0,20110128,094641,22235,124
MOL,0,20110128,094641,22240,26
MOL,0,20110128,094641,22245,149
MOL,0,20110128,094641,22250,200
MOL,0,20110128,094644,22250,87
FHB,0,20110128,094646,1012,975
MOL,0,20110128,094649,22250,200
MOL,0,20110128,094653,22250,39
MOL,0,20110128,094653,22250,52
MOL,0,20110128,094659,22250,9
FHB,0,20110128,094700,1012,25
OTP,0,20110128,094704,5740,300
MOL,0,20110128,094710,22255,200
OTP,0,20110128,094718,5740,300
MOL,0,20110128,094722,22250,9
BUX1112,0,20110128,094729,23680,1
OTP,0,20110128,094742,5735,59
OTP,0,20110128,094742,5735,41
OTP,0,20110128,094744,5735,203
OTP,0,20110128,094750,5740,60
OTP,0,20110128,094754,5740,100
OTP,0,20110128,094803,5740,300
MOL,0,20110128,094805,22255,200
OTP,0,20110128,094811,5736,40
RICHTER,0,20110128,094815,42730,10
MOL,0,20110128,094815,22250,16
MTELEKOM,0,20110128,094820,554,64
OTP,0,20110128,094822,5740,44
OTP,0,20110128,094822,5740,205
OTP,0,20110128,094822,5740,100
MTELEKOM,0,20110128,094822,554,100
BUX1112,0,20110128,094822,23680,2
OTP,0,20110128,094826,5740,1651
OTP,0,20110128,094834,5740,100
OTP,0,20110128,094851,5740,100
OTP,0,20110128,094911,5737,70
OTP,0,20110128,094917,5737,50
BUX1112,0,20110128,094919,23657,1
OTP,0,20110128,094922,5737,10
RFV,0,20110128,094922,9190,30
CSEPEL,0,20110128,094923,520,60
OTP,0,20110128,094945,5738,100
OTP,0,20110128,094954,5738,11
RICHTER,0,20110128,094955,42725,4
RICHTER,0,20110128,094955,42720,25
RICHTER,0,20110128,094955,42710,5
RICHTER,0,20110128,094955,42705,20
RICHTER,0,20110128,094955,42700,40
RICHTER,0,20110128,094955,42700,50
RICHTER,0,20110128,094955,42700,50
OTP,0,20110128,095001,5737,80
OTP,0,20110128,095001,5737,482
OTP,0,20110128,095001,5736,60
OTP,0,20110128,095001,5736,50
OTP,0,20110128,095001,5735,1728
RICHTER,0,20110128,095008,42745,100
MTELEKOM,0,20110128,095023,554,100
MOL,0,20110128,095024,22250,19
RICHTER,0,20110128,095025,42700,70
RFV,0,20110128,095028,9190,20
OTP,0,20110128,095030,5738,89
OTP,0,20110128,095030,5740,11
RICHTER,0,20110128,095030,42700,70
RICHTER,0,20110128,095042,42700,70
MOL,0,20110128,095051,22250,7
CSEPEL,0,20110128,095051,520,400
RFV,0,20110128,095053,9160,5
OTP,0,20110128,095058,5737,65
BUX1112,0,20110128,095109,23679,5
BUX1112,0,20110128,095109,23679,5
RFV,0,20110128,095109,9190,25
OTP,0,20110128,095113,5740,50
MOL,0,20110128,095120,22285,100
MOL,0,20110128,095120,22285,108
MTELEKOM,0,20110128,095123,555,1145
MTELEKOM,0,20110128,095123,555,5000
MTELEKOM,0,20110128,095123,555,500
MTELEKOM,0,20110128,095123,555,1000
MTELEKOM,0,20110128,095123,555,3000
MTELEKOM,0,20110128,095123,555,1359
MTELEKOM,0,20110128,095123,556,4977
MTELEKOM,0,20110128,095123,556,5000
MTELEKOM,0,20110128,095123,556,1000
MTELEKOM,0,20110128,095123,556,3069
MTELEKOM,0,20110128,095140,555,400
MTELEKOM,0,20110128,095140,555,4600
MTELEKOM,0,20110128,095142,555,400
OTP,0,20110128,095145,5737,122
OTP,0,20110128,095147,5740,200
PANNERGY,0,20110128,095156,908,100
MTELEKOM,0,20110128,095159,555,3500
MTELEKOM,0,20110128,095200,556,4931
OTP,0,20110128,095212,5740,100
OTP,0,20110128,095228,5737,364
MTELEKOM,0,20110128,095231,556,69
BUX1112,0,20110128,095238,23661,1
ECONET,0,20110128,095244,90,3395
ECONET,0,20110128,095244,90,12000
ECONET,0,20110128,095244,90,405
EGIS,0,20110128,095249,21005,5
EGIS,0,20110128,095249,21000,5
RICHTER,0,20110128,095309,42705,2
OTP,0,20110128,095315,5735,28
OTP,0,20110128,095315,5735,14
RICHTER,0,20110128,095320,42705,10
MOL,0,20110128,095320,22260,15
MTELEKOM,0,20110128,095320,555,64
OTP,0,20110128,095322,5737,200
OTP,0,20110128,095323,5735,36
OTP,0,20110128,095323,5735,50
OTP,0,20110128,095323,5734,464
CSEPEL,0,20110128,095329,520,190
RICHTER,0,20110128,095330,42705,38
RICHTER,0,20110128,095330,42705,15
RICHTER,0,20110128,095330,42700,70
RICHTER,0,20110128,095330,42700,100
MTELEKOM,0,20110128,095335,555,1036
MTELEKOM,0,20110128,095335,555,364
PANNERGY,0,20110128,095338,909,8
PANNERGY,0,20110128,095338,908,38
PANNERGY,0,20110128,095338,908,54
MOL,0,20110128,095342,22260,20
MTELEKOM,0,20110128,095343,555,4636
RICHTER,0,20110128,095356,42705,1
RICHTER,0,20110128,095356,42700,8
RICHTER,0,20110128,095401,42745,15
MOL,0,20110128,095403,22260,30
MOL,0,20110128,095403,22255,170
RICHTER,0,20110128,095407,42700,2
RICHTER,0,20110128,095407,42700,136
OTP,0,20110128,095418,5734,381
PANNERGY,0,20110128,095433,908,46
PANNERGY,0,20110128,095433,907,54
OTP,0,20110128,095444,5734,100
OTP,0,20110128,095447,5734,100
MTELEKOM,0,20110128,095524,554,900
BUX1112,0,20110128,095538,23661,5
BUX1112,0,20110128,095538,23660,2
BUX1112,0,20110128,095538,23660,1
BUX1112,0,20110128,095538,23660,2
BUX1112,0,20110128,095538,23656,4
BUX1112,0,20110128,095538,23655.5,2
BUX1112,0,20110128,095538,23655,25
BUX1112,0,20110128,095538,23654,2
BUX1112,0,20110128,095538,23653,10
BUX1112,0,20110128,095538,23652,15
BUX1112,0,20110128,095538,23650,26
MTELEKOM,0,20110128,095543,554,500
MTELEKOM,0,20110128,095557,554,100
OTP,0,20110128,095559,5735,300
OTP,0,20110128,095559,5734,158
OTP,0,20110128,095606,5734,42
PANNERGY,0,20110128,095606,907,156
PANNERGY,0,20110128,095606,907,140
PANNERGY,0,20110128,095606,906,177
PANNERGY,0,20110128,095606,906,100
PANNERGY,0,20110128,095606,906,135
PANNERGY,0,20110128,095606,905,100
PANNERGY,0,20110128,095606,905,992
MOL,0,20110128,095608,22255,30
MOL,0,20110128,095608,22255,70
MTELEKOM,0,20110128,095615,554,400
RFV,0,20110128,095616,9161,20
KEG,0,20110128,095635,128,78
OTP,0,20110128,095643,5734,75
MTELEKOM,0,20110128,095647,554,1609
MTELEKOM,0,20110128,095647,554,591
OTP,0,20110128,095649,5740,100
MOL,0,20110128,095649,22285,50
MOL,0,20110128,095649,22285,45
MOL,0,20110128,095649,22300,100
MOL,0,20110128,095649,22300,105
BUX1112,0,20110128,095653,23672,1
BUX1112,0,20110128,095653,23674,2
OTP,0,20110128,095658,5739,70
OTP,0,20110128,095702,5735,1000
OTP,0,20110128,095702,5734,91
OTP,0,20110128,095702,5733,100
OTP,0,20110128,095702,5733,23
OTP,0,20110128,095702,5733,482
OTP,0,20110128,095702,5732,100
OTP,0,20110128,095702,5732,200
OTP,0,20110128,095702,5731,43
OTP,0,20110128,095702,5731,45
OTP,0,20110128,095702,5731,166
OTP,0,20110128,095702,5731,25
OTP,0,20110128,095702,5731,500
OTP,0,20110128,095702,5731,48
OTP,0,20110128,095702,5730,577
OTP,0,20110128,095702,5730,423
OTP,0,20110128,095702,5730,2500
OTP,0,20110128,095702,5730,50
OTP,0,20110128,095702,5730,20
OTP,0,20110128,095702,5730,2000
OTP,0,20110128,095702,5730,4007
OTP,0,20110128,095703,5739,124
OTP,0,20110128,095703,5740,376
MTELEKOM,0,20110128,095718,554,409
MTELEKOM,0,20110128,095718,554,360
OTP,0,20110128,095725,5733,100
OTP,0,20110128,095725,5732,100
OTP,0,20110128,095725,5732,900
OTP,0,20110128,095743,5740,312
OTP,0,20110128,095743,5740,488
OTP,0,20110128,095753,5740,12
OTP,0,20110128,095753,5740,88
OTP,0,20110128,095754,5740,100
BUX1112,0,20110128,095755,23674,7
BUX1112,0,20110128,095755,23677,1
MTELEKOM,0,20110128,095809,554,695
MTELEKOM,0,20110128,095809,554,305
OTP,0,20110128,095809,5740,12
OTP,0,20110128,095809,5740,50
OTP,0,20110128,095809,5740,500
OTP,0,20110128,095815,5740,41
OTP,0,20110128,095816,5740,80
RICHTER,0,20110128,095820,42705,10
MOL,0,20110128,095820,22280,10
MTELEKOM,0,20110128,095820,553,63
MTELEKOM,0,20110128,095822,553,1400
MTELEKOM,0,20110128,095822,553,100
OTP,0,20110128,095826,5747,450
MOL,0,20110128,095827,22260,6
MOL,0,20110128,095828,22260,184
MOL,0,20110128,095828,22260,16
BUX1112,0,20110128,095854,23677,2
MTELEKOM,0,20110128,095855,553,1200
BUX1112,0,20110128,095901,23677,7
BUX1112,0,20110128,095901,23679,8
RFV,0,20110128,095915,9161,1
RFV,0,20110128,095915,9160,16
RFV,0,20110128,095915,9160,21
BUX1112,0,20110128,095916,23679,1
OTP,0,20110128,095926,5748,166
OTP,0,20110128,095926,5748,334
MTELEKOM,0,20110128,095927,553,550
MTELEKOM,0,20110128,095927,553,100
MTELEKOM,0,20110128,095927,553,553
MTELEKOM,0,20110128,095927,553,197
OTP,0,20110128,095928,5745,100
BUX1112,0,20110128,095930,23655,15
BUX1112,0,20110128,095930,23652.5,1
BUX1112,0,20110128,095930,23652,2
BUX1112,0,20110128,095930,23652,10
BUX1112,0,20110128,095930,23651,10
BUX1112,0,20110128,095930,23651,2
BUX1112,0,20110128,095930,23650,2
BUX1112,0,20110128,095930,23650,20
BUX1112,0,20110128,095938,23650,33
MTELEKOM,0,20110128,095941,554,1000
AAA,0,20110128,095959,282,500
BUX1112,0,20110128,100009,23665,10
BUX1112,0,20110128,100022,23678,1
MOL,0,20110128,100024,22270,3
MOL,0,20110128,100024,22260,27
OTP,0,20110128,100026,5745,50
OTP,0,20110128,100026,5740,30
OTP,0,20110128,100037,5748,66
OTP,0,20110128,100037,5749,200
OTP,0,20110128,100037,5749,108
OTP,0,20110128,100037,5749,60
OTP,0,20110128,100037,5750,578
OTP,0,20110128,100037,5750,320
OTP,0,20110128,100037,5750,168
OTP,0,20110128,100037,5750,300
CSEPEL,0,20110128,100038,511,10
RICHTER,0,20110128,100040,42725,9
OTP,0,20110128,100050,5750,32
OTP,0,20110128,100050,5750,28
OTP,0,20110128,100050,5750,173
OTP,0,20110128,100050,5750,400
OTP,0,20110128,100050,5750,867
OTP,0,20110128,100103,5750,133
OTP,0,20110128,100103,5750,58
OTP,0,20110128,100103,5750,100
OTP,0,20110128,100103,5750,130
OTP,0,20110128,100103,5750,200
OTP,0,20110128,100103,5750,95
OTP,0,20110128,100103,5750,182
OTP,0,20110128,100103,5750,1102
BUX1112,0,20110128,100109,23678,1
OTP,0,20110128,100116,5750,898
OTP,0,20110128,100116,5750,2000
BUX1112,0,20110128,100117,23678,13
BUX1112,0,20110128,100117,23679,11
BUX1112,0,20110128,100117,23680,26
AAA,0,20110128,100119,284,500
BUX1112,0,20110128,100132,23680,30
OTP,0,20110128,100135,5750,206
MTELEKOM,0,20110128,100136,554,395
MTELEKOM,0,20110128,100136,554,605
BUX1112,0,20110128,100138,23680,10
OTP,0,20110128,100140,5750,1896
OTP,0,20110128,100140,5750,976
OTP,0,20110128,100140,5750,3000
OTP,0,20110128,100142,5750,128
OTP,0,20110128,100204,5747,85
MOL,0,20110128,100204,22280,5
BUX1112,0,20110128,100222,23690,1
OTP,0,20110128,100223,5750,1500
OTP,0,20110128,100234,5750,75
MTELEKOM,0,20110128,100246,554,445
OTP,0,20110128,100247,5750,425
FHB,0,20110128,100248,1010,373
OTP,0,20110128,100251,5750,50
FHB,0,20110128,100258,1010,57
OTP,0,20110128,100312,5748,166
RICHTER,0,20110128,100320,42725,11
OTP,0,20110128,100320,5748,41
OTP,0,20110128,100322,5750,525
OTP,0,20110128,100322,5750,2000
OTP,0,20110128,100322,5750,200
MOL,0,20110128,100325,22265,5
MOL,0,20110128,100325,22260,7
MOL,0,20110128,100325,22260,74
MOL,0,20110128,100325,22260,71
MOL,0,20110128,100325,22260,35
MOL,0,20110128,100325,22255,8
MTELEKOM,0,20110128,100326,553,65
OTP,0,20110128,100328,5750,2000
MOL,0,20110128,100328,22265,16
MOL,0,20110128,100328,22280,26
MOL,0,20110128,100331,22300,3
OTP,0,20110128,100339,5755,275
OTP,0,20110128,100339,5755,25
MTELEKOM,0,20110128,100343,553,400
OTP,0,20110128,100411,5751,20
MTELEKOM,0,20110128,100415,553,338
MTELEKOM,0,20110128,100415,553,200
MTELEKOM,0,20110128,100415,553,62
MTELEKOM,0,20110128,100419,554,150
MTELEKOM,0,20110128,100419,554,550
BUX1112,0,20110128,100427,23680,1
BUX1112,0,20110128,100452,23680,13
OTP,0,20110128,100456,5751,180
OTP,0,20110128,100456,5751,10
OTP,0,20110128,100456,5750,100
PANNERGY,0,20110128,100457,906,200
PANNERGY,0,20110128,100457,905,8
PANNERGY,0,20110128,100457,905,92
OTP,0,20110128,100459,5750,180
RICHTER,0,20110128,100503,42750,47
RICHTER,0,20110128,100503,42750,53
ECONET,0,20110128,100540,89,300
ECONET,0,20110128,100540,89,700
RFV,0,20110128,100559,9200,67
RFV,0,20110128,100559,9200,33
MOL,0,20110128,100606,22300,40
MOL,0,20110128,100610,22300,52
MOL,0,20110128,100610,22300,100
MOL,0,20110128,100610,22300,55
MOL,0,20110128,100610,22300,43
OTP,0,20110128,100616,5750,300
OTP,0,20110128,100618,5750,230
OTP,0,20110128,100618,5750,10
OTP,0,20110128,100618,5751,200
MTELEKOM,0,20110128,100627,554,1000
BUX1112,0,20110128,100638,23675,4
MOL,0,20110128,100648,22300,50
OTP,0,20110128,100701,5751,543
ECONET,0,20110128,100704,90,350
MOL,0,20110128,100709,22280,100
OTP,0,20110128,100711,5750,1457
MOL,0,20110128,100712,22300,7
MOL,0,20110128,100712,22300,25
MOL,0,20110128,100714,22310,5
FHB,0,20110128,100717,1010,30
MOL,0,20110128,100719,22340,6
MTELEKOM,0,20110128,100727,553,438
MTELEKOM,0,20110128,100727,553,62
RICHTER,0,20110128,100732,42750,68
OTP,0,20110128,100732,5750,362
RICHTER,0,20110128,100739,42750,32
RICHTER,0,20110128,100747,42750,68
RICHTER,0,20110128,100747,42750,64
RICHTER,0,20110128,100752,42750,68
MTELEKOM,0,20110128,100759,553,18
MTELEKOM,0,20110128,100759,553,382
OTP,0,20110128,100820,5750,41
RICHTER,0,20110128,100825,42730,1
MOL,0,20110128,100825,22290,10
MOL,0,20110128,100825,22290,5
MTELEKOM,0,20110128,100825,553,63
MTELEKOM,0,20110128,100831,553,300
RICHTER,0,20110128,100835,42725,5
PANNERGY,0,20110128,100835,909,100
MOL,0,20110128,100836,22290,40
MOL,0,20110128,100836,22290,32
MTELEKOM,0,20110128,100838,554,100
MTELEKOM,0,20110128,100838,554,350
MOL,0,20110128,100839,22340,44
MOL,0,20110128,100839,22340,4
RICHTER,0,20110128,100839,42725,4
RICHTER,0,20110128,100839,42795,46
FHB,0,20110128,100839,1017,40
CSEPEL,0,20110128,100850,518,20
OTP,0,20110128,100850,5750,20
OTP,0,20110128,100855,5750,100
OTP,0,20110128,100856,5750,20
OTP,0,20110128,100856,5750,80
MOL,0,20110128,100914,22290,28
MOL,0,20110128,100914,22285,12
BUX1112,0,20110128,100917,23699.5,1
OTP,0,20110128,100922,5750,20
OTP,0,20110128,100922,5750,80
RICHTER,0,20110128,101012,42725,21
RICHTER,0,20110128,101012,42760,200
OTP,0,20110128,101022,5750,20
OTP,0,20110128,101039,5750,486
OTP,0,20110128,101039,5750,469
MOL,0,20110128,101048,22300,50
MOL,0,20110128,101051,22300,74
MOL,0,20110128,101058,22285,200
GENESIS,0,20110128,101207,204,1000
OTP,0,20110128,101222,5754,20
MTELEKOM,0,20110128,101229,553,20
MTELEKOM,0,20110128,101247,553,200
RICHTER,0,20110128,101256,42760,30
CSEPEL,0,20110128,101259,518,300
OTP,0,20110128,101303,5750,1031
OTP,0,20110128,101303,5750,487
OTP,0,20110128,101303,5750,20
OTP,0,20110128,101315,5750,166
MTELEKOM,0,20110128,101319,553,35
MTELEKOM,0,20110128,101319,553,165
OTP,0,20110128,101320,5748,41
RICHTER,0,20110128,101325,42735,10
MOL,0,20110128,101326,22280,16
MOL,0,20110128,101327,22300,20
MOL,0,20110128,101327,22300,100
MOL,0,20110128,101327,22300,120
MOL,0,20110128,101329,22300,8
MTELEKOM,0,20110128,101330,553,65
MOL,0,20110128,101333,22345,25
MOL,0,20110128,101337,22350,13
GENESIS,0,20110128,101337,200,300
GENESIS,0,20110128,101337,200,50
DANUBIUS,0,20110128,101343,4040,1
OTP,0,20110128,101347,5748,39
OTP,0,20110128,101347,5748,3
OTP,0,20110128,101347,5742,200
OTP,0,20110128,101347,5742,148
MTELEKOM,0,20110128,101351,553,370
MTELEKOM,0,20110128,101351,553,130
MTELEKOM,0,20110128,101409,553,10
MTELEKOM,0,20110128,101423,553,160
MTELEKOM,0,20110128,101423,553,240
KEG,0,20110128,101423,126,1000
KEG,0,20110128,101423,126,428
MOL,0,20110128,101429,22345,20
MOL,0,20110128,101429,22345,5
GENESIS,0,20110128,101448,206,30
MTELEKOM,0,20110128,101455,553,300
OTP,0,20110128,101456,5748,100
MOL,0,20110128,101459,22300,5000
MTELEKOM,0,20110128,101527,553,300
MTELEKOM,0,20110128,101559,553,200
CSEPEL,0,20110128,101607,516,50
CSEPEL,0,20110128,101607,515,10
OTP,0,20110128,101609,5749,172
OTP,0,20110128,101609,5749,162
OTP,0,20110128,101609,5750,296
OTP,0,20110128,101623,5750,100
MTELEKOM,0,20110128,101631,553,100
EBGOLD,0,20110128,101637,2630,300
MTELEKOM,0,20110128,101643,554,887
OTP,0,20110128,101646,5750,100
MOL,0,20110128,101734,22310,200
MOL,0,20110128,101736,22345,20
MOL,0,20110128,101736,22345,7
RFV,0,20110128,101742,9160,25
MOL,0,20110128,101744,22345,34
MOL,0,20110128,101744,22345,7
GENESIS,0,20110128,101801,200,36
BUX1112,0,20110128,101805,23675,10
RICHTER,0,20110128,101811,42745,11
RICHTER,0,20110128,101811,42745,25
RICHTER,0,20110128,101811,42750,25
RICHTER,0,20110128,101825,42735,10
MOL,0,20110128,101825,22310,15
OTP,0,20110128,101825,5750,41
MOL,0,20110128,101827,22345,10
OTP,0,20110128,101830,5750,400
MTELEKOM,0,20110128,101830,553,63
OTP,0,20110128,101834,5750,1729
OTP,0,20110128,101834,5750,271
RABA,0,20110128,101836,842,53
OTP,0,20110128,101837,5750,212
OTP,0,20110128,101837,5750,500
OTP,0,20110128,101837,5750,300
RICHTER,0,20110128,101915,42750,25
MOL,0,20110128,101921,22345,121
MOL,0,20110128,101921,22345,143
MOL,0,20110128,101921,22350,37
MOL,0,20110128,101921,22350,100
MOL,0,20110128,101921,22350,30
MOL,0,20110128,101921,22350,15
MOL,0,20110128,101921,22350,154
OTP,0,20110128,101922,5745,17
MOL,0,20110128,101934,22350,46
RFV,0,20110128,102001,9160,4
RFV,0,20110128,102001,9160,6
BUX1112,0,20110128,102011,23690,2
MOL,0,20110128,102014,22385,320
MOL,0,20110128,102014,22390,214
MOL,0,20110128,102021,22390,786
MOL,0,20110128,102021,22390,1
MOL,0,20110128,102021,22390,126
ETFBUXOTP,0,20110128,102023,960,1450
MOL,0,20110128,102025,22395,120
MOL,0,20110128,102025,22400,200
MOL,0,20110128,102025,22400,200
MOL,0,20110128,102025,22400,260
MOL,0,20110128,102026,22400,54
EGIS,0,20110128,102026,21000,2
MTELEKOM,0,20110128,102026,553,314
OTP,0,20110128,102026,5745,77
MOL,0,20110128,102026,22400,19
RICHTER,0,20110128,102026,42735,6
MOL,0,20110128,102026,22400,35
MTELEKOM,0,20110128,102028,553,200
OTP,0,20110128,102038,5750,130
MOL,0,20110128,102043,22395,54
FHB,0,20110128,102053,1015,50
FHB,0,20110128,102053,1017,50
MOL,0,20110128,102101,22350,204
GENESIS,0,20110128,102107,204,50
ORC,0,20110128,102109,1970,32
MOL,0,20110128,102117,22345,26
MTELEKOM,0,20110128,102119,553,100
OTP,0,20110128,102129,5750,28
OTP,0,20110128,102129,5750,200
OTP,0,20110128,102129,5750,1678
MTELEKOM,0,20110128,102151,553,200
BUX1112,0,20110128,102152,23673,2
BUX1112,0,20110128,102152,23673,2
BUX1112,0,20110128,102152,23672,11
BUX1112,0,20110128,102152,23671,1
BUX1112,0,20110128,102152,23671,10
BUX1112,0,20110128,102152,23670,30
BUX1112,0,20110128,102152,23670,30
BUX1112,0,20110128,102208,23670,10
RICHTER,0,20110128,102214,42760,50
BUX1112,0,20110128,102218,23670,4
MTELEKOM,0,20110128,102223,553,100
DANUBIUS,0,20110128,102240,4010,26
MTELEKOM,0,20110128,102255,553,100
DANUBIUS,0,20110128,102313,4010,20
MOL,0,20110128,102316,22345,20
RICHTER,0,20110128,102325,42735,11
MTELEKOM,0,20110128,102327,553,100
MOL,0,20110128,102330,22345,16
OTP,0,20110128,102330,5745,42
OTP,0,20110128,102332,5748,10
MTELEKOM,0,20110128,102335,553,64
RICHTER,0,20110128,102343,42760,4
RICHTER,0,20110128,102343,42760,56
BUX1112,0,20110128,102350,23690,1
RICHTER,0,20110128,102352,42760,220
MTELEKOM,0,20110128,102359,553,100
OTP,0,20110128,102412,5748,170
OTP,0,20110128,102440,5748,20
MTELEKOM,0,20110128,102447,553,900
MTELEKOM,0,20110128,102448,553,400
TVK,0,20110128,102453,3440,1
OTP,0,20110128,102458,5745,52
RFV,0,20110128,102506,9160,10
MTELEKOM,0,20110128,102524,554,1000
OTP,0,20110128,102629,5745,389
OTP,0,20110128,102629,5742,352
OTP,0,20110128,102629,5741,59
MOL,0,20110128,102651,22380,50
MOL,0,20110128,102651,22385,30
MOL,0,20110128,102651,22385,170
MOL,0,20110128,102656,22385,30
MOL,0,20110128,102656,22390,50
MOL,0,20110128,102656,22390,128
MOL,0,20110128,102656,22390,42
MOL,0,20110128,102709,22385,86
MOL,0,20110128,102709,22400,200
MOL,0,20110128,102709,22400,116
RICHTER,0,20110128,102733,42795,18
RICHTER,0,20110128,102733,42795,50
RICHTER,0,20110128,102733,42795,57
RICHTER,0,20110128,102733,42795,25
RICHTER,0,20110128,102733,42800,48
RICHTER,0,20110128,102733,42800,50
RICHTER,0,20110128,102733,42800,70
MOL,0,20110128,102736,22345,2
MTELEKOM,0,20110128,102753,554,17
MTELEKOM,0,20110128,102753,554,400
MTELEKOM,0,20110128,102753,554,1886
MTELEKOM,0,20110128,102754,554,800
EGIS,0,20110128,102811,21035,42
RICHTER,0,20110128,102825,42735,10
MOL,0,20110128,102830,22350,15
OTP,0,20110128,102830,5741,41
MTELEKOM,0,20110128,102835,554,64
MTELEKOM,0,20110128,102837,554,100
OTP,0,20110128,102853,5742,144
OTP,0,20110128,102853,5742,153
MOL,0,20110128,102856,22350,2
MTELEKOM,0,20110128,102910,555,400
OTP,0,20110128,102912,5742,177
OTP,0,20110128,102925,5745,36
OTP,0,20110128,102957,5745,1
CSEPEL,0,20110128,103020,518,10
CSEPEL,0,20110128,103020,525,1
AAA,0,20110128,103057,280,100
OTP,0,20110128,103100,5745,63
OTP,0,20110128,103100,5745,28
OTP,0,20110128,103108,5745,100
OTP,0,20110128,103144,5750,90
ANY,0,20110128,103151,743,10
EGIS,0,20110128,103155,21035,3
RICHTER,0,20110128,103204,42750,30
MOL,0,20110128,103215,22365,50
MOL,0,20110128,103215,22365,5
MOL,0,20110128,103215,22350,45
AAA,0,20110128,103232,280,176
AAA,0,20110128,103232,285,74
MTELEKOM,0,20110128,103257,554,3171
MTELEKOM,0,20110128,103257,554,500
MTELEKOM,0,20110128,103257,554,1000
OTP,0,20110128,103300,5750,155
OTP,0,20110128,103319,5750,77
OTP,0,20110128,103319,5750,100
OTP,0,20110128,103319,5750,382
RICHTER,0,20110128,103325,42735,10
MOL,0,20110128,103330,22350,16
OTP,0,20110128,103331,5750,41
OTP,0,20110128,103333,5750,400
OTP,0,20110128,103333,5745,1309
OTP,0,20110128,103333,5745,291
OTP,0,20110128,103334,5745,100
MTELEKOM,0,20110128,103340,553,64
OTP,0,20110128,103350,5746,265
MOL,0,20110128,103352,22320,9077
OTP,0,20110128,103356,5750,44
OTP,0,20110128,103401,5753,53
MTELEKOM,0,20110128,103407,553,200
MTELEKOM,0,20110128,103439,553,200
MTELEKOM,0,20110128,103511,553,100
BUX1112,0,20110128,103532,23690,1
MTELEKOM,0,20110128,103543,553,100
OTP,0,20110128,103549,5752,95
OTP,0,20110128,103603,5747,166
OTP,0,20110128,103603,5747,50
OTP,0,20110128,103603,5746,347
OTP,0,20110128,103603,5746,437
MOL,0,20110128,103643,22350,15
RICHTER,0,20110128,103644,42775,150
MTELEKOM,0,20110128,103647,553,200
RICHTER,0,20110128,103701,42755,30
RICHTER,0,20110128,103709,42735,2
MTELEKOM,0,20110128,103719,553,355
MTELEKOM,0,20110128,103719,553,100
MTELEKOM,0,20110128,103719,553,10
MTELEKOM,0,20110128,103719,553,35
MTELEKOM,0,20110128,103725,554,500
OTP,0,20110128,103734,5745,1500
OTP,0,20110128,103734,5745,12
OTP,0,20110128,103734,5745,41
OTP,0,20110128,103734,5743,797
BUX1112,0,20110128,103749,23688,3
BUX1112,0,20110128,103807,23688,1
RICHTER,0,20110128,103830,42730,11
MOL,0,20110128,103830,22350,7
MOL,0,20110128,103830,22350,8
OTP,0,20110128,103835,5745,41
MTELEKOM,0,20110128,103840,553,64
MTELEKOM,0,20110128,103855,553,200
MOL,0,20110128,103905,22370,100
OTP,0,20110128,103924,5749,40
OTP,0,20110128,103924,5749,60
MTELEKOM,0,20110128,103927,553,100
HUMET,0,20110128,103941,10,900
BUX1112,0,20110128,103958,23680,2
MTELEKOM,0,20110128,103959,553,100
OTP,0,20110128,104001,5749,49
ECONET,0,20110128,104002,89,1700
BUX1112,0,20110128,104019,23687,5
MTELEKOM,0,20110128,104031,553,1
MTELEKOM,0,20110128,104031,553,99
OTP,0,20110128,104103,5748,28
MOL,0,20110128,104119,22395,50
MOL,0,20110128,104119,22395,200
MOL,0,20110128,104119,22395,129
MOL,0,20110128,104119,22395,124
MOL,0,20110128,104119,22400,200
MOL,0,20110128,104119,22400,200
MOL,0,20110128,104119,22400,50
MOL,0,20110128,104119,22390,11
DANUBIUS,0,20110128,104120,4040,24
DANUBIUS,0,20110128,104120,4040,31
MOL,0,20110128,104131,22400,250
OTP,0,20110128,104133,5749,8
MOL,0,20110128,104134,22400,6
MOL,0,20110128,104134,22400,244
MOL,0,20110128,104135,22400,56
MOL,0,20110128,104138,22400,244
OTP,0,20110128,104138,5749,120
OTP,0,20110128,104138,5750,1880
OTP,0,20110128,104140,5750,120
OTP,0,20110128,104145,5750,1880
MOL,0,20110128,104147,22400,250
OTP,0,20110128,104149,5750,120
MOL,0,20110128,104150,22400,250
OTP,0,20110128,104157,5750,600
MTELEKOM,0,20110128,104207,553,300
MOL,0,20110128,104207,22400,39
MOL,0,20110128,104214,22400,56
MOL,0,20110128,104214,22400,320
MOL,0,20110128,104214,22400,38
BUX1112,0,20110128,104215,23670,2
MOL,0,20110128,104224,22400,350
MOL,0,20110128,104233,22400,250
FHB,0,20110128,104234,1017,40
MOL,0,20110128,104237,22400,80
MOL,0,20110128,104237,22400,170
MTELEKOM,0,20110128,104239,553,300
MOL,0,20110128,104244,22400,250
FHB,0,20110128,104257,1011,313
FHB,0,20110128,104257,1011,1000
FHB,0,20110128,104257,1010,113
FHB,0,20110128,104257,1010,1000
FHB,0,20110128,104257,1010,400
FHB,0,20110128,104257,1010,19
OTP,0,20110128,104300,5750,280
OTP,0,20110128,104300,5750,4720
RICHTER,0,20110128,104308,42730,9
EBGOLD,0,20110128,104309,2625,94
MTELEKOM,0,20110128,104311,553,200
MOL,0,20110128,104313,22395,200
OTP,0,20110128,104318,5752,5
OTP,0,20110128,104318,5755,120
OTP,0,20110128,104318,5755,40
OTP,0,20110128,104318,5755,17
MOL,0,20110128,104328,22400,80
MOL,0,20110128,104328,22400,20
MOL,0,20110128,104330,22390,10
OTP,0,20110128,104330,5759,55
OTP,0,20110128,104330,5759,45
OTP,0,20110128,104330,5759,200
OTP,0,20110128,104330,5759,375
OTP,0,20110128,104330,5759,125
OTP,0,20110128,104330,5760,155
OTP,0,20110128,104330,5760,50
RICHTER,0,20110128,104335,42715,5
RICHTER,0,20110128,104335,42715,5
RICHTER,0,20110128,104335,42710,100
OTP,0,20110128,104335,5751,41
OTP,0,20110128,104337,5751,17
MOL,0,20110128,104340,22370,6
MTELEKOM,0,20110128,104340,553,1
MTELEKOM,0,20110128,104340,553,62
MTELEKOM,0,20110128,104342,553,200
OTP,0,20110128,104345,5760,80
OTP,0,20110128,104345,5760,315
OTP,0,20110128,104345,5760,100
OTP,0,20110128,104345,5760,123
RICHTER,0,20110128,104347,42700,100
MOL,0,20110128,104348,22400,250
MOL,0,20110128,104352,22400,230
MOL,0,20110128,104358,22400,20
MOL,0,20110128,104358,22400,42
RICHTER,0,20110128,104415,42730,6
RICHTER,0,20110128,104415,42750,100
MTELEKOM,0,20110128,104415,553,100
FHB,0,20110128,104435,1016,350
FHB,0,20110128,104435,1017,60
MTELEKOM,0,20110128,104448,553,100
MOL,0,20110128,104500,22400,47
GENESIS,0,20110128,104502,204,450
GENESIS,0,20110128,104502,205,400
GENESIS,0,20110128,104502,206,20
GENESIS,0,20110128,104502,206,500
GENESIS,0,20110128,104502,206,630
OTP,0,20110128,104507,5752,400
OTP,0,20110128,104530,5752,100
OTP,0,20110128,104530,5751,168
MOL,0,20110128,104559,22370,2
MTELEKOM,0,20110128,104605,554,1000
OTP,0,20110128,104649,5758,100
OTP,0,20110128,104717,5758,50
OTP,0,20110128,104717,5758,123
OTP,0,20110128,104717,5758,123
OTP,0,20110128,104735,5758,300
OTP,0,20110128,104740,5758,14
BUX1112,0,20110128,104745,23688,1
MOL,0,20110128,104756,22395,200
BUX1112,0,20110128,104814,23688,2
MOL,0,20110128,104830,22370,15
RICHTER,0,20110128,104835,42680,10
OTP,0,20110128,104835,5753,41
MTELEKOM,0,20110128,104840,553,64
RICHTER,0,20110128,104847,42750,3
OTP,0,20110128,104909,5753,159
OTP,0,20110128,104909,5753,100
OTP,0,20110128,104909,5752,123
OTP,0,20110128,104909,5752,975
OTP,0,20110128,104909,5752,622
OTP,0,20110128,104919,5752,176
OTP,0,20110128,104919,5752,489
OTP,0,20110128,104919,5750,280
OTP,0,20110128,104919,5750,100
OTP,0,20110128,104919,5750,10
OTP,0,20110128,104919,5750,23
OTP,0,20110128,104919,5750,14
OTP,0,20110128,104928,5750,908
MTELEKOM,0,20110128,105007,553,200
MOL,0,20110128,105009,22400,91
MOL,0,20110128,105009,22400,500
MOL,0,20110128,105022,22400,500
MOL,0,20110128,105038,22400,500
MTELEKOM,0,20110128,105039,553,100
BUX1112,0,20110128,105041,23681,2
BUX1112,0,20110128,105041,23680,25
MOL,0,20110128,105042,22400,250
MOL,0,20110128,105042,22400,250
DANUBIUS,0,20110128,105043,4040,25
MOL,0,20110128,105044,22400,250
MOL,0,20110128,105046,22400,250
MOL,0,20110128,105048,22400,250
MOL,0,20110128,105053,22400,250
MOL,0,20110128,105055,22400,250
MOL,0,20110128,105057,22400,250
MTELEKOM,0,20110128,105111,553,100
BUX1112,0,20110128,105127,23667.5,1
BUX1112,0,20110128,105127,23667,2
BUX1112,0,20110128,105127,23667,3
BUX1112,0,20110128,105127,23665.5,2
BUX1112,0,20110128,105127,23665,7
MOL,0,20110128,105137,22395,500
MTELEKOM,0,20110128,105143,553,74
MTELEKOM,0,20110128,105143,553,26
ORC,0,20110128,105147,1975,45
RICHTER,0,20110128,105158,42700,68
OTP,0,20110128,105205,5753,10
RICHTER,0,20110128,105215,42700,32
MTELEKOM,0,20110128,105215,553,100
MOL,0,20110128,105216,22400,402
OTP,0,20110128,105217,5754,2526
BUX1112,0,20110128,105229,23665,15
MTELEKOM,0,20110128,105230,554,3829
MTELEKOM,0,20110128,105230,554,1046
MTELEKOM,0,20110128,105230,554,1563
OTP,0,20110128,105248,5753,57
OTP,0,20110128,105248,5753,25
OTP,0,20110128,105248,5753,485
OTP,0,20110128,105248,5750,353
RICHTER,0,20110128,105251,42695,29
RICHTER,0,20110128,105251,42700,68
RICHTER,0,20110128,105255,42700,200
RICHTER,0,20110128,105259,42700,21
MOL,0,20110128,105259,22395,310
MOL,0,20110128,105259,22400,98
MOL,0,20110128,105259,22400,35
MOL,0,20110128,105259,22400,57
AAA,0,20110128,105303,285,26
EGIS,0,20110128,105324,21100,26
OTP,0,20110128,105326,5753,100
MOL,0,20110128,105330,22370,11
MOL,0,20110128,105330,22370,5
OTP,0,20110128,105331,5753,390
OTP,0,20110128,105331,5751,84
MTELEKOM,0,20110128,105333,554,155
RICHTER,0,20110128,105335,42680,5
RICHTER,0,20110128,105335,42680,2
MTELEKOM,0,20110128,105340,553,63
OTP,0,20110128,105340,5751,41
RICHTER,0,20110128,105341,42670,3
MTELEKOM,0,20110128,105351,553,311
MTELEKOM,0,20110128,105351,553,89
MOL,0,20110128,105418,22400,443
MOL,0,20110128,105418,22400,50
MTELEKOM,0,20110128,105423,553,300
EGIS,0,20110128,105440,21100,5
MTELEKOM,0,20110128,105455,553,111
MTELEKOM,0,20110128,105455,553,89
OTP,0,20110128,105516,5752,60
MTELEKOM,0,20110128,105527,553,200
MOL,0,20110128,105531,22400,200
RICHTER,0,20110128,105553,42700,5
MTELEKOM,0,20110128,105559,553,11
MTELEKOM,0,20110128,105559,553,89
RICHTER,0,20110128,105607,42670,4
PHYLAXIA,0,20110128,105611,44,1250
MOL,0,20110128,105621,22370,3
RICHTER,0,20110128,105630,42700,2
MTELEKOM,0,20110128,105631,553,300
MTELEKOM,0,20110128,105703,553,500
MTELEKOM,0,20110128,105735,553,400
OTP,0,20110128,105739,5752,120
OTP,0,20110128,105739,5751,280
MTELEKOM,0,20110128,105807,553,300
MOL,0,20110128,105830,22370,10
MOL,0,20110128,105830,22370,5
RICHTER,0,20110128,105835,42675,1
MTELEKOM,0,20110128,105839,553,200
MTELEKOM,0,20110128,105840,553,63
OTP,0,20110128,105840,5751,41
RICHTER,0,20110128,105841,42670,10
OTP,0,20110128,105852,5752,155
OTP,0,20110128,105852,5751,1054
OTP,0,20110128,105852,5751,100
OTP,0,20110128,105852,5751,1000
OTP,0,20110128,105910,5751,200
MTELEKOM,0,20110128,105911,553,100
OTP,0,20110128,105924,5750,482
OTP,0,20110128,105927,5750,9
RICHTER,0,20110128,105936,42700,2
MTELEKOM,0,20110128,105943,553,48
MTELEKOM,0,20110128,105943,553,52
OTP,0,20110128,105946,5748,116
OTP,0,20110128,105946,5749,13
OTP,0,20110128,105946,5749,111
OTP,0,20110128,105949,5752,100
OTP,0,20110128,110004,5752,660
MTELEKOM,0,20110128,110015,553,100
MTELEKOM,0,20110128,110047,553,48
MTELEKOM,0,20110128,110047,553,52
MTELEKOM,0,20110128,110135,554,379
OTP,0,20110128,110149,5750,120
OTP,0,20110128,110205,5758,1
BUX1112,0,20110128,110209,23680,3
BUX1112,0,20110128,110213,23684,1
RICHTER,0,20110128,110224,42695,21
RICHTER,0,20110128,110224,42700,20
RICHTER,0,20110128,110224,42700,37
RICHTER,0,20110128,110306,42700,20
BUX1112,0,20110128,110312,23684,4
BUX1112,0,20110128,110312,23685,1
MOL,0,20110128,110321,22370,92
MOL,0,20110128,110330,22370,16
RICHTER,0,20110128,110335,42700,2
MTELEKOM,0,20110128,110340,553,64
OTP,0,20110128,110340,5755,25
RICHTER,0,20110128,110341,42700,3
RICHTER,0,20110128,110341,42675,8
OTP,0,20110128,110346,5752,16
BUX1112,0,20110128,110354,23685,3
EGIS,0,20110128,110400,21100,11
BUX1112,0,20110128,110407,23685,1
ECONET,0,20110128,110409,89,1000
OTP,0,20110128,110428,5758,35
OTP,0,20110128,110428,5759,165
ECONET,0,20110128,110430,90,500
OTP,0,20110128,110434,5752,11
PANNUNION,0,20110128,110442,144,5
BUX1112,0,20110128,110444,23685,5
EGIS,0,20110128,110449,21140,10
BUX1112,0,20110128,110453,23688,3
MTELEKOM,0,20110128,110535,553,100
MTELEKOM,0,20110128,110607,553,100
RICHTER,0,20110128,110630,42700,3
OTP,0,20110128,110650,5753,44
BUX1112,0,20110128,110708,23699,1
BUX1112,0,20110128,110713,23699,1
BUX1112,0,20110128,110714,23695,5
OTP,0,20110128,110749,5758,105
OTP,0,20110128,110749,5758,15
EBGOLD,0,20110128,110810,2622,8
MOL,0,20110128,110830,22370,15
RICHTER,0,20110128,110840,42680,10
MTELEKOM,0,20110128,110840,553,63
MTELEKOM,0,20110128,110842,553,100
RICHTER,0,20110128,110844,42700,8
OTP,0,20110128,110845,5753,42
BUX1112,0,20110128,110847,23690,6
OTP,0,20110128,110856,5753,58
OTP,0,20110128,110856,5752,53
OTP,0,20110128,110856,5752,1
BUX1112,0,20110128,111007,23698,3
BUX1112,0,20110128,111007,23699,3
BUX1112,0,20110128,111007,23699.5,1
BUX1112,0,20110128,111007,23699.5,5
BUX1112,0,20110128,111007,23700,5
BUX1112,0,20110128,111007,23700,3
BUX1112,0,20110128,111201,23699,7
BUX1112,0,20110128,111201,23700,2
BUX1112,0,20110128,111201,23700,4
MOL,0,20110128,111210,22370,5
BUX1112,0,20110128,111225,23700,1
OTP,0,20110128,111244,5753,30
BUX1112,0,20110128,111306,23700,4
ANY,0,20110128,111330,740,15
MOL,0,20110128,111331,22370,16
RICHTER,0,20110128,111340,42700,10
MTELEKOM,0,20110128,111340,553,21
MTELEKOM,0,20110128,111340,553,43
OTP,0,20110128,111350,5752,41
MOL,0,20110128,111357,22370,5
OTP,0,20110128,111414,5752,175
KEG,0,20110128,111459,127,1000
KEG,0,20110128,111459,127,250
OTP,0,20110128,111519,5752,269
OTP,0,20110128,111519,5752,500
MOL,0,20110128,111527,22370,56
OTP,0,20110128,111530,5751,54
OTP,0,20110128,111530,5751,46
BUX1112,0,20110128,111603,23690,19
BUX1112,0,20110128,111607,23690,6
OTP,0,20110128,111612,5752,50
EGIS,0,20110128,111618,21140,4
BUX1112,0,20110128,111620,23691,4
OTP,0,20110128,111633,5752,35
OTP,0,20110128,111633,5752,101
OTP,0,20110128,111633,5752,64
MTELEKOM,0,20110128,111634,554,810
RICHTER,0,20110128,111638,42745,28
OTP,0,20110128,111724,5751,147
OTP,0,20110128,111730,5751,100
MOL,0,20110128,111732,22380,5
MOL,0,20110128,111732,22395,50
MOL,0,20110128,111732,22400,40
MOL,0,20110128,111732,22400,50
MOL,0,20110128,111738,22400,55
MOL,0,20110128,111743,22400,145
OTP,0,20110128,111749,5751,55
MOL,0,20110128,111754,22400,100
MOL,0,20110128,111817,22400,150
MOL,0,20110128,111817,22400,38
MOL,0,20110128,111820,22400,12
MOL,0,20110128,111830,22400,15
MTELEKOM,0,20110128,111840,553,63
RICHTER,0,20110128,111845,42700,11
OTP,0,20110128,111855,5750,42
BUX1112,0,20110128,111904,23690,8
OTP,0,20110128,111907,5750,485
MOL,0,20110128,111938,22400,100
MTELEKOM,0,20110128,111959,554,830
OTP,0,20110128,112016,5751,100
OTP,0,20110128,112016,5750,358
KEG,0,20110128,112023,126,105
OTP,0,20110128,112025,5750,1642
OTP,0,20110128,112025,5750,358
MTELEKOM,0,20110128,112027,554,10
MOL,0,20110128,112028,22415,200
OTP,0,20110128,112029,5750,642
OTP,0,20110128,112029,5750,500
OTP,0,20110128,112029,5750,10
OTP,0,20110128,112029,5750,500
OTP,0,20110128,112029,5750,81
OTP,0,20110128,112029,5750,25
OTP,0,20110128,112029,5750,242
OTP,0,20110128,112043,5750,300
OTP,0,20110128,112046,5750,208
OTP,0,20110128,112121,5750,113
OTP,0,20110128,112121,5750,187
OTP,0,20110128,112136,5750,95
OTP,0,20110128,112200,5752,10
OTP,0,20110128,112210,5750,5000
MOL,0,20110128,112213,22420,5
MOL,0,20110128,112213,22420,124
MOL,0,20110128,112213,22420,100
MOL,0,20110128,112213,22420,100
MOL,0,20110128,112213,22420,440
MOL,0,20110128,112213,22420,100
MOL,0,20110128,112213,22425,200
OTP,0,20110128,112214,5750,482
OTP,0,20110128,112214,5750,18
BUX1112,0,20110128,112224,23690,13
BUX1112,0,20110128,112224,23700,1
OTP,0,20110128,112231,5750,879
OTP,0,20110128,112231,5750,483
OTP,0,20110128,112239,5750,250
OTP,0,20110128,112313,5750,100
OTP,0,20110128,112323,5749,95
OTP,0,20110128,112323,5750,105
OTP,0,20110128,112328,5746,100
OTP,0,20110128,112328,5746,5
OTP,0,20110128,112328,5746,5
OTP,0,20110128,112328,5746,95
OTP,0,20110128,112328,5746,85
MOL,0,20110128,112335,22415,16
MTELEKOM,0,20110128,112340,553,5
MTELEKOM,0,20110128,112340,553,58
MTELEKOM,0,20110128,112342,553,100
OTP,0,20110128,112346,5749,855
OTP,0,20110128,112346,5749,7
OTP,0,20110128,112346,5750,993
RICHTER,0,20110128,112350,42700,10
OTP,0,20110128,112355,5746,41
OTP,0,20110128,112415,5749,145
ECONET,0,20110128,112418,89,499
OTP,0,20110128,112421,5746,124
OTP,0,20110128,112421,5746,483
OTP,0,20110128,112421,5745,959
OTP,0,20110128,112421,5745,1050
OTP,0,20110128,112421,5745,203
FOTEX,0,20110128,112429,388,1500
FOTEX,0,20110128,112429,388,500
MOL,0,20110128,112430,22430,50
MOL,0,20110128,112430,22430,50
OTP,0,20110128,112442,5745,5000
OTP,0,20110128,112444,5745,181
MTELEKOM,0,20110128,112447,553,100
OTP,0,20110128,112512,5745,500
OTP,0,20110128,112513,5745,211
OTP,0,20110128,112514,5745,289
OTP,0,20110128,112515,5745,500
OTP,0,20110128,112516,5745,107
MTELEKOM,0,20110128,112519,553,100
BUX1112,0,20110128,112523,23715,2
BUX1112,0,20110128,112523,23700,16
BUX1112,0,20110128,112523,23700,2
MTELEKOM,0,20110128,112527,554,1800
MTELEKOM,0,20110128,112529,554,1181
OTP,0,20110128,112535,5741,100
OTP,0,20110128,112542,5741,100
MOL,0,20110128,112544,22415,34
OTP,0,20110128,112554,5741,50
OTP,0,20110128,112554,5741,165
OTP,0,20110128,112554,5741,20
OTP,0,20110128,112554,5740,50
OTP,0,20110128,112554,5740,5
OTP,0,20110128,112554,5740,210
OTP,0,20110128,112554,5740,350
OTP,0,20110128,112556,5740,440
OTP,0,20110128,112556,5740,13
OTP,0,20110128,112556,5740,47
OTP,0,20110128,112557,5740,1
OTP,0,20110128,112558,5740,488
MOL,0,20110128,112617,22415,5
BUX1112,0,20110128,112620,23686,1
BUX1112,0,20110128,112620,23685,25
MOL,0,20110128,112643,22420,100
BUX1112,0,20110128,112652,23685,4
OTP,0,20110128,112713,5740,92
OTP,0,20110128,112727,5740,108
BUX1112,0,20110128,112733,23685,1
BUX1112,0,20110128,112746,23685,1
PANNERGY,0,20110128,112752,909,50
PANNERGY,0,20110128,112752,909,50
PANNERGY,0,20110128,112752,909,140
BUX1112,0,20110128,112802,23700,10
OTP,0,20110128,112803,5735,90
OTP,0,20110128,112803,5732,50
OTP,0,20110128,112803,5732,100
OTP,0,20110128,112803,5731,55
OTP,0,20110128,112803,5731,166
OTP,0,20110128,112803,5731,350
OTP,0,20110128,112803,5731,150
OTP,0,20110128,112803,5730,1229
OTP,0,20110128,112807,5730,75
MOL,0,20110128,112835,22405,15
OTP,0,20110128,112840,5731,20
MTELEKOM,0,20110128,112840,553,64
RICHTER,0,20110128,112850,42700,10
OTP,0,20110128,112855,5731,40
OTP,0,20110128,112859,5735,2000
MTELEKOM,0,20110128,112940,553,488
MTELEKOM,0,20110128,112942,553,300
OTP,0,20110128,113029,5731,44
MTELEKOM,0,20110128,113040,553,200
BUX1112,0,20110128,113049,23698,2
BUX1112,0,20110128,113049,23700,1
RICHTER,0,20110128,113057,42700,5
OTP,0,20110128,113104,5731,100
MTELEKOM,0,20110128,113111,553,200
MTELEKOM,0,20110128,113143,553,400
RICHTER,0,20110128,113209,42700,46
RICHTER,0,20110128,113209,42700,2
RABA,0,20110128,113210,842,640
RABA,0,20110128,113210,842,40
RABA,0,20110128,113210,842,328
MTELEKOM,0,20110128,113215,553,300
EGIS,0,20110128,113218,21015,3
EGIS,0,20110128,113218,21015,18
EGIS,0,20110128,113218,21010,73
EGIS,0,20110128,113218,21000,107
EGIS,0,20110128,113218,21000,100
EGIS,0,20110128,113218,21000,99
MTELEKOM,0,20110128,113247,553,300
OTP,0,20110128,113301,5733,60
OTP,0,20110128,113314,5733,100
MTELEKOM,0,20110128,113319,553,200
OTP,0,20110128,113329,5732,100
OTP,0,20110128,113329,5732,25
MOL,0,20110128,113335,22405,16
MTELEKOM,0,20110128,113340,553,63
MTELEKOM,0,20110128,113351,553,200
RABA,0,20110128,113353,842,172
RICHTER,0,20110128,113355,42700,10
OTP,0,20110128,113400,5732,25
OTP,0,20110128,113400,5732,17
RICHTER,0,20110128,113401,42680,1
MTELEKOM,0,20110128,113423,553,100
OTP,0,20110128,113424,5733,90
OTP,0,20110128,113424,5733,88
OTP,0,20110128,113424,5735,500
OTP,0,20110128,113424,5735,433
EGIS,0,20110128,113427,21005,30
MOL,0,20110128,113443,22430,15
MOL,0,20110128,113445,22405,19
MOL,0,20110128,113445,22405,35
MTELEKOM,0,20110128,113455,553,100
EGIS,0,20110128,113458,21000,201
EGIS,0,20110128,113458,21000,100
EGIS,0,20110128,113458,21000,199
MOL,0,20110128,113458,22430,5
BUX1112,0,20110128,113540,23700,19
OTP,0,20110128,113551,5735,20
OTP,0,20110128,113558,5735,347
OTP,0,20110128,113558,5735,500
OTP,0,20110128,113559,5735,153
OTP,0,20110128,113614,5735,13
PANNERGY,0,20110128,113619,910,150
PANNERGY,0,20110128,113619,910,100
OTP,0,20110128,113622,5735,100
BUX1112,0,20110128,113625,23709.5,1
BUX1112,0,20110128,113625,23710,10
OTP,0,20110128,113625,5735,234
OTP,0,20110128,113626,5735,266
MTELEKOM,0,20110128,113637,554,540
MTELEKOM,0,20110128,113652,554,1590
MTELEKOM,0,20110128,113655,554,1047
MTELEKOM,0,20110128,113657,554,76
OTP,0,20110128,113704,5735,200
MTELEKOM,0,20110128,113707,554,19
MTELEKOM,0,20110128,113707,554,91
MTELEKOM,0,20110128,113709,553,400
MOL,0,20110128,113725,22405,5
MOL,0,20110128,113747,22405,5
OTP,0,20110128,113757,5735,34
MTELEKOM,0,20110128,113807,553,300
OTP,0,20110128,113821,5735,500
OTP,0,20110128,113821,5740,392
OTP,0,20110128,113821,5740,25
OTP,0,20110128,113821,5740,5000
OTP,0,20110128,113822,5740,484
OTP,0,20110128,113822,5735,16
OTP,0,20110128,113822,5740,500
OTP,0,20110128,113825,5735,487
OTP,0,20110128,113825,5735,13
OTP,0,20110128,113825,5740,500
OTP,0,20110128,113827,5735,484
OTP,0,20110128,113828,5735,16
OTP,0,20110128,113828,5740,500
OTP,0,20110128,113829,5735,200
OTP,0,20110128,113830,5735,300
OTP,0,20110128,113830,5740,191
OTP,0,20110128,113832,5735,500
OTP,0,20110128,113832,5740,309
OTP,0,20110128,113832,5740,1502
OTP,0,20110128,113832,5740,3498
OTP,0,20110128,113833,5740,242
MOL,0,20110128,113835,22405,15
MTELEKOM,0,20110128,113839,553,200
MTELEKOM,0,20110128,113840,553,64
RICHTER,0,20110128,113855,42720,10
OTP,0,20110128,113900,5740,41
OTP,0,20110128,113906,5740,2283
OTP,0,20110128,113906,5740,217
MTELEKOM,0,20110128,113911,553,200
GENESIS,0,20110128,113911,206,100
OTP,0,20110128,113925,5740,207
OTP,0,20110128,113935,5740,100
MTELEKOM,0,20110128,113943,553,100
MTELEKOM,0,20110128,114015,553,100
OTP,0,20110128,114018,5740,66
OTP,0,20110128,114018,5740,434
MTELEKOM,0,20110128,114019,554,410
BUX1112,0,20110128,114021,23715,10
MOL,0,20110128,114046,22405,40
MOL,0,20110128,114046,22405,38
OTP,0,20110128,114106,5740,500
MTELEKOM,0,20110128,114112,553,2363
MTELEKOM,0,20110128,114112,553,1637
MTELEKOM,0,20110128,114119,553,600
RICHTER,0,20110128,114131,42720,30
MTELEKOM,0,20110128,114151,553,500
BUX1112,0,20110128,114156,23710,8
MTELEKOM,0,20110128,114202,553,1000
PANNERGY,0,20110128,114223,909,10
PANNERGY,0,20110128,114223,907,290
MTELEKOM,0,20110128,114223,553,400
OTP,0,20110128,114247,5740,6000
OTP,0,20110128,114249,5744,83
OTP,0,20110128,114254,5745,393
OTP,0,20110128,114254,5745,1000
OTP,0,20110128,114255,5745,241
OTP,0,20110128,114255,5745,259
MTELEKOM,0,20110128,114255,553,400
OTP,0,20110128,114255,5745,1000
OTP,0,20110128,114256,5745,134
OTP,0,20110128,114259,5745,366
OTP,0,20110128,114259,5745,1000
OTP,0,20110128,114306,5745,500
MTELEKOM,0,20110128,114310,553,5463
MTELEKOM,0,20110128,114310,553,2000
MTELEKOM,0,20110128,114310,553,50
MTELEKOM,0,20110128,114310,553,1000
MTELEKOM,0,20110128,114310,553,1000
MTELEKOM,0,20110128,114310,553,250
MTELEKOM,0,20110128,114310,553,237
OTP,0,20110128,114311,5744,31
OTP,0,20110128,114312,5745,500
MTELEKOM,0,20110128,114312,554,1423
OTP,0,20110128,114313,5745,500
OTP,0,20110128,114314,5745,500
RICHTER,0,20110128,114317,42700,22
RICHTER,0,20110128,114317,42700,32
MTELEKOM,0,20110128,114323,553,763
MTELEKOM,0,20110128,114323,553,1237
RICHTER,0,20110128,114324,42700,46
MTELEKOM,0,20110128,114325,553,1800
OTP,0,20110128,114327,5745,500
OTP,0,20110128,114327,5744,500
MOL,0,20110128,114327,22400,20
MTELEKOM,0,20110128,114333,553,1933
MTELEKOM,0,20110128,114333,553,60
MTELEKOM,0,20110128,114333,553,150
MTELEKOM,0,20110128,114333,553,150
MTELEKOM,0,20110128,114333,553,200
MTELEKOM,0,20110128,114333,553,1000
BUX1112,0,20110128,114335,23718,1
BUX1112,0,20110128,114335,23720,2
MOL,0,20110128,114335,22400,16
MTELEKOM,0,20110128,114340,552,63
MTELEKOM,0,20110128,114340,552,179
RICHTER,0,20110128,114342,42700,4
RICHTER,0,20110128,114342,42700,196
MTELEKOM,0,20110128,114354,553,300
RICHTER,0,20110128,114355,42685,2
MOL,0,20110128,114359,22400,87
MOL,0,20110128,114359,22400,13
OTP,0,20110128,114400,5744,41
RICHTER,0,20110128,114405,42680,8
RICHTER,0,20110128,114406,42680,18
RICHTER,0,20110128,114406,42680,100
RICHTER,0,20110128,114406,42675,32
BUX1112,0,20110128,114416,23720,1
OTP,0,20110128,114418,5744,200
MOL,0,20110128,114441,22400,100
EGIS,0,20110128,114449,21000,1
EGIS,0,20110128,114449,21000,4
EGIS,0,20110128,114449,21000,45
MOL,0,20110128,114514,22400,39
MOL,0,20110128,114514,22400,161
RICHTER,0,20110128,114519,42670,75
HUMET,0,20110128,114525,9,3000
MOL,0,20110128,114532,22400,50
RICHTER,0,20110128,114537,42670,8
RICHTER,0,20110128,114537,42670,4
RICHTER,0,20110128,114537,42660,3
RICHTER,0,20110128,114537,42660,30
MOL,0,20110128,114541,22420,5
MOL,0,20110128,114541,22420,100
MOL,0,20110128,114541,22425,100
MOL,0,20110128,114541,22425,95
OTP,0,20110128,114611,5745,18
OTP,0,20110128,114614,5745,37
OTP,0,20110128,114614,5744,202
OTP,0,20110128,114621,5742,90
OTP,0,20110128,114621,5742,200
OTP,0,20110128,114628,5742,111
ANY,0,20110128,114719,748,50
OTP,0,20110128,114730,5742,311
OTP,0,20110128,114730,5742,20
OTP,0,20110128,114814,5742,100
RICHTER,0,20110128,114825,42690,2
RICHTER,0,20110128,114825,42690,20
OTP,0,20110128,114826,5742,155
OTP,0,20110128,114829,5740,100
MOL,0,20110128,114835,22400,15
MOL,0,20110128,114836,22400,74
MOL,0,20110128,114836,22400,54
MOL,0,20110128,114836,22400,72
MTELEKOM,0,20110128,114840,552,63
OTP,0,20110128,114845,5740,1000
MTELEKOM,0,20110128,114847,552,392
MTELEKOM,0,20110128,114847,552,208
RICHTER,0,20110128,114855,42680,2
RICHTER,0,20110128,114905,42655,8
RABA,0,20110128,114905,842,605
OTP,0,20110128,114905,5740,41
MTELEKOM,0,20110128,114910,553,1207
MTELEKOM,0,20110128,114910,553,859
MTELEKOM,0,20110128,114910,553,1900
MTELEKOM,0,20110128,114910,553,500
MTELEKOM,0,20110128,114910,553,400
MTELEKOM,0,20110128,114910,553,3000
MTELEKOM,0,20110128,114910,553,134
MTELEKOM,0,20110128,114921,553,66
MTELEKOM,0,20110128,114921,553,100
OTP,0,20110128,114924,5741,80
MTELEKOM,0,20110128,114934,553,334
OTP,0,20110128,114939,5742,10
MTELEKOM,0,20110128,114949,553,1266
MOL,0,20110128,114950,22400,3
MTELEKOM,0,20110128,114950,553,1500
EGIS,0,20110128,114955,21005,5
OTP,0,20110128,114959,5743,35
RICHTER,0,20110128,115020,42690,104
RICHTER,0,20110128,115020,42695,40
RICHTER,0,20110128,115020,42695,6
MTELEKOM,0,20110128,115023,553,900
MTELEKOM,0,20110128,115055,553,700
MTELEKOM,0,20110128,115108,553,1034
OTP,0,20110128,115136,5743,500
OTP,0,20110128,115154,5750,40000
OTP,0,20110128,115200,5743,1141
OTP,0,20110128,115200,5743,77
OTP,0,20110128,115200,5744,100
OTP,0,20110128,115200,5748,48
OTP,0,20110128,115200,5749,45
OTP,0,20110128,115200,5749,250
OTP,0,20110128,115200,5750,2000
OTP,0,20110128,115200,5750,1000
OTP,0,20110128,115200,5750,300
OTP,0,20110128,115200,5750,25
OTP,0,20110128,115200,5750,430
OTP,0,20110128,115200,5750,200
OTP,0,20110128,115200,5750,100
OTP,0,20110128,115200,5750,1000
OTP,0,20110128,115201,5750,1000
OTP,0,20110128,115202,5750,1000
OTP,0,20110128,115204,5750,1000
OTP,0,20110128,115204,5752,6
OTP,0,20110128,115204,5752,200
OTP,0,20110128,115205,5753,500
OTP,0,20110128,115211,5753,1000
OTP,0,20110128,115215,5750,284
OTP,0,20110128,115215,5750,716
OTP,0,20110128,115216,5750,265
OTP,0,20110128,115216,5750,537
OTP,0,20110128,115223,5750,198
OTP,0,20110128,115224,5750,1913
OTP,0,20110128,115235,5750,816
OTP,0,20110128,115236,5750,166
OTP,0,20110128,115244,5750,19600
OTP,0,20110128,115245,5755,13
OTP,0,20110128,115245,5755,150
OTP,0,20110128,115245,5755,200
OTP,0,20110128,115247,5756,40
OTP,0,20110128,115247,5756,150
OTP,0,20110128,115252,5757,100
SYNERGON,0,20110128,115253,511,100
OTP,0,20110128,115255,5758,331
OTP,0,20110128,115257,5759,135
OTP,0,20110128,115257,5759,500
OTP,0,20110128,115257,5759,60
OTP,0,20110128,115257,5759,200
OTP,0,20110128,115257,5759,500
OTP,0,20110128,115257,5759,500
OTP,0,20110128,115259,5759,100
OTP,0,20110128,115300,5760,647
OTP,0,20110128,115300,5760,788
OTP,0,20110128,115301,5760,1212
OTP,0,20110128,115301,5760,400
OTP,0,20110128,115301,5760,346
OTP,0,20110128,115301,5760,1525
OTP,0,20110128,115301,5760,32
OTP,0,20110128,115301,5760,10
BUX1112,0,20110128,115313,23720,5
MOL,0,20110128,115335,22400,2
MOL,0,20110128,115335,22400,14
OTP,0,20110128,115336,5760,150
MOL,0,20110128,115340,22400,62
MTELEKOM,0,20110128,115340,552,64
RICHTER,0,20110128,115347,42695,22
RICHTER,0,20110128,115400,42690,11
MTELEKOM,0,20110128,115407,552,100
OTP,0,20110128,115411,5760,42
OTP,0,20110128,115426,5760,1243
OTP,0,20110128,115426,5760,257
OTP,0,20110128,115428,5760,1243
OTP,0,20110128,115428,5760,757
MTELEKOM,0,20110128,115429,553,100
OTP,0,20110128,115434,5760,13
BUX1112,0,20110128,115440,23729.5,2
BUX1112,0,20110128,115440,23730,2
BUX1112,0,20110128,115440,23730,1
BUX1112,0,20110128,115440,23734,10
BUX1112,0,20110128,115440,23735,2
BUX1112,0,20110128,115440,23737,23
BUX1112,0,20110128,115445,23735,2
OTP,0,20110128,115446,5760,100
MOL,0,20110128,115449,22405,3
OTP,0,20110128,115451,5760,130
OTP,0,20110128,115451,5760,6
MOL,0,20110128,115518,22405,35
OTP,0,20110128,115534,5763,8
OTP,0,20110128,115534,5765,50
OTP,0,20110128,115534,5765,500
OTP,0,20110128,115534,5765,50
OTP,0,20110128,115534,5767,250
OTP,0,20110128,115534,5767,1000
OTP,0,20110128,115534,5770,510
OTP,0,20110128,115534,5770,30
OTP,0,20110128,115534,5770,2
OTP,0,20110128,115534,5770,20
OTP,0,20110128,115538,5770,142
OTP,0,20110128,115538,5770,1111
OTP,0,20110128,115556,5765,41
OTP,0,20110128,115557,5770,1000
OTP,0,20110128,115600,5766,100
OTP,0,20110128,115600,5765,1044
OTP,0,20110128,115600,5765,856
OTP,0,20110128,115605,5765,32
OTP,0,20110128,115609,5770,1000
MTELEKOM,0,20110128,115612,553,50
RFV,0,20110128,115624,9160,5
MTELEKOM,0,20110128,115633,552,100
OTP,0,20110128,115633,5770,10
OTP,0,20110128,115633,5765,7
MTELEKOM,0,20110128,115647,552,200
RICHTER,0,20110128,115708,42690,31
MTELEKOM,0,20110128,115719,552,200
MTELEKOM,0,20110128,115751,552,200
MOL,0,20110128,115811,22420,25
PANNERGY,0,20110128,115811,908,60
PANNERGY,0,20110128,115811,907,210
BUX1112,0,20110128,115813,23736,20
MTELEKOM,0,20110128,115823,552,500
BUX1112,0,20110128,115826,23737,9
MOL,0,20110128,115835,22405,15
EGIS,0,20110128,115837,21000,40
BUX1112,0,20110128,115838,23738.5,1
MTELEKOM,0,20110128,115840,552,63
MTELEKOM,0,20110128,115855,552,400
RICHTER,0,20110128,115900,42680,1
RICHTER,0,20110128,115910,42655,2
OTP,0,20110128,115914,5765,1000
OTP,0,20110128,115914,5765,963
OTP,0,20110128,115915,5764,41
OTP,0,20110128,115916,5765,37
RICHTER,0,20110128,115920,42650,5
RICHTER,0,20110128,115920,42650,2
RICHTER,0,20110128,115920,42650,11
RICHTER,0,20110128,115920,42650,25
MTELEKOM,0,20110128,115927,552,300
MOL,0,20110128,115931,22405,97
MTELEKOM,0,20110128,115959,552,200
OTP,0,20110128,120014,5764,519
OTP,0,20110128,120014,5764,481
MTELEKOM,0,20110128,120031,552,200
AAA,0,20110128,120046,280,230
MTELEKOM,0,20110128,120103,552,100
BUX1112,0,20110128,120107,23720,5
RICHTER,0,20110128,120114,42660,150
MTELEKOM,0,20110128,120125,553,1000
OTP,0,20110128,120152,5765,100
OTP,0,20110128,120201,5765,204
OTP,0,20110128,120206,5765,100
RICHTER,0,20110128,120216,42660,28
BUX1112,0,20110128,120218,23720,5
OTP,0,20110128,120242,5765,50
OTP,0,20110128,120252,5765,53
AAA,0,20110128,120309,279,160
OTP,0,20110128,120311,5765,20
FHB,0,20110128,120323,1012,350
FHB,0,20110128,120323,1011,87
MTELEKOM,0,20110128,120325,552,126
MTELEKOM,0,20110128,120327,552,100
OTP,0,20110128,120332,5769,73
OTP,0,20110128,120332,5769,10
OTP,0,20110128,120332,5769,150
OTP,0,20110128,120332,5770,100
OTP,0,20110128,120332,5770,500
MOL,0,20110128,120335,22400,15
MTELEKOM,0,20110128,120340,552,64
OTP,0,20110128,120400,5770,1111
MOL,0,20110128,120401,22400,16
RICHTER,0,20110128,120405,42675,10
CSEPEL,0,20110128,120408,521,100
BUX1112,0,20110128,120416,23734,1
BUX1112,0,20110128,120416,23735,9
RICHTER,0,20110128,120417,42695,8
RICHTER,0,20110128,120417,42700,2
OTP,0,20110128,120427,5766,42
OTP,0,20110128,120544,5765,40
MOL,0,20110128,120549,22400,93
MOL,0,20110128,120549,22400,107
MTELEKOM,0,20110128,120551,552,100
OTP,0,20110128,120559,5765,160
OTP,0,20110128,120559,5765,190
OTP,0,20110128,120616,5765,50
OTP,0,20110128,120616,5765,84
MTELEKOM,0,20110128,120623,552,200
MTELEKOM,0,20110128,120633,553,165
MTELEKOM,0,20110128,120653,553,2800
MOL,0,20110128,120712,22400,43
MOL,0,20110128,120712,22400,132
MOL,0,20110128,120728,22400,100
MTELEKOM,0,20110128,120731,553,1035
MTELEKOM,0,20110128,120731,553,200
MTELEKOM,0,20110128,120731,553,1100
MTELEKOM,0,20110128,120731,553,1665
MOL,0,20110128,120736,22400,68
MOL,0,20110128,120736,22400,132
MOL,0,20110128,120739,22400,118
MOL,0,20110128,120742,22400,82
RICHTER,0,20110128,120750,42750,50
OTP,0,20110128,120803,5765,164
MOL,0,20110128,120835,22400,16
MTELEKOM,0,20110128,120845,552,64
OTP,0,20110128,120846,5766,800
OTP,0,20110128,120846,5766,1000
OTP,0,20110128,120846,5766,1000
ECONET,0,20110128,120848,90,3745
ECONET,0,20110128,120848,90,1200
ECONET,0,20110128,120848,90,55
MTELEKOM,0,20110128,120903,552,300
RICHTER,0,20110128,120905,42720,5
RICHTER,0,20110128,120905,42755,15
RICHTER,0,20110128,120907,42755,6
OTP,0,20110128,120914,5765,2000
OTP,0,20110128,120920,5765,41
OTP,0,20110128,120922,5765,127
SYNERGON,0,20110128,120929,506,50
SYNERGON,0,20110128,120929,505,50
SYNERGON,0,20110128,120929,504,50
SYNERGON,0,20110128,120929,504,30
MTELEKOM,0,20110128,120935,552,200
MOL,0,20110128,120936,22400,102
MOL,0,20110128,120936,22400,82
ECONET,0,20110128,120940,90,3945
ECONET,0,20110128,120940,90,17660
ECONET,0,20110128,120940,90,1000
ECONET,0,20110128,120940,90,5910
ECONET,0,20110128,120940,90,1400
ECONET,0,20110128,120940,90,10000
ECONET,0,20110128,120940,90,4090
ECONET,0,20110128,120940,90,12000
ECONET,0,20110128,120940,90,13995
MOL,0,20110128,120944,22400,16
MOL,0,20110128,120944,22400,200
RICHTER,0,20110128,120946,42795,4
RICHTER,0,20110128,120951,42795,96
ECONET,0,20110128,120951,90,1000
ECONET,0,20110128,120953,90,7005
ECONET,0,20110128,120953,90,800
