<TICKER>,<PER>,<DTYYYYMMDD>,<TIME>,<CLOSE>,<VOLUME>
BUX1112,0,20110127,090049,23760,1
BUX1112,0,20110127,090049,23760,1
BUX1112,0,20110127,090049,23760,1
BUX1112,0,20110127,090049,23760,1
BUX1112,0,20110127,090049,23760,1
BUX1112,0,20110127,090049,23760,1
BUX1112,0,20110127,090049,23760,2
BUX1112,0,20110127,090049,23760,2
BUX1112,0,20110127,090049,23760,2
BUX1112,0,20110127,090049,23760,4
BUX1112,0,20110127,090049,23760,1
BUX1112,0,20110127,090049,23760,1
BUX1112,0,20110127,090049,23760,2
BUX1112,0,20110127,090049,23760,3
BUX1112,0,20110127,090049,23760,4
BUX1112,0,20110127,090049,23760,5
BUX1112,0,20110127,090049,23760,1
BUX1112,0,20110127,090049,23760,1
BUX1112,0,20110127,090049,23760,1
BUX1112,0,20110127,090049,23760,1
BUX1112,0,20110127,090049,23760,10
BUX1112,0,20110127,090049,23760,1
BUX1112,0,20110127,090049,23760,1
BUX1112,0,20110127,090049,23760,3
BUX1112,0,20110127,090049,23760,3
BUX1112,0,20110127,090049,23760,4
BUX1112,0,20110127,090049,23760,3
BUX1112,0,20110127,090049,23760,2
BUX1112,0,20110127,090049,23760,2
CSEPEL,0,20110127,090058,518,100
CSEPEL,0,20110127,090058,518,100
CSEPEL,0,20110127,090058,518,29
CSEPEL,0,20110127,090058,518,41
CSEPEL,0,20110127,090058,518,59
CSEPEL,0,20110127,090058,518,91
DANUBIUS,0,20110127,090058,4100,60
EGIS,0,20110127,090058,21000,6
EGIS,0,20110127,090058,21000,6
EGIS,0,20110127,090058,21000,5
EGIS,0,20110127,090058,21000,5
EGIS,0,20110127,090058,21000,11
EGIS,0,20110127,090058,21000,42
EGIS,0,20110127,090058,21000,50
EGIS,0,20110127,090058,21000,2
EGIS,0,20110127,090058,21000,10
EGIS,0,20110127,090058,21000,50
FHB,0,20110127,090058,1022,640
FHB,0,20110127,090058,1022,402
FHB,0,20110127,090058,1022,200
GENESIS,0,20110127,090058,208,95
HUMET,0,20110127,090058,9,1000
KEG,0,20110127,090058,129,400
KEG,0,20110127,090058,129,800
KEG,0,20110127,090058,129,50
LINAMAR,0,20110127,090058,2600,6
LINAMAR,0,20110127,090058,2600,14
MOL,0,20110127,090058,22485,16
MOL,0,20110127,090058,22485,14
MOL,0,20110127,090058,22485,100
MOL,0,20110127,090058,22485,70
MOL,0,20110127,090058,22485,12
MTELEKOM,0,20110127,090058,555,800
MTELEKOM,0,20110127,090058,555,300
MTELEKOM,0,20110127,090058,555,806
MTELEKOM,0,20110127,090058,555,1
MTELEKOM,0,20110127,090058,555,1193
MTELEKOM,0,20110127,090058,555,807
MTELEKOM,0,20110127,090058,555,88
MTELEKOM,0,20110127,090058,555,105
MTELEKOM,0,20110127,090058,555,3895
MTELEKOM,0,20110127,090058,555,1000
OTP,0,20110127,090058,5785,50
OTP,0,20110127,090058,5785,1312
OTP,0,20110127,090058,5785,48
OTP,0,20110127,090058,5785,80
OTP,0,20110127,090058,5785,91
OTP,0,20110127,090058,5785,799
OTP,0,20110127,090058,5785,20
OTP,0,20110127,090058,5785,400
OTP,0,20110127,090058,5785,70
OTP,0,20110127,090058,5785,25
OTP,0,20110127,090058,5785,686
OTP,0,20110127,090058,5785,50
OTP,0,20110127,090058,5785,264
OTP,0,20110127,090058,5785,936
OTP,0,20110127,090058,5785,3064
OTP,0,20110127,090058,5785,1010
OTP,0,20110127,090058,5785,100
OTP,0,20110127,090058,5785,200
OTP,0,20110127,090058,5785,100
OTP,0,20110127,090058,5785,200
OTP,0,20110127,090058,5785,326
OTP,0,20110127,090058,5785,1639
OTP,0,20110127,090058,5785,1
OTP,0,20110127,090058,5785,20
OTP,0,20110127,090058,5785,340
OTP,0,20110127,090058,5785,7
OTP,0,20110127,090058,5785,753
OTP,0,20110127,090058,5785,1000
OTP,0,20110127,090058,5785,150
OTP,0,20110127,090058,5785,97
OTP,0,20110127,090058,5785,103
OTP,0,20110127,090058,5785,20
OTP,0,20110127,090058,5785,1500
OTP,0,20110127,090058,5785,250
OTP,0,20110127,090058,5785,127
OTP,0,20110127,090058,5785,273
OTP,0,20110127,090058,5785,500
OTP,0,20110127,090058,5785,20
OTP,0,20110127,090058,5785,100
OTP,0,20110127,090058,5785,250
OTP,0,20110127,090058,5785,100
OTP,0,20110127,090058,5785,8
OTP,0,20110127,090058,5785,50
OTP,0,20110127,090058,5785,440
OTP,0,20110127,090058,5785,63
OTP,0,20110127,090058,5785,196
OTP,0,20110127,090058,5785,54
OTP,0,20110127,090058,5785,70
OTP,0,20110127,090058,5785,200
OTP,0,20110127,090058,5785,12
OTP,0,20110127,090058,5785,4
OTP,0,20110127,090058,5785,53
OTP,0,20110127,090058,5785,20
OTP,0,20110127,090058,5785,1413
OTP,0,20110127,090058,5785,174
OTP,0,20110127,090058,5785,326
OTP,0,20110127,090058,5785,500
OTP,0,20110127,090058,5785,500
OTP,0,20110127,090058,5785,10
OTP,0,20110127,090058,5785,200
OTP,0,20110127,090058,5785,464
OTP,0,20110127,090058,5785,36
OTP,0,20110127,090058,5785,500
OTP,0,20110127,090058,5785,30
OTP,0,20110127,090058,5785,200
PANNUNION,0,20110127,090058,143,350
PFLAX,0,20110127,090058,689,30
RFV,0,20110127,090058,8860,30
RFV,0,20110127,090058,8860,10
RFV,0,20110127,090058,8860,33
RFV,0,20110127,090058,8860,5
RFV,0,20110127,090058,8860,35
RICHTER,0,20110127,090058,43200,1
RICHTER,0,20110127,090058,43200,8
RICHTER,0,20110127,090058,43200,2
RICHTER,0,20110127,090058,43200,3
RICHTER,0,20110127,090058,43200,7
RICHTER,0,20110127,090058,43200,10
RICHTER,0,20110127,090058,43200,10
ZWACK,0,20110127,090058,14800,20
ZWACK,0,20110127,090058,14800,50
ZWACK,0,20110127,090058,14800,16
OTP,0,20110127,090200,5781,1970
OTP,0,20110127,090200,5781,25
EGIS,0,20110127,090200,21050,6
EGIS,0,20110127,090200,21060,7
EGIS,0,20110127,090200,21100,10
EGIS,0,20110127,090200,21100,7
OTP,0,20110127,090200,5785,450
OTP,0,20110127,090202,5785,784
OTP,0,20110127,090202,5785,2000
OTP,0,20110127,090202,5785,1198
OTP,0,20110127,090203,5781,310
OTP,0,20110127,090203,5781,465
OTP,0,20110127,090203,5780,500
OTP,0,20110127,090203,5780,1000
OTP,0,20110127,090203,5780,50
OTP,0,20110127,090203,5780,500
OTP,0,20110127,090203,5780,5
OTP,0,20110127,090203,5780,449
BUX1112,0,20110127,090206,23800,1
BUX1112,0,20110127,090206,23848,1
RFV,0,20110127,090207,8850,5
OTP,0,20110127,090209,5780,1184
OTP,0,20110127,090209,5777,145
ZWACK,0,20110127,090209,14800,1
OTP,0,20110127,090210,5780,3800
OTP,0,20110127,090210,5780,200
OTP,0,20110127,090213,5780,235
RICHTER,0,20110127,090214,43200,13
RICHTER,0,20110127,090214,43200,5
RICHTER,0,20110127,090214,43200,30
FHB,0,20110127,090214,1025,47
FHB,0,20110127,090214,1025,70
FHB,0,20110127,090214,1025,559
MTELEKOM,0,20110127,090215,555,2
OTP,0,20110127,090216,5780,400
OTP,0,20110127,090216,5780,50
OTP,0,20110127,090217,5780,1493
OTP,0,20110127,090217,5780,2000
BUX1112,0,20110127,090217,23822,2
MTELEKOM,0,20110127,090217,555,103
MTELEKOM,0,20110127,090217,555,397
OTP,0,20110127,090217,5780,2000
OTP,0,20110127,090217,5777,28
OTP,0,20110127,090217,5777,22
OTP,0,20110127,090217,5780,441
OTP,0,20110127,090217,5780,2000
OTP,0,20110127,090218,5780,2000
OTP,0,20110127,090218,5780,918
OTP,0,20110127,090218,5780,1082
OTP,0,20110127,090218,5777,426
OTP,0,20110127,090218,5777,374
OTP,0,20110127,090218,5780,2000
OTP,0,20110127,090218,5780,1918
OTP,0,20110127,090218,5780,10
OTP,0,20110127,090218,5780,50
OTP,0,20110127,090218,5780,22
OTP,0,20110127,090218,5780,53
CSEPEL,0,20110127,090219,518,9
CSEPEL,0,20110127,090219,520,991
OTP,0,20110127,090219,5780,1190
OTP,0,20110127,090220,5785,50
OTP,0,20110127,090221,5780,500
OTP,0,20110127,090222,5785,850
OTP,0,20110127,090226,5788,2000
KEG,0,20110127,090227,128,140
KEG,0,20110127,090227,128,1000
KEG,0,20110127,090227,128,100
KEG,0,20110127,090227,128,560
OTP,0,20110127,090228,5790,1000
OTP,0,20110127,090228,5790,4000
FHB,0,20110127,090229,1026,100
FHB,0,20110127,090229,1027,1000
FHB,0,20110127,090229,1029,11
FHB,0,20110127,090229,1029,147
OTP,0,20110127,090229,5790,20
OTP,0,20110127,090230,5790,374
BUX1112,0,20110127,090231,23800.5,1
BUX1112,0,20110127,090231,23800,4
FHB,0,20110127,090232,1029,323
FHB,0,20110127,090232,1029,150
MOL,0,20110127,090232,22325,1
OTP,0,20110127,090232,5785,900
OTP,0,20110127,090232,5785,12
OTP,0,20110127,090233,5785,150
OTP,0,20110127,090233,5785,242
OTP,0,20110127,090234,5785,696
OTP,0,20110127,090234,5790,4910
KEG,0,20110127,090243,128,440
OTP,0,20110127,090244,5790,696
OTP,0,20110127,090246,5790,385
OTP,0,20110127,090246,5792,340
MOL,0,20110127,090247,22400,100
QUAESTOR,0,20110127,090250,320,140
BUX1112,0,20110127,090251,23773.5,8
BUX1112,0,20110127,090251,23770,1
FHB,0,20110127,090252,1030,500
FHB,0,20110127,090252,1030,200
FHB,0,20110127,090252,1030,151
BUX1112,0,20110127,090253,23770,1
FHB,0,20110127,090253,1030,700
OTP,0,20110127,090254,5792,200
FHB,0,20110127,090255,1030,130
OTP,0,20110127,090256,5790,100
KEG,0,20110127,090257,127,560
KEG,0,20110127,090257,127,240
KEG,0,20110127,090257,127,377
KEG,0,20110127,090257,127,1200
KEG,0,20110127,090257,127,1000
KEG,0,20110127,090257,127,3000
KEG,0,20110127,090257,127,315
KEG,0,20110127,090257,127,800
CSEPEL,0,20110127,090259,520,9
CSEPEL,0,20110127,090259,525,701
OTP,0,20110127,090259,5792,40
RICHTER,0,20110127,090301,43200,2
RICHTER,0,20110127,090301,43200,2
OTP,0,20110127,090301,5799,24
OTP,0,20110127,090304,5799,50
BUX1112,0,20110127,090304,23775,2
BUX1112,0,20110127,090308,23795,8
BUX1112,0,20110127,090311,23800,2
OTP,0,20110127,090311,5795,100
OTP,0,20110127,090312,5795,160
FHB,0,20110127,090312,1021,133
FHB,0,20110127,090312,1021,133
FHB,0,20110127,090312,1021,370
FHB,0,20110127,090312,1020,500
FHB,0,20110127,090312,1020,300
FHB,0,20110127,090312,1020,1200
OTP,0,20110127,090316,5795,40
OTP,0,20110127,090316,5795,899
OTP,0,20110127,090316,5795,61
OTP,0,20110127,090317,5799,50
CSEPEL,0,20110127,090317,525,9
OTP,0,20110127,090317,5799,21
OTP,0,20110127,090317,5799,629
OTP,0,20110127,090319,5795,13
OTP,0,20110127,090321,5795,1000
OTP,0,20110127,090321,5795,926
OTP,0,20110127,090321,5795,74
OTP,0,20110127,090322,5799,66
CSEPEL,0,20110127,090324,510,150
CSEPEL,0,20110127,090324,510,390
FHB,0,20110127,090326,1020,14
OTP,0,20110127,090327,5799,40
BUX1112,0,20110127,090328,23771,2
BUX1112,0,20110127,090328,23770,8
OTP,0,20110127,090328,5799,10
OTP,0,20110127,090328,5799,80
OTP,0,20110127,090330,5799,75
OTP,0,20110127,090330,5799,3
OTP,0,20110127,090331,5795,500
PANNERGY,0,20110127,090332,910,200
OTP,0,20110127,090334,5795,250
OTP,0,20110127,090335,5799,50
OTP,0,20110127,090338,5799,157
OTP,0,20110127,090338,5800,33
OTP,0,20110127,090338,5795,100
OTP,0,20110127,090338,5800,1535
OTP,0,20110127,090338,5800,17
OTP,0,20110127,090338,5800,5000
OTP,0,20110127,090338,5800,25
OTP,0,20110127,090338,5800,50
OTP,0,20110127,090338,5800,100
OTP,0,20110127,090338,5800,2000
OTP,0,20110127,090338,5800,2000
OTP,0,20110127,090338,5800,23
OTP,0,20110127,090349,5800,190
OTP,0,20110127,090349,5800,810
OTP,0,20110127,090350,5800,87
OTP,0,20110127,090350,5800,300
OTP,0,20110127,090350,5800,1613
OTP,0,20110127,090350,5800,387
OTP,0,20110127,090350,5799,20
OTP,0,20110127,090352,5796,100
OTP,0,20110127,090352,5799,80
OTP,0,20110127,090352,5800,420
OTP,0,20110127,090353,5800,93
OTP,0,20110127,090353,5800,7
CSEPEL,0,20110127,090353,538,100
BUX1112,0,20110127,090355,23820,5
OTP,0,20110127,090355,5796,150
DANUBIUS,0,20110127,090355,4090,8
OTP,0,20110127,090359,5800,8
OTP,0,20110127,090404,5800,1985
OTP,0,20110127,090404,5800,1100
OTP,0,20110127,090404,5800,2000
CSEPEL,0,20110127,090405,539,200
OTP,0,20110127,090406,5800,100
MTELEKOM,0,20110127,090407,555,194190
MTELEKOM,0,20110127,090408,555,4575
OTP,0,20110127,090408,5800,450
MTELEKOM,0,20110127,090409,555,28
MTELEKOM,0,20110127,090409,555,10000
MTELEKOM,0,20110127,090409,555,5000
OTP,0,20110127,090410,5800,550
OTP,0,20110127,090412,5800,83
OTP,0,20110127,090415,5797,20
BUX1112,0,20110127,090416,23786,2
MTELEKOM,0,20110127,090419,556,187
MTELEKOM,0,20110127,090419,556,284
PHYLAXIA,0,20110127,090419,45,16400
PHYLAXIA,0,20110127,090419,45,2500
PHYLAXIA,0,20110127,090419,45,5300
PHYLAXIA,0,20110127,090419,45,10000
PHYLAXIA,0,20110127,090419,45,3700
PHYLAXIA,0,20110127,090419,45,1000
PHYLAXIA,0,20110127,090419,45,1100
BUX1112,0,20110127,090422,23800,5
OTP,0,20110127,090423,5797,100
OTP,0,20110127,090427,5797,80
OTP,0,20110127,090427,5797,120
OTP,0,20110127,090428,5800,100
OTP,0,20110127,090428,5797,230
OTP,0,20110127,090428,5797,2000
OTP,0,20110127,090428,5797,896
OTP,0,20110127,090428,5796,3250
OTP,0,20110127,090428,5796,3000
OTP,0,20110127,090428,5795,1900
OTP,0,20110127,090428,5795,110
OTP,0,20110127,090428,5795,200
OTP,0,20110127,090428,5795,313
OTP,0,20110127,090428,5795,80
BUX1112,0,20110127,090432,23791,1
MOL,0,20110127,090434,22390,22
MOL,0,20110127,090434,22390,70
CSEPEL,0,20110127,090436,540,25
OTP,0,20110127,090436,5792,200
OTP,0,20110127,090436,5792,20
OTP,0,20110127,090436,5792,890
OTP,0,20110127,090436,5791,890
BUX1112,0,20110127,090437,23791,2
OTP,0,20110127,090438,5791,210
OTP,0,20110127,090438,5791,150
OTP,0,20110127,090438,5790,40
OTP,0,20110127,090438,5790,30
OTP,0,20110127,090438,5790,10
OTP,0,20110127,090438,5790,100
BUX1112,0,20110127,090439,23785,5
OTP,0,20110127,090440,5790,1460
OTP,0,20110127,090442,5795,100
BUX1112,0,20110127,090442,23791,10
OTP,0,20110127,090446,5791,2980
OTP,0,20110127,090446,5791,1460
CSEPEL,0,20110127,090448,540,2
BUX1112,0,20110127,090450,23786,1
OTP,0,20110127,090452,5785,50
OTP,0,20110127,090452,5785,178
OTP,0,20110127,090452,5785,18
OTP,0,20110127,090452,5785,200
OTP,0,20110127,090452,5785,1000
OTP,0,20110127,090452,5784,200
OTP,0,20110127,090452,5781,30
OTP,0,20110127,090452,5780,257
OTP,0,20110127,090452,5780,133
OTP,0,20110127,090452,5780,100
OTP,0,20110127,090452,5780,20
OTP,0,20110127,090452,5780,100
OTP,0,20110127,090452,5780,5000
OTP,0,20110127,090452,5780,200
OTP,0,20110127,090452,5780,110
OTP,0,20110127,090452,5778,20
OTP,0,20110127,090452,5775,20
FHB,0,20110127,090453,1020,19
OTP,0,20110127,090457,5775,30
OTP,0,20110127,090457,5775,50
OTP,0,20110127,090457,5775,20
MOL,0,20110127,090458,22400,50
CSEPEL,0,20110127,090500,540,1000
OTP,0,20110127,090502,5775,100
MOL,0,20110127,090509,22390,8
MOL,0,20110127,090509,22390,16
BUX1112,0,20110127,090510,23786,2
EGIS,0,20110127,090512,21100,93
EGIS,0,20110127,090512,21100,7
BUX1112,0,20110127,090512,23775,2
BUX1112,0,20110127,090512,23774,1
BUX1112,0,20110127,090512,23768,1
OTP,0,20110127,090519,5784,12
OTP,0,20110127,090520,5776,100
OTP,0,20110127,090520,5776,713
OTP,0,20110127,090520,5776,1187
OTP,0,20110127,090522,5777,165
OTP,0,20110127,090522,5776,1813
OTP,0,20110127,090522,5775,22
OTP,0,20110127,090522,5784,188
OTP,0,20110127,090524,5785,10
BUX1112,0,20110127,090526,23765,2
PHYLAXIA,0,20110127,090527,45,1900
PHYLAXIA,0,20110127,090527,45,1000
PHYLAXIA,0,20110127,090527,45,1111
PHYLAXIA,0,20110127,090527,45,3000
PHYLAXIA,0,20110127,090527,45,2989
OTP,0,20110127,090528,5788,10
BUX1112,0,20110127,090528,23765,5
DANUBIUS,0,20110127,090531,4090,17
OTP,0,20110127,090533,5785,52
OTP,0,20110127,090533,5785,445
OTP,0,20110127,090534,5785,1503
CSEPEL,0,20110127,090534,538,150
MTELEKOM,0,20110127,090534,555,5000
OTP,0,20110127,090536,5785,60
OTP,0,20110127,090537,5788,90
OTP,0,20110127,090537,5788,60
BUX1112,0,20110127,090539,23786,1
BUX1112,0,20110127,090539,23788,9
EGIS,0,20110127,090539,21000,46
OTP,0,20110127,090542,5785,437
OTP,0,20110127,090542,5785,446
BUX1112,0,20110127,090545,23761,3
OTP,0,20110127,090547,5785,475
OTP,0,20110127,090549,5777,100
OTP,0,20110127,090549,5776,1000
OTP,0,20110127,090549,5775,55
OTP,0,20110127,090549,5775,444
OTP,0,20110127,090549,5775,3000
OTP,0,20110127,090549,5775,401
BUX1112,0,20110127,090552,23788,1
BUX1112,0,20110127,090554,23790,30
OTP,0,20110127,090554,5785,22
OTP,0,20110127,090554,5777,800
OTP,0,20110127,090554,5777,444
OTP,0,20110127,090554,5775,599
OTP,0,20110127,090554,5775,157
MOL,0,20110127,090558,22360,26
OTP,0,20110127,090558,5777,40
EGIS,0,20110127,090600,21000,54
MOL,0,20110127,090601,22360,30
BUX1112,0,20110127,090603,23790,2
RICHTER,0,20110127,090604,43200,14
PHYLAXIA,0,20110127,090607,45,3970
PHYLAXIA,0,20110127,090607,45,488
BUX1112,0,20110127,090610,23790,3
MTELEKOM,0,20110127,090611,555,10
OTP,0,20110127,090615,5780,9
KEG,0,20110127,090621,127,7000
RICHTER,0,20110127,090621,43285,3
OTP,0,20110127,090622,5780,151
BUX1112,0,20110127,090624,23790,10
PANNERGY,0,20110127,090625,910,100
MTELEKOM,0,20110127,090629,555,4990
MTELEKOM,0,20110127,090629,555,15000
MTELEKOM,0,20110127,090629,555,10000
MTELEKOM,0,20110127,090629,555,13010
OTP,0,20110127,090629,5780,1849
OTP,0,20110127,090631,5780,20
CSEPEL,0,20110127,090633,524,1000
BUX1112,0,20110127,090634,23790,10
MTELEKOM,0,20110127,090634,555,1990
MTELEKOM,0,20110127,090634,555,3010
OTP,0,20110127,090637,5780,5000
MTELEKOM,0,20110127,090639,555,1990
MTELEKOM,0,20110127,090639,555,3010
MOL,0,20110127,090643,22360,44
KEG,0,20110127,090644,127,1000
DANUBIUS,0,20110127,090646,4100,3
MTELEKOM,0,20110127,090647,555,1990
MTELEKOM,0,20110127,090647,555,1510
BUX1112,0,20110127,090652,23800,45
BUX1112,0,20110127,090652,23800,15
OTP,0,20110127,090653,5782,15
OTP,0,20110127,090653,5781,500
OTP,0,20110127,090653,5780,853
OTP,0,20110127,090653,5780,632
KEG,0,20110127,090655,127,1000
OTP,0,20110127,090656,5784,10
KEG,0,20110127,090657,127,530
OTP,0,20110127,090700,5781,14
FHB,0,20110127,090703,1025,150
FHB,0,20110127,090704,1028,50
FHB,0,20110127,090704,1028,33
FHB,0,20110127,090704,1028,17
EGIS,0,20110127,090705,21100,5
OTP,0,20110127,090706,5784,60
OTP,0,20110127,090708,5781,486
OTP,0,20110127,090708,5781,18
OTP,0,20110127,090708,5780,116
OTP,0,20110127,090711,5782,30
OTP,0,20110127,090711,5784,30
OTP,0,20110127,090711,5784,2000
OTP,0,20110127,090711,5785,1940
OTP,0,20110127,090714,5785,50
OTP,0,20110127,090717,5784,2
OTP,0,20110127,090717,5784,68
KEG,0,20110127,090721,127,1000
FHB,0,20110127,090721,1025,200
BUX1112,0,20110127,090722,23799,1
BUX1112,0,20110127,090722,23799,3
BUX1112,0,20110127,090722,23800,8
OTP,0,20110127,090723,5784,384
OTP,0,20110127,090723,5780,184
OTP,0,20110127,090723,5780,388
OTP,0,20110127,090723,5780,1044
KEG,0,20110127,090723,127,1000
OTP,0,20110127,090724,5784,100
BUX1112,0,20110127,090726,23800,1
OTP,0,20110127,090728,5784,3
OTP,0,20110127,090729,5784,1000
ANY,0,20110127,090729,742,78
FHB,0,20110127,090729,1025,140
RICHTER,0,20110127,090731,43300,50
OTP,0,20110127,090731,5784,897
OTP,0,20110127,090731,5784,196
RICHTER,0,20110127,090733,43300,10
OTP,0,20110127,090733,5784,100
KEG,0,20110127,090733,127,538
OTP,0,20110127,090735,5784,10
BUX1112,0,20110127,090744,23800,9
BUX1112,0,20110127,090747,23791,2
BUX1112,0,20110127,090747,23790,8
OTP,0,20110127,090748,5784,250
OTP,0,20110127,090752,5784,90
OTP,0,20110127,090758,5781,10
SYNERGON,0,20110127,090801,509,35
SYNERGON,0,20110127,090801,509,465
RICHTER,0,20110127,090801,43365,2
OTP,0,20110127,090801,5784,15
PHYLAXIA,0,20110127,090814,45,5000
OTP,0,20110127,090816,5784,20
MTELEKOM,0,20110127,090816,554,50
MTELEKOM,0,20110127,090816,554,950
OTP,0,20110127,090816,5784,300
OTP,0,20110127,090819,5783,50
OTP,0,20110127,090823,5784,122
OTP,0,20110127,090823,5785,378
BUX1112,0,20110127,090823,23820,3
OTP,0,20110127,090825,5785,600
OTP,0,20110127,090826,5784,30
SYNERGON,0,20110127,090842,509,200
SYNERGON,0,20110127,090843,509,359
RICHTER,0,20110127,090846,43285,8
OTP,0,20110127,090847,5785,22
OTP,0,20110127,090847,5786,100
OTP,0,20110127,090847,5788,2000
OTP,0,20110127,090847,5788,2000
GENESIS,0,20110127,090847,207,330
OTP,0,20110127,090854,5789,5
OTP,0,20110127,090854,5790,95
OTP,0,20110127,090856,5790,2405
OTP,0,20110127,090856,5790,670
DANUBIUS,0,20110127,090857,4055,30
DANUBIUS,0,20110127,090857,4050,100
DANUBIUS,0,20110127,090857,4050,9
OTP,0,20110127,090903,5795,30
OTP,0,20110127,090907,5790,100
OTP,0,20110127,090907,5788,5
OTP,0,20110127,090908,5790,702
OTP,0,20110127,090909,5795,2891
BUX1112,0,20110127,090919,23830,1
DANUBIUS,0,20110127,090922,4050,21
DANUBIUS,0,20110127,090922,4035,25
DANUBIUS,0,20110127,090922,4020,8
DANUBIUS,0,20110127,090922,4010,30
DANUBIUS,0,20110127,090922,4010,100
DANUBIUS,0,20110127,090922,4005,100
DANUBIUS,0,20110127,090922,4000,100
DANUBIUS,0,20110127,090922,4000,30
DANUBIUS,0,20110127,090922,4000,50
BUX1112,0,20110127,090924,23830,2
OTP,0,20110127,090927,5792,5576
BUX1112,0,20110127,090927,23838,1
OTP,0,20110127,090927,5799,5000
OTP,0,20110127,090927,5799,2000
OTP,0,20110127,090930,5800,56
OTP,0,20110127,090930,5800,294
DANUBIUS,0,20110127,090931,4000,100
OTP,0,20110127,090932,5800,2000
BUX1112,0,20110127,090933,23830,2
OTP,0,20110127,090935,5800,206
OTP,0,20110127,090935,5800,400
OTP,0,20110127,090935,5800,50
OTP,0,20110127,090935,5800,100
OTP,0,20110127,090935,5800,236
OTP,0,20110127,090935,5800,3
OTP,0,20110127,090937,5800,16
BUX1112,0,20110127,090938,23840,2
OTP,0,20110127,090938,5800,984
OTP,0,20110127,090938,5800,480
OTP,0,20110127,090938,5800,16
MOL,0,20110127,090942,22335,3
DANUBIUS,0,20110127,090944,4000,100
OTP,0,20110127,090948,5800,20
OTP,0,20110127,090948,5800,20
DANUBIUS,0,20110127,090957,4000,30
BUX1112,0,20110127,090958,23849,5
BUX1112,0,20110127,090958,23850,5
OTP,0,20110127,091000,5800,20
OTP,0,20110127,091005,5795,30
OTP,0,20110127,091006,5800,52
BUX1112,0,20110127,091009,23850,5
OTP,0,20110127,091010,5800,101
OTP,0,20110127,091010,5800,1675
MOL,0,20110127,091015,22360,6
MOL,0,20110127,091015,22360,38
OTP,0,20110127,091016,5800,10
PHYLAXIA,0,20110127,091018,45,542
PHYLAXIA,0,20110127,091018,45,5013
FHB,0,20110127,091020,1026,1000
OTP,0,20110127,091026,5800,17
BUX1112,0,20110127,091032,23868,1
BUX1112,0,20110127,091032,23870,1
BUX1112,0,20110127,091032,23870,4
MOL,0,20110127,091036,22400,100
MOL,0,20110127,091036,22400,100
MOL,0,20110127,091036,22400,150
CSEPEL,0,20110127,091042,521,500
OTP,0,20110127,091050,5800,3
OTP,0,20110127,091050,5800,83
RICHTER,0,20110127,091101,43280,5
PANNERGY,0,20110127,091107,910,125
KEG,0,20110127,091124,127,500
KEG,0,20110127,091124,127,1740
OTP,0,20110127,091140,5805,100
OTP,0,20110127,091140,5802,16
OTP,0,20110127,091140,5802,71
MTELEKOM,0,20110127,091150,554,1000
BUX1112,0,20110127,091201,23841,8
BUX1112,0,20110127,091201,23840,17
OTP,0,20110127,091201,5808,20
OTP,0,20110127,091201,5809,30
FHB,0,20110127,091203,1027,177
CSEPEL,0,20110127,091205,525,2500
CSEPEL,0,20110127,091205,533,100
OTP,0,20110127,091206,5809,19
OTP,0,20110127,091206,5810,21
FHB,0,20110127,091213,1027,23
FHB,0,20110127,091213,1027,277
RICHTER,0,20110127,091214,43280,30
RICHTER,0,20110127,091214,43280,20
OTP,0,20110127,091214,5805,30
OTP,0,20110127,091214,5803,100
OTP,0,20110127,091214,5802,429
OTP,0,20110127,091214,5802,20
OTP,0,20110127,091214,5802,1000
OTP,0,20110127,091214,5800,100
OTP,0,20110127,091214,5800,980
OTP,0,20110127,091214,5800,100
OTP,0,20110127,091214,5800,241
CSEPEL,0,20110127,091217,525,250
FHB,0,20110127,091217,1026,500
BUX1112,0,20110127,091221,23841,1
BUX1112,0,20110127,091221,23840,13
OTP,0,20110127,091222,5800,129
OTP,0,20110127,091222,5800,50
OTP,0,20110127,091222,5800,821
OTP,0,20110127,091230,5802,100
OTP,0,20110127,091230,5800,179
OTP,0,20110127,091230,5800,5
OTP,0,20110127,091230,5800,100
OTP,0,20110127,091230,5800,200
OTP,0,20110127,091230,5800,620
OTP,0,20110127,091230,5800,1212
OTP,0,20110127,091230,5800,857
OTP,0,20110127,091230,5800,345
FHB,0,20110127,091232,1027,98
FHB,0,20110127,091232,1028,283
FHB,0,20110127,091232,1029,1369
OTP,0,20110127,091234,5800,100
OTP,0,20110127,091234,5800,400
OTP,0,20110127,091239,5800,200
OTP,0,20110127,091241,5808,49
OTP,0,20110127,091244,5800,121
OTP,0,20110127,091244,5800,1515
OTP,0,20110127,091244,5800,1000
OTP,0,20110127,091250,5800,10
OTP,0,20110127,091250,5800,2354
OTP,0,20110127,091250,5800,1000
DANUBIUS,0,20110127,091250,4050,20
CSEPEL,0,20110127,091252,525,250
CSEPEL,0,20110127,091252,525,700
OTP,0,20110127,091253,5800,1000
RICHTER,0,20110127,091254,43300,20
OTP,0,20110127,091300,5800,646
OTP,0,20110127,091300,5800,448
OTP,0,20110127,091300,5800,1396
RICHTER,0,20110127,091301,43300,2
OTP,0,20110127,091301,5807,15
OTP,0,20110127,091307,5801,100
OTP,0,20110127,091307,5800,604
OTP,0,20110127,091307,5800,8
OTP,0,20110127,091307,5800,141
OTP,0,20110127,091307,5800,147
CSEPEL,0,20110127,091313,525,50
OTP,0,20110127,091314,5802,6
CSEPEL,0,20110127,091315,527,500
OTP,0,20110127,091323,5802,85
BUX1112,0,20110127,091326,23831,1
FHB,0,20110127,091334,1028,100
OTP,0,20110127,091335,5802,109
OTP,0,20110127,091338,5801,20
OTP,0,20110127,091338,5800,20
OTP,0,20110127,091341,5800,1000
OTP,0,20110127,091345,5805,50
OTP,0,20110127,091345,5806,165
OTP,0,20110127,091345,5806,30
OTP,0,20110127,091345,5806,50
OTP,0,20110127,091345,5806,5
BUX1112,0,20110127,091345,23831,6
BUX1112,0,20110127,091346,23830,1
FHB,0,20110127,091350,1026,100
OTP,0,20110127,091353,5806,20
BUX1112,0,20110127,091355,23820,2
BUX1112,0,20110127,091355,23812,2
BUX1112,0,20110127,091355,23806,4
BUX1112,0,20110127,091355,23805,32
OTP,0,20110127,091357,5803,50
FHB,0,20110127,091359,1028,100
FHB,0,20110127,091359,1029,100
OTP,0,20110127,091408,5803,100
RFV,0,20110127,091417,8849,20
BUX1112,0,20110127,091423,23801,1
OTP,0,20110127,091427,5806,75
OTP,0,20110127,091427,5806,143
OTP,0,20110127,091427,5806,300
OTP,0,20110127,091427,5810,79
OTP,0,20110127,091427,5810,150
OTP,0,20110127,091427,5810,20
OTP,0,20110127,091427,5810,30
CSEPEL,0,20110127,091427,527,40
CSEPEL,0,20110127,091427,525,50
OTP,0,20110127,091429,5810,28
RFV,0,20110127,091432,8860,50
CSEPEL,0,20110127,091432,525,100
OTP,0,20110127,091451,5810,2000
ORC,0,20110127,091452,1980,50
OTP,0,20110127,091456,5811,3
OTP,0,20110127,091500,5811,117
OTP,0,20110127,091500,5810,1008
OTP,0,20110127,091500,5810,875
OTP,0,20110127,091500,5810,200
PHYLAXIA,0,20110127,091504,45,2000
OTP,0,20110127,091507,5810,360
OTP,0,20110127,091510,5810,1000
FHB,0,20110127,091513,1027,50
OTP,0,20110127,091517,5810,565
OTP,0,20110127,091517,5810,130
OTP,0,20110127,091519,5804,50
ORC,0,20110127,091526,1980,15
RICHTER,0,20110127,091530,43300,15
RICHTER,0,20110127,091531,43300,18
OTP,0,20110127,091556,5807,20
OTP,0,20110127,091556,5810,105
OTP,0,20110127,091558,5810,100
RICHTER,0,20110127,091613,43300,5
RICHTER,0,20110127,091613,43300,5
FHB,0,20110127,091626,1027,50
FHB,0,20110127,091626,1027,103
FHB,0,20110127,091626,1029,147
CSEPEL,0,20110127,091629,520,24
MTELEKOM,0,20110127,091632,554,1050
MTELEKOM,0,20110127,091632,554,1000
MTELEKOM,0,20110127,091632,554,1950
BUX1112,0,20110127,091635,23826,1
OTP,0,20110127,091638,5805,195
OTP,0,20110127,091638,5805,444
OTP,0,20110127,091638,5805,100
OTP,0,20110127,091638,5801,100
OTP,0,20110127,091638,5801,120
OTP,0,20110127,091638,5800,3000
OTP,0,20110127,091638,5800,500
OTP,0,20110127,091638,5800,11
OTP,0,20110127,091638,5800,500
OTP,0,20110127,091638,5800,25
OTP,0,20110127,091638,5800,1250
OTP,0,20110127,091638,5800,10
BUX1112,0,20110127,091640,23826,2
BUX1112,0,20110127,091640,23826,34
OTP,0,20110127,091641,5800,573
CSEPEL,0,20110127,091649,520,240
CSEPEL,0,20110127,091649,529,260
OTP,0,20110127,091651,5797,50
OTP,0,20110127,091651,5797,100
OTP,0,20110127,091654,5797,150
OTP,0,20110127,091654,5797,456
OTP,0,20110127,091654,5796,12
OTP,0,20110127,091654,5796,482
OTP,0,20110127,091657,5796,18
OTP,0,20110127,091657,5795,982
OTP,0,20110127,091657,5795,300
OTP,0,20110127,091659,5796,450
OTP,0,20110127,091659,5795,550
OTP,0,20110127,091659,5795,50
OTP,0,20110127,091701,5795,88
OTP,0,20110127,091701,5795,750
OTP,0,20110127,091701,5795,65
OTP,0,20110127,091701,5794,2
OTP,0,20110127,091702,5792,5
OTP,0,20110127,091702,5791,165
OTP,0,20110127,091702,5790,835
EGIS,0,20110127,091705,21000,2
EGIS,0,20110127,091705,20960,33
RICHTER,0,20110127,091706,43200,6
RICHTER,0,20110127,091706,43200,12
RICHTER,0,20110127,091706,43200,5
OTP,0,20110127,091708,5790,15
OTP,0,20110127,091708,5790,2000
OTP,0,20110127,091708,5790,500
OTP,0,20110127,091708,5790,160
OTP,0,20110127,091708,5790,15
OTP,0,20110127,091708,5790,200
OTP,0,20110127,091708,5790,443
OTP,0,20110127,091709,5792,903
OTP,0,20110127,091709,5792,55
OTP,0,20110127,091709,5794,1261
OTP,0,20110127,091709,5795,40
OTP,0,20110127,091709,5799,5741
PHYLAXIA,0,20110127,091709,45,2987
PHYLAXIA,0,20110127,091709,45,13
OTP,0,20110127,091715,5795,30
RABA,0,20110127,091716,849,255
RABA,0,20110127,091716,849,33
RABA,0,20110127,091716,850,205
OTP,0,20110127,091716,5795,480
OTP,0,20110127,091719,5795,70
OTP,0,20110127,091722,5795,250
OTP,0,20110127,091725,5795,25
OTP,0,20110127,091725,5795,448
OTP,0,20110127,091725,5795,80
CSEPEL,0,20110127,091728,525,10
OTP,0,20110127,091730,5790,25
OTP,0,20110127,091734,5790,25
BUX1112,0,20110127,091738,23810,2
BUX1112,0,20110127,091738,23807,5
BUX1112,0,20110127,091738,23802,10
BUX1112,0,20110127,091738,23801,2
BUX1112,0,20110127,091738,23801,10
BUX1112,0,20110127,091738,23800,1
OTP,0,20110127,091740,5790,15
OTP,0,20110127,091742,5795,472
OTP,0,20110127,091742,5795,1742
OTP,0,20110127,091746,5790,200
OTP,0,20110127,091747,5790,259
RABA,0,20110127,091748,847,40
FHB,0,20110127,091759,1029,29
RICHTER,0,20110127,091801,43295,3
OTP,0,20110127,091801,5795,15
MTELEKOM,0,20110127,091801,554,50
BUX1112,0,20110127,091806,23800,1
GENESIS,0,20110127,091807,206,200
OTP,0,20110127,091807,5794,100
FHB,0,20110127,091810,1026,300
OTP,0,20110127,091811,5794,352
OTP,0,20110127,091811,5790,1526
OTP,0,20110127,091811,5790,122
OTP,0,20110127,091812,5790,326
OTP,0,20110127,091814,5790,345
DANUBIUS,0,20110127,091816,4000,70
BUX1112,0,20110127,091817,23796,5
BUX1112,0,20110127,091824,23796,3
FHB,0,20110127,091826,1026,20
OTP,0,20110127,091827,5790,1000
OTP,0,20110127,091830,5790,40
SYNERGON,0,20110127,091835,510,50
OTP,0,20110127,091835,5790,789
OTP,0,20110127,091835,5790,1000
BUX1112,0,20110127,091840,23796,2
BUX1112,0,20110127,091840,23795,3
OTP,0,20110127,091848,5790,300
ECONET,0,20110127,091851,89,1200
OTP,0,20110127,091915,5795,40
FHB,0,20110127,091921,1026,80
OTP,0,20110127,091924,5791,25
OTP,0,20110127,091939,5795,100
PHYLAXIA,0,20110127,091941,45,1500
OTP,0,20110127,091944,5791,15
OTP,0,20110127,091944,5791,50
OTP,0,20110127,091944,5790,135
OTP,0,20110127,091946,5790,1103
OTP,0,20110127,091947,5791,10
OTP,0,20110127,091947,5790,990
OTP,0,20110127,092002,5790,472
OTP,0,20110127,092002,5790,128
OTP,0,20110127,092007,5790,318
OTP,0,20110127,092007,5790,70
PHYLAXIA,0,20110127,092011,45,487
OTP,0,20110127,092012,5790,50
OTP,0,20110127,092015,5790,1562
OTP,0,20110127,092015,5790,1000
BUX1112,0,20110127,092018,23790,2
OTP,0,20110127,092029,5790,30
OTP,0,20110127,092029,5794,15
BUX1112,0,20110127,092030,23790,1
CSEPEL,0,20110127,092103,529,240
CSEPEL,0,20110127,092103,530,160
BUX1112,0,20110127,092113,23795,5
MOL,0,20110127,092123,22360,56
MOL,0,20110127,092123,22360,4
RFV,0,20110127,092137,8850,9
FOTEX,0,20110127,092139,389,600
ECONET,0,20110127,092147,89,361
ECONET,0,20110127,092147,89,359
MOL,0,20110127,092150,22365,40
MOL,0,20110127,092150,22365,52
MOL,0,20110127,092150,22365,11
MOL,0,20110127,092150,22395,250
MOL,0,20110127,092157,22400,423
CSEPEL,0,20110127,092202,530,340
CSEPEL,0,20110127,092202,530,300
CSEPEL,0,20110127,092202,535,500
CSEPEL,0,20110127,092202,538,344
CSEPEL,0,20110127,092202,539,100
CSEPEL,0,20110127,092202,540,16
CSEPEL,0,20110127,092202,540,172
OTP,0,20110127,092205,5791,58
OTP,0,20110127,092205,5790,25
OTP,0,20110127,092205,5790,20
OTP,0,20110127,092205,5790,20
OTP,0,20110127,092205,5790,696
OTP,0,20110127,092206,5790,181
DANUBIUS,0,20110127,092213,4000,58
MTELEKOM,0,20110127,092218,554,950
MTELEKOM,0,20110127,092218,554,1550
MOL,0,20110127,092222,22400,97
BUX1112,0,20110127,092222,23800.5,5
BUX1112,0,20110127,092222,23800,10
BUX1112,0,20110127,092222,23800,10
BUX1112,0,20110127,092226,23800,5
RABA,0,20110127,092227,850,118
MOL,0,20110127,092228,22400,53
OTP,0,20110127,092229,5790,391
OTP,0,20110127,092229,5790,1212
OTP,0,20110127,092229,5790,200
OTP,0,20110127,092233,5790,197
OTP,0,20110127,092233,5790,150
MTELEKOM,0,20110127,092234,554,110
BUX1112,0,20110127,092240,23795,5
OTP,0,20110127,092240,5790,20
ZWACK,0,20110127,092256,14700,270
ZWACK,0,20110127,092256,14645,30
ZWACK,0,20110127,092256,14640,680
ZWACK,0,20110127,092256,14600,20
ZWACK,0,20110127,092256,14600,8
RICHTER,0,20110127,092301,43290,2
OTP,0,20110127,092301,5793,15
OTP,0,20110127,092312,5792,30
OTP,0,20110127,092312,5792,48
BUX1112,0,20110127,092313,23799,2
CSEPEL,0,20110127,092322,535,400
FHB,0,20110127,092325,1024,355
OTP,0,20110127,092325,5792,190
OTP,0,20110127,092325,5790,795
OTP,0,20110127,092332,5790,150
OTP,0,20110127,092346,5790,11
OTP,0,20110127,092346,5790,67
CSEPEL,0,20110127,092347,535,100
FHB,0,20110127,092354,1024,604
FHB,0,20110127,092354,1022,100
FHB,0,20110127,092354,1022,110
FHB,0,20110127,092354,1020,100
FHB,0,20110127,092354,1020,300
FHB,0,20110127,092354,1019,500
FHB,0,20110127,092354,1017,200
FHB,0,20110127,092354,1016,77
FHB,0,20110127,092354,1016,140
FHB,0,20110127,092354,1016,669
OTP,0,20110127,092408,5793,2
OTP,0,20110127,092429,5790,775
OTP,0,20110127,092429,5790,225
BUX1112,0,20110127,092437,23790,2
BUX1112,0,20110127,092442,23799,3
BUX1112,0,20110127,092442,23799,5
BUX1112,0,20110127,092442,23800,19
BUX1112,0,20110127,092442,23800,13
OTP,0,20110127,092456,5790,20
RICHTER,0,20110127,092506,43200,90
ANY,0,20110127,092509,742,122
ANY,0,20110127,092509,742,100
ANY,0,20110127,092509,741,300
ANY,0,20110127,092509,740,100
ANY,0,20110127,092509,740,60
FHB,0,20110127,092513,1018,450
FHB,0,20110127,092513,1025,200
FHB,0,20110127,092513,1025,55
FHB,0,20110127,092519,1025,75
OTP,0,20110127,092526,5793,10
RICHTER,0,20110127,092527,43200,10
RICHTER,0,20110127,092527,43200,29
CSEPEL,0,20110127,092536,535,500
RFV,0,20110127,092536,8860,4
OTP,0,20110127,092545,5790,653
OTP,0,20110127,092545,5790,200
OTP,0,20110127,092545,5790,147
FHB,0,20110127,092545,1019,275
FHB,0,20110127,092545,1018,450
FHB,0,20110127,092545,1017,300
FHB,0,20110127,092545,1016,475
SYNERGON,0,20110127,092547,510,450
OTP,0,20110127,092558,5793,133
BUX1112,0,20110127,092604,23800,5
CSEPEL,0,20110127,092612,530,400
CSEPEL,0,20110127,092612,530,80
BUX1112,0,20110127,092614,23800,5
PHYLAXIA,0,20110127,092620,45,1000
OTP,0,20110127,092620,5794,500
OTP,0,20110127,092620,5795,10
OTP,0,20110127,092620,5795,1024
OTP,0,20110127,092627,5795,466
OTP,0,20110127,092627,5795,425
FHB,0,20110127,092632,1024,400
ANY,0,20110127,092634,740,918
MTELEKOM,0,20110127,092657,554,200
KEG,0,20110127,092657,128,1000
OTP,0,20110127,092704,5797,99
OTP,0,20110127,092704,5797,101
BUX1112,0,20110127,092712,23800,5
BUX1112,0,20110127,092714,23800,2
BUX1112,0,20110127,092714,23800,2
PANNERGY,0,20110127,092721,910,50
MOL,0,20110127,092733,22410,100
RABA,0,20110127,092745,847,410
RABA,0,20110127,092745,847,650
RABA,0,20110127,092745,846,100
RABA,0,20110127,092745,846,650
RABA,0,20110127,092745,845,940
RABA,0,20110127,092745,845,600
BUX1112,0,20110127,092754,23800,3
SYNERGON,0,20110127,092755,510,200
RICHTER,0,20110127,092759,43130,1
RICHTER,0,20110127,092759,43140,7
OTP,0,20110127,092801,5797,15
FHB,0,20110127,092806,1020,500
KEG,0,20110127,092808,128,400
BUX1112,0,20110127,092810,23810,1
MOL,0,20110127,092811,22400,24
MOL,0,20110127,092811,22400,105
MOL,0,20110127,092811,22400,6
MOL,0,20110127,092811,22400,51
RICHTER,0,20110127,092811,43140,1
RICHTER,0,20110127,092811,43140,1
OTP,0,20110127,092830,5795,23
OTP,0,20110127,092830,5795,4
OTP,0,20110127,092830,5795,6
OTP,0,20110127,092830,5795,20
RICHTER,0,20110127,092835,43140,12
OTP,0,20110127,092839,5795,34
OTP,0,20110127,092843,5795,6
MTELEKOM,0,20110127,092848,554,950
FHB,0,20110127,092900,1020,144
TVK,0,20110127,092910,3445,10
TVK,0,20110127,092910,3450,24
CSEPEL,0,20110127,092917,530,20
FHB,0,20110127,092919,1020,250
FHB,0,20110127,092927,1024,35
RICHTER,0,20110127,092931,43140,6
MTELEKOM,0,20110127,092934,554,230
MTELEKOM,0,20110127,092934,554,170
CSEPEL,0,20110127,092947,525,95
CSEPEL,0,20110127,092947,525,150
CSEPEL,0,20110127,092947,521,50
CSEPEL,0,20110127,092947,520,125
KEG,0,20110127,092948,128,1000
MOL,0,20110127,092951,22395,40
MOL,0,20110127,092951,22400,38
MOL,0,20110127,092951,22400,22
OTP,0,20110127,092951,5795,550
EGIS,0,20110127,092954,21000,50
MTELEKOM,0,20110127,092958,554,400
RICHTER,0,20110127,093024,43280,15
SYNERGON,0,20110127,093028,511,50
OTP,0,20110127,093032,5795,157
OTP,0,20110127,093032,5795,43
OTP,0,20110127,093038,5795,24
OTP,0,20110127,093038,5795,76
OTP,0,20110127,093043,5795,20
OTP,0,20110127,093046,5795,44
OTP,0,20110127,093046,5795,156
BUX1112,0,20110127,093053,23815,4
FHB,0,20110127,093052,1020,200
OTP,0,20110127,093101,5795,300
OTP,0,20110127,093105,5795,44
OTP,0,20110127,093117,5795,6
OTP,0,20110127,093117,5795,20
OTP,0,20110127,093117,5795,50
OTP,0,20110127,093123,5795,100
OTP,0,20110127,093128,5795,1824
OTP,0,20110127,093128,5795,676
RICHTER,0,20110127,093131,43280,3
FHB,0,20110127,093136,1020,800
OTP,0,20110127,093137,5795,324
OTP,0,20110127,093137,5795,2000
OTP,0,20110127,093137,5795,176
BUX1112,0,20110127,093142,23825,1
OTP,0,20110127,093142,5795,510
OTP,0,20110127,093145,5794,12
OTP,0,20110127,093145,5794,587
MOL,0,20110127,093151,22395,16
MOL,0,20110127,093151,22395,48
MOL,0,20110127,093151,22395,36
OTP,0,20110127,093152,5794,2000
OTP,0,20110127,093153,5794,1000
OTP,0,20110127,093155,5792,40
OTP,0,20110127,093155,5792,447
OTP,0,20110127,093155,5791,154
OTP,0,20110127,093155,5791,50
OTP,0,20110127,093155,5790,250
OTP,0,20110127,093155,5790,105
OTP,0,20110127,093203,5790,954
OTP,0,20110127,093213,5794,1046
OTP,0,20110127,093217,5790,400
OTP,0,20110127,093217,5790,100
BUX1112,0,20110127,093220,23810,5
BUX1112,0,20110127,093220,23805,1
BUX1112,0,20110127,093220,23805,1
BUX1112,0,20110127,093220,23801,7
BUX1112,0,20110127,093220,23800,16
FHB,0,20110127,093221,1020,106
CSEPEL,0,20110127,093224,529,46
CSEPEL,0,20110127,093224,529,89
BUX1112,0,20110127,093226,23824,6
DANUBIUS,0,20110127,093231,4000,8
DANUBIUS,0,20110127,093231,4000,22
OTP,0,20110127,093238,5790,300
OTP,0,20110127,093242,5790,60
BUX1112,0,20110127,093242,23820,5
OTP,0,20110127,093243,5790,140
OTP,0,20110127,093243,5790,100
OTP,0,20110127,093243,5790,500
OTP,0,20110127,093243,5790,1000
DANUBIUS,0,20110127,093246,4000,50
OTP,0,20110127,093249,5790,760
OTP,0,20110127,093249,5790,240
MTELEKOM,0,20110127,093249,554,180
MTELEKOM,0,20110127,093249,554,260
ECONET,0,20110127,093255,89,700
RICHTER,0,20110127,093301,43280,3
OTP,0,20110127,093301,5794,15
OTP,0,20110127,093306,5790,206
OTP,0,20110127,093306,5790,100
OTP,0,20110127,093306,5790,275
TVK,0,20110127,093309,3450,1
TVK,0,20110127,093309,3470,25
OTP,0,20110127,093314,5790,1000
SYNERGON,0,20110127,093318,511,6
OTP,0,20110127,093321,5794,66
CSEPEL,0,20110127,093325,529,11
CSEPEL,0,20110127,093325,530,22
OTP,0,20110127,093331,5795,250000
CSEPEL,0,20110127,093332,530,100
BUX1112,0,20110127,093334,23800,4
BUX1112,0,20110127,093334,23800,2
BUX1112,0,20110127,093334,23800,2
OTP,0,20110127,093335,5794,274
OTP,0,20110127,093335,5794,1000
OTP,0,20110127,093335,5794,226
FHB,0,20110127,093340,1020,394
BUX1112,0,20110127,093340,23800,2
FHB,0,20110127,093347,1020,500
OTP,0,20110127,093349,5794,100
MTELEKOM,0,20110127,093356,554,100
MTELEKOM,0,20110127,093356,554,120
OTP,0,20110127,093400,5794,90
PANNUNION,0,20110127,093404,140,350
OTP,0,20110127,093411,5794,200
OTP,0,20110127,093411,5790,145
MOL,0,20110127,093447,22375,20
OTP,0,20110127,093450,5792,100
OTP,0,20110127,093450,5790,1080
OTP,0,20110127,093450,5790,25
OTP,0,20110127,093450,5790,130
OTP,0,20110127,093450,5790,536
OTP,0,20110127,093450,5789,2000
OTP,0,20110127,093451,5789,129
OTP,0,20110127,093453,5790,371
FHB,0,20110127,093505,1020,50
OTP,0,20110127,093506,5788,900
OTP,0,20110127,093506,5788,100
OTP,0,20110127,093509,5790,557
OTP,0,20110127,093512,5788,32
OTP,0,20110127,093514,5788,6
OTP,0,20110127,093514,5790,72
OTP,0,20110127,093514,5790,98
MOL,0,20110127,093525,22380,30
GENESIS,0,20110127,093532,206,132
FOTEX,0,20110127,093552,389,600
OTP,0,20110127,093556,5788,224
OTP,0,20110127,093556,5786,50
OTP,0,20110127,093556,5786,71
DANUBIUS,0,20110127,093600,4000,35
KEG,0,20110127,093600,128,600
KEG,0,20110127,093600,128,400
OTP,0,20110127,093614,5788,100
OTP,0,20110127,093614,5790,400
MOL,0,20110127,093628,22375,9
GENESIS,0,20110127,093653,206,668
OTP,0,20110127,093704,5786,40
OTP,0,20110127,093705,5786,13
OTP,0,20110127,093715,5786,123
MOL,0,20110127,093716,22380,4
MOL,0,20110127,093716,22380,5
OTP,0,20110127,093721,5786,1
RABA,0,20110127,093724,845,460
RABA,0,20110127,093724,845,285
OTP,0,20110127,093751,5786,44
DANUBIUS,0,20110127,093758,4000,33
RICHTER,0,20110127,093801,43195,2
OTP,0,20110127,093801,5787,15
GENESIS,0,20110127,093809,205,34
GENESIS,0,20110127,093809,205,466
GENESIS,0,20110127,093809,205,34
FHB,0,20110127,093812,1020,800
CSEPEL,0,20110127,093827,535,1
OTP,0,20110127,093827,5787,9
OTP,0,20110127,093827,5787,46
OTP,0,20110127,093841,5785,18
SYNERGON,0,20110127,093904,512,200
KEG,0,20110127,093914,128,600
KEG,0,20110127,093914,128,200
RICHTER,0,20110127,093918,43165,4
CSEPEL,0,20110127,093930,529,90
CSEPEL,0,20110127,093930,525,300
CSEPEL,0,20110127,093930,521,500
CSEPEL,0,20110127,093930,521,500
CSEPEL,0,20110127,093930,520,275
CSEPEL,0,20110127,093930,520,150
OTP,0,20110127,093934,5785,10
OTP,0,20110127,093935,5787,104
OTP,0,20110127,093935,5787,129
OTP,0,20110127,093935,5788,50
OTP,0,20110127,093935,5790,217
FHB,0,20110127,093937,1022,210
OTP,0,20110127,093940,5786,500
KEG,0,20110127,093941,128,338
KEG,0,20110127,093941,128,662
CSEPEL,0,20110127,093942,519,193
KEG,0,20110127,093951,128,350
SYNERGON,0,20110127,093954,511,100
CSEPEL,0,20110127,093959,520,3185
CSEPEL,0,20110127,093959,532,100
CSEPEL,0,20110127,093959,535,415
GENESIS,0,20110127,094009,205,401
GENESIS,0,20110127,094009,205,85
GENESIS,0,20110127,094009,205,1184
OTP,0,20110127,094012,5786,10
KEG,0,20110127,094016,128,188
KEG,0,20110127,094016,128,2812
BUX1112,0,20110127,094022,23790,10
OTP,0,20110127,094037,5785,72
OTP,0,20110127,094037,5785,78
OTP,0,20110127,094039,5785,366
OTP,0,20110127,094039,5785,35
OTP,0,20110127,094039,5785,10
OTP,0,20110127,094039,5785,500
OTP,0,20110127,094039,5785,89
OTP,0,20110127,094045,5786,2
OTP,0,20110127,094045,5785,48
KEG,0,20110127,094051,128,100
OTP,0,20110127,094051,5785,154
OTP,0,20110127,094053,5785,153
OTP,0,20110127,094053,5785,198
OTP,0,20110127,094053,5785,149
KEG,0,20110127,094113,128,28
EGIS,0,20110127,094116,21050,10
RFV,0,20110127,094117,8865,20
RFV,0,20110127,094117,8860,18
MOL,0,20110127,094118,22380,28
MOL,0,20110127,094118,22380,39
MOL,0,20110127,094118,22395,164
OTP,0,20110127,094118,5785,100
OTP,0,20110127,094120,5785,194
OTP,0,20110127,094120,5785,444
OTP,0,20110127,094122,5785,62
BUX1112,0,20110127,094125,23780.5,2
BUX1112,0,20110127,094125,23780,10
ZWACK,0,20110127,094128,14600,16
OTP,0,20110127,094130,5785,300
OTP,0,20110127,094134,5785,449
OTP,0,20110127,094134,5785,51
OTP,0,20110127,094140,5785,444
OTP,0,20110127,094140,5785,452
OTP,0,20110127,094141,5785,104
OTP,0,20110127,094141,5785,154
CSEPEL,0,20110127,094143,522,70
CSEPEL,0,20110127,094143,521,100
CSEPEL,0,20110127,094143,520,271
OTP,0,20110127,094144,5785,452
OTP,0,20110127,094144,5785,548
OTP,0,20110127,094144,5782,50
OTP,0,20110127,094144,5782,150
BUX1112,0,20110127,094146,23781,1
BUX1112,0,20110127,094146,23780,1
OTP,0,20110127,094149,5785,447
OTP,0,20110127,094149,5782,553
MTELEKOM,0,20110127,094149,554,145
PHYLAXIA,0,20110127,094150,45,813
PHYLAXIA,0,20110127,094150,45,187
OTP,0,20110127,094154,5785,500
OTP,0,20110127,094154,5785,445
OTP,0,20110127,094154,5782,297
OTP,0,20110127,094154,5782,258
OTP,0,20110127,094156,5782,191
OTP,0,20110127,094157,5782,309
OTP,0,20110127,094205,5785,444
OTP,0,20110127,094205,5785,445
OTP,0,20110127,094207,5785,911
OTP,0,20110127,094207,5785,1000
OTP,0,20110127,094207,5785,444
OTP,0,20110127,094210,5785,450
OTP,0,20110127,094210,5785,106
PHYLAXIA,0,20110127,094212,45,1713
PHYLAXIA,0,20110127,094212,45,2000
PHYLAXIA,0,20110127,094212,45,7196
CSEPEL,0,20110127,094213,532,50
MOL,0,20110127,094213,22375,20
OTP,0,20110127,094220,5785,452
OTP,0,20110127,094220,5785,500
OTP,0,20110127,094221,5785,48
OTP,0,20110127,094221,5785,1000
OTP,0,20110127,094222,5785,447
MTELEKOM,0,20110127,094223,554,735
MTELEKOM,0,20110127,094223,554,720
MTELEKOM,0,20110127,094223,554,545
OTP,0,20110127,094225,5785,445
OTP,0,20110127,094225,5785,108
OTP,0,20110127,094225,5785,1000
OTP,0,20110127,094225,5785,1000
OTP,0,20110127,094228,5785,451
OTP,0,20110127,094230,5785,549
OTP,0,20110127,094230,5785,449
BUX1112,0,20110127,094232,23780,1
OTP,0,20110127,094232,5785,451
OTP,0,20110127,094233,5785,100
OTP,0,20110127,094233,5785,500
OTP,0,20110127,094233,5785,41
OTP,0,20110127,094236,5785,449
OTP,0,20110127,094236,5785,51
OTP,0,20110127,094239,5785,452
CSEPEL,0,20110127,094241,531,82
OTP,0,20110127,094241,5785,548
OTP,0,20110127,094244,5785,450
OTP,0,20110127,094246,5785,448
OTP,0,20110127,094246,5785,102
OTP,0,20110127,094259,5785,240
RFV,0,20110127,094300,8870,100
OTP,0,20110127,094301,5786,500
OTP,0,20110127,094301,5786,1000
OTP,0,20110127,094301,5786,500
RICHTER,0,20110127,094301,43165,2
OTP,0,20110127,094304,5786,500
OTP,0,20110127,094304,5786,2000
BUX1112,0,20110127,094305,23770.5,1
BUX1112,0,20110127,094305,23770,20
OTP,0,20110127,094307,5789,15
BUX1112,0,20110127,094311,23770.5,3
CSEPEL,0,20110127,094313,521,84
FHB,0,20110127,094316,1023,100
FHB,0,20110127,094316,1022,190
BUX1112,0,20110127,094326,23770.5,10
OTP,0,20110127,094328,5786,280
OTP,0,20110127,094328,5786,220
OTP,0,20110127,094328,5786,2500
OTP,0,20110127,094328,5786,887
OTP,0,20110127,094328,5785,70
OTP,0,20110127,094328,5785,323
BUX1112,0,20110127,094330,23770,1
RICHTER,0,20110127,094330,43165,11
MOL,0,20110127,094331,22400,5
MOL,0,20110127,094331,22400,40
BUX1112,0,20110127,094336,23770,10
BUX1112,0,20110127,094340,23770,5
OTP,0,20110127,094343,5789,485
OTP,0,20110127,094343,5789,184
OTP,0,20110127,094343,5790,285
OTP,0,20110127,094343,5790,200
OTP,0,20110127,094343,5790,1000
OTP,0,20110127,094343,5790,846
BUX1112,0,20110127,094347,23770.5,6
ZWACK,0,20110127,094348,14600,44
ZWACK,0,20110127,094348,14600,10
ZWACK,0,20110127,094348,14600,4
ZWACK,0,20110127,094348,14600,6
OTP,0,20110127,094401,5790,154
OTP,0,20110127,094401,5790,846
OTP,0,20110127,094401,5790,100
MTELEKOM,0,20110127,094405,555,450
OTP,0,20110127,094423,5790,54
OTP,0,20110127,094423,5790,446
OTP,0,20110127,094426,5790,54
OTP,0,20110127,094429,5790,458
OTP,0,20110127,094429,5790,1000
OTP,0,20110127,094430,5790,500
OTP,0,20110127,094431,5790,242
CSEPEL,0,20110127,094433,522,50
CSEPEL,0,20110127,094433,521,632
CSEPEL,0,20110127,094433,521,160
OTP,0,20110127,094434,5790,2800
BUX1112,0,20110127,094438,23770.5,10
BUX1112,0,20110127,094442,23770,14
BUX1112,0,20110127,094443,23770,10
CSEPEL,0,20110127,094445,520,229
CSEPEL,0,20110127,094445,519,230
BUX1112,0,20110127,094446,23770,1
OTP,0,20110127,094451,5792,200
OTP,0,20110127,094452,5790,2200
OTP,0,20110127,094459,5792,300
OTP,0,20110127,094459,5793,389
OTP,0,20110127,094459,5793,100
OTP,0,20110127,094459,5794,1711
OTP,0,20110127,094513,5794,289
OTP,0,20110127,094513,5795,314
OTP,0,20110127,094513,5795,2000
OTP,0,20110127,094513,5795,397
OTP,0,20110127,094513,5795,103
OTP,0,20110127,094513,5795,283
OTP,0,20110127,094513,5795,17
OTP,0,20110127,094513,5795,97
OTP,0,20110127,094517,5794,500
RICHTER,0,20110127,094544,43240,127
RICHTER,0,20110127,094546,43240,17
OTP,0,20110127,094609,5795,3
OTP,0,20110127,094609,5797,46
OTP,0,20110127,094609,5798,951
SYNERGON,0,20110127,094610,513,300
CSEPEL,0,20110127,094611,520,35
CSEPEL,0,20110127,094611,520,45
OTP,0,20110127,094622,5798,78
OTP,0,20110127,094625,5798,500
OTP,0,20110127,094639,5798,20
BUX1112,0,20110127,094643,23775,1
BUX1112,0,20110127,094643,23775,1
BUX1112,0,20110127,094643,23771,5
OTP,0,20110127,094651,5798,100
RICHTER,0,20110127,094659,43165,9
RICHTER,0,20110127,094659,43165,34
OTP,0,20110127,094700,5798,75
MTELEKOM,0,20110127,094704,555,2240
OTP,0,20110127,094710,5798,276
OTP,0,20110127,094710,5798,224
FHB,0,20110127,094729,1022,366
FHB,0,20110127,094729,1020,134
BUX1112,0,20110127,094731,23788,1
MOL,0,20110127,094738,22380,16
EBGOLD,0,20110127,094738,2704,65
OTP,0,20110127,094738,5795,20
OTP,0,20110127,094738,5795,198
OTP,0,20110127,094738,5795,897
OTP,0,20110127,094738,5795,200
OTP,0,20110127,094742,5793,2303
EGIS,0,20110127,094744,21050,10
MOL,0,20110127,094750,22390,45
MTELEKOM,0,20110127,094754,554,1455
MTELEKOM,0,20110127,094754,554,500
BUX1112,0,20110127,094755,23772,10
BUX1112,0,20110127,094755,23770,10
OTP,0,20110127,094755,5793,326
OTP,0,20110127,094755,5792,50
OTP,0,20110127,094755,5790,1000
OTP,0,20110127,094755,5790,25
MOL,0,20110127,094800,22385,3
RICHTER,0,20110127,094801,43240,3
MOL,0,20110127,094802,22395,29
MOL,0,20110127,094802,22395,43
MOL,0,20110127,094802,22395,38
OTP,0,20110127,094805,5790,20
RICHTER,0,20110127,094806,43140,3
RICHTER,0,20110127,094806,43110,6
RICHTER,0,20110127,094806,43110,10
RICHTER,0,20110127,094806,43100,50
RICHTER,0,20110127,094806,43100,8
RICHTER,0,20110127,094806,43100,2
RICHTER,0,20110127,094806,43080,1
OTP,0,20110127,094806,5790,15
RICHTER,0,20110127,094816,43140,21
CSEPEL,0,20110127,094823,514,200
MTELEKOM,0,20110127,094829,554,2000
CSEPEL,0,20110127,094831,515,250
CSEPEL,0,20110127,094835,514,300
OTP,0,20110127,094838,5787,50
OTP,0,20110127,094843,5782,162
KEG,0,20110127,094847,128,362
KEG,0,20110127,094847,128,638
OTP,0,20110127,094857,5787,20
BUX1112,0,20110127,094900,23756,2
BUX1112,0,20110127,094900,23752,2
BUX1112,0,20110127,094900,23751,3
BUX1112,0,20110127,094900,23750,5
BUX1112,0,20110127,094900,23750,5
BUX1112,0,20110127,094900,23750,2
BUX1112,0,20110127,094900,23750,2
BUX1112,0,20110127,094900,23750,4
BUX1112,0,20110127,094900,23745,5
BUX1112,0,20110127,094900,23740,2
MOL,0,20110127,094905,22390,4
BUX1112,0,20110127,094906,23731,1
BUX1112,0,20110127,094906,23730,1
BUX1112,0,20110127,094906,23723,1
BUX1112,0,20110127,094910,23750,2
BUX1112,0,20110127,094910,23750,10
BUX1112,0,20110127,094913,23760,10
BUX1112,0,20110127,094913,23760,18
OTP,0,20110127,094917,5784,20
OTP,0,20110127,094917,5783,63
OTP,0,20110127,094919,5783,137
OTP,0,20110127,094919,5782,738
OTP,0,20110127,094919,5782,1000
OTP,0,20110127,094919,5781,50
OTP,0,20110127,094919,5781,10
OTP,0,20110127,094919,5781,200
OTP,0,20110127,094919,5780,32
OTP,0,20110127,094919,5780,86
OTP,0,20110127,094919,5780,250
OTP,0,20110127,094919,5780,1000
OTP,0,20110127,094919,5780,100
OTP,0,20110127,094919,5780,10
OTP,0,20110127,094919,5780,100
OTP,0,20110127,094919,5780,29
OTP,0,20110127,094919,5780,120
OTP,0,20110127,094919,5780,100
OTP,0,20110127,094919,5780,343
OTP,0,20110127,094919,5780,10
OTP,0,20110127,094919,5780,2000
OTP,0,20110127,094919,5780,25
OTP,0,20110127,094919,5780,80
OTP,0,20110127,094919,5780,25
OTP,0,20110127,094919,5780,451
OTP,0,20110127,094919,5780,60
OTP,0,20110127,094919,5780,2000
OTP,0,20110127,094919,5778,250
OTP,0,20110127,094919,5778,10
OTP,0,20110127,094919,5778,50
OTP,0,20110127,094919,5777,250
OTP,0,20110127,094919,5777,500
OTP,0,20110127,094919,5776,50
OTP,0,20110127,094919,5776,5
OTP,0,20110127,094919,5776,50
OTP,0,20110127,094919,5775,10
OTP,0,20110127,094919,5775,300
OTP,0,20110127,094919,5775,30
OTP,0,20110127,094919,5775,15
OTP,0,20110127,094919,5774,50
OTP,0,20110127,094919,5772,200
OTP,0,20110127,094919,5772,200
OTP,0,20110127,094919,5771,16
OTP,0,20110127,094919,5771,50
OTP,0,20110127,094919,5771,250
OTP,0,20110127,094919,5771,165
OTP,0,20110127,094919,5770,20
OTP,0,20110127,094919,5770,25
OTP,0,20110127,094919,5770,100
OTP,0,20110127,094919,5770,100
OTP,0,20110127,094919,5770,43
OTP,0,20110127,094919,5770,200
OTP,0,20110127,094919,5770,1000
OTP,0,20110127,094919,5770,100
OTP,0,20110127,094919,5770,257
OTP,0,20110127,094919,5770,100
OTP,0,20110127,094919,5770,200
OTP,0,20110127,094919,5770,10
OTP,0,20110127,094919,5770,25
OTP,0,20110127,094919,5770,50
OTP,0,20110127,094919,5770,24
OTP,0,20110127,094919,5766,49
OTP,0,20110127,094919,5766,101
OTP,0,20110127,094919,5765,299
OTP,0,20110127,094919,5765,200
OTP,0,20110127,094919,5765,101
OTP,0,20110127,094919,5765,15
OTP,0,20110127,094922,5764,84
OTP,0,20110127,094922,5767,100
OTP,0,20110127,094923,5770,300
OTP,0,20110127,094923,5771,83
OTP,0,20110127,094923,5771,500
OTP,0,20110127,094923,5773,140
OTP,0,20110127,094923,5774,1995
OTP,0,20110127,094923,5775,200
MOL,0,20110127,094928,22390,25
MOL,0,20110127,094928,22390,130
OTP,0,20110127,094928,5780,447
OTP,0,20110127,094931,5780,100
OTP,0,20110127,094931,5780,347
OTP,0,20110127,094931,5780,2000
FHB,0,20110127,094933,1020,50
BUX1112,0,20110127,094934,23760,10
OTP,0,20110127,094934,5780,449
BUX1112,0,20110127,094936,23760,30
OTP,0,20110127,094937,5780,551
OTP,0,20110127,094937,5780,200
OTP,0,20110127,094937,5780,2000
OTP,0,20110127,094938,5780,447
OTP,0,20110127,094940,5790,84956
OTP,0,20110127,094940,5780,1553
OTP,0,20110127,094941,5780,447
OTP,0,20110127,094944,5780,2053
OTP,0,20110127,094944,5780,600
OTP,0,20110127,094944,5780,1000
OTP,0,20110127,094953,5780,444
MTELEKOM,0,20110127,094954,554,45
MTELEKOM,0,20110127,094954,554,492
OTP,0,20110127,094955,5780,500
OTP,0,20110127,094956,5780,56
OTP,0,20110127,094956,5780,1944
OTP,0,20110127,094957,5779,990
FHB,0,20110127,094959,1020,500
OTP,0,20110127,094959,5779,10
OTP,0,20110127,095003,5780,20
PHYLAXIA,0,20110127,095006,45,804
ZWACK,0,20110127,095012,14520,7
CSEPEL,0,20110127,095014,512,50
CSEPEL,0,20110127,095014,511,50
CSEPEL,0,20110127,095014,511,159
CSEPEL,0,20110127,095014,510,541
OTP,0,20110127,095015,5779,165
CSEPEL,0,20110127,095021,510,869
CSEPEL,0,20110127,095021,510,40
CSEPEL,0,20110127,095021,510,140
OTP,0,20110127,095021,5779,440
BUX1112,0,20110127,095022,23760,1
OTP,0,20110127,095026,5779,560
OTP,0,20110127,095026,5780,36
OTP,0,20110127,095026,5780,404
RICHTER,0,20110127,095027,43080,9
CSEPEL,0,20110127,095029,514,300
CSEPEL,0,20110127,095031,510,60
CSEPEL,0,20110127,095031,510,40
OTP,0,20110127,095034,5771,200
OTP,0,20110127,095034,5771,800
MOL,0,20110127,095037,22385,20
CSEPEL,0,20110127,095045,510,360
CSEPEL,0,20110127,095045,510,600
CSEPEL,0,20110127,095047,505,100
CSEPEL,0,20110127,095047,505,250
MTELEKOM,0,20110127,095054,554,200
OTP,0,20110127,095059,5779,20
CSEPEL,0,20110127,095104,506,143
CSEPEL,0,20110127,095104,505,912
BUX1112,0,20110127,095104,23740,2
OTP,0,20110127,095106,5772,145
OTP,0,20110127,095106,5771,285
OTP,0,20110127,095115,5771,50
EGIS,0,20110127,095120,21005,10
EGIS,0,20110127,095120,21000,46
EGIS,0,20110127,095120,21000,50
EGIS,0,20110127,095120,21000,50
EGIS,0,20110127,095120,21000,44
EGIS,0,20110127,095130,21000,6
EGIS,0,20110127,095132,21000,4
EGIS,0,20110127,095136,21000,46
EGIS,0,20110127,095137,21000,50
EGIS,0,20110127,095139,21000,50
EGIS,0,20110127,095140,21000,50
EGIS,0,20110127,095141,21000,4
CSEPEL,0,20110127,095143,501,240
CSEPEL,0,20110127,095143,500,838
CSEPEL,0,20110127,095143,497,57
OTP,0,20110127,095146,5778,30
EGIS,0,20110127,095150,21000,30
RICHTER,0,20110127,095153,43150,5
OTP,0,20110127,095156,5778,45
OTP,0,20110127,095156,5778,155
EGIS,0,20110127,095156,21000,16
EGIS,0,20110127,095157,21000,50
EGIS,0,20110127,095158,21000,34
CSEPEL,0,20110127,095202,500,150
MOL,0,20110127,095202,22390,10
RICHTER,0,20110127,095203,43100,20
RICHTER,0,20110127,095203,43055,29
RICHTER,0,20110127,095203,43055,4
RICHTER,0,20110127,095203,43030,6
MTELEKOM,0,20110127,095212,555,2000
BUX1112,0,20110127,095213,23741,1
BUX1112,0,20110127,095213,23740,1
BUX1112,0,20110127,095213,23738,1
BUX1112,0,20110127,095213,23735,2
RICHTER,0,20110127,095216,43140,19
RICHTER,0,20110127,095221,43145,1
MOL,0,20110127,095228,22385,32
MOL,0,20110127,095228,22385,50
MOL,0,20110127,095228,22375,51
MOL,0,20110127,095228,22375,100
MOL,0,20110127,095228,22370,260
CSEPEL,0,20110127,095229,500,2
OTP,0,20110127,095233,5778,12
OTP,0,20110127,095233,5778,88
RABA,0,20110127,095238,843,1000
CSEPEL,0,20110127,095242,497,43
OTP,0,20110127,095246,5778,40
OTP,0,20110127,095247,5778,5
OTP,0,20110127,095247,5778,500
OTP,0,20110127,095251,5779,20
OTP,0,20110127,095251,5779,4
OTP,0,20110127,095251,5780,6
CSEPEL,0,20110127,095253,500,100
OTP,0,20110127,095258,5780,1740
OTP,0,20110127,095258,5780,2000
OTP,0,20110127,095258,5780,260
MOL,0,20110127,095258,22370,7
MOL,0,20110127,095258,22370,35
MOL,0,20110127,095258,22370,36
MOL,0,20110127,095258,22385,164
OTP,0,20110127,095301,5780,240
OTP,0,20110127,095301,5780,50
OTP,0,20110127,095302,5785,30
RICHTER,0,20110127,095306,43165,2
OTP,0,20110127,095306,5785,15
OTP,0,20110127,095307,5780,2
MOL,0,20110127,095316,22365,10
CSEPEL,0,20110127,095318,496,200
OTP,0,20110127,095321,5780,28
OTP,0,20110127,095321,5780,451
OTP,0,20110127,095321,5780,445
OTP,0,20110127,095321,5780,876
CSEPEL,0,20110127,095333,496,300
BUX1112,0,20110127,095336,23750,5
CSEPEL,0,20110127,095338,500,35
BUX1112,0,20110127,095339,23750,5
MOL,0,20110127,095343,22380,40
MOL,0,20110127,095343,22385,36
MOL,0,20110127,095343,22385,100
KEG,0,20110127,095347,129,2563
KEG,0,20110127,095347,129,1000
KEG,0,20110127,095347,129,200
KEG,0,20110127,095347,129,1000
KEG,0,20110127,095347,129,237
OTP,0,20110127,095356,5784,125
OTP,0,20110127,095356,5784,38
CSEPEL,0,20110127,095401,495,17
RABA,0,20110127,095411,845,55
RABA,0,20110127,095411,845,100
OTP,0,20110127,095417,5784,762
OTP,0,20110127,095423,5785,105
OTP,0,20110127,095423,5785,500
BUX1112,0,20110127,095426,23750,20
OTP,0,20110127,095428,5786,40
OTP,0,20110127,095433,5786,260
OTP,0,20110127,095433,5787,2430
OTP,0,20110127,095433,5787,500
BUX1112,0,20110127,095447,23769,1
BUX1112,0,20110127,095447,23770,20
PFLAX,0,20110127,095457,670,50
PFLAX,0,20110127,095457,663,200
PFLAX,0,20110127,095457,662,100
RICHTER,0,20110127,095504,43150,4
SYNERGON,0,20110127,095512,514,50
SYNERGON,0,20110127,095512,514,241
SYNERGON,0,20110127,095512,514,1709
CSEPEL,0,20110127,095543,500,18
CSEPEL,0,20110127,095543,500,1282
CSEPEL,0,20110127,095549,500,316
PFLAX,0,20110127,095550,660,110
CSEPEL,0,20110127,095559,505,100
BUX1112,0,20110127,095559,23762,1
BUX1112,0,20110127,095559,23760.5,3
OTP,0,20110127,095607,5787,73
OTP,0,20110127,095607,5786,127
OTP,0,20110127,095612,5790,200
CSEPEL,0,20110127,095616,505,100
CSEPEL,0,20110127,095618,505,40
CSEPEL,0,20110127,095620,510,25
RICHTER,0,20110127,095643,43030,4
RICHTER,0,20110127,095643,43030,21
RICHTER,0,20110127,095643,43010,15
RICHTER,0,20110127,095643,43005,30
RICHTER,0,20110127,095643,43005,100
RICHTER,0,20110127,095643,43000,27
RICHTER,0,20110127,095643,43000,67
RICHTER,0,20110127,095643,43000,80
RICHTER,0,20110127,095643,43000,20
RICHTER,0,20110127,095643,43000,3
RICHTER,0,20110127,095643,43000,8
RICHTER,0,20110127,095645,43000,25
OTP,0,20110127,095647,5786,150
BUX1112,0,20110127,095650,23755,2
RICHTER,0,20110127,095658,43000,18
MTELEKOM,0,20110127,095700,554,263
MTELEKOM,0,20110127,095700,554,87
FHB,0,20110127,095702,1022,200
RABA,0,20110127,095714,844,1500
OTP,0,20110127,095715,5786,500
CSEPEL,0,20110127,095721,518,100
CSEPEL,0,20110127,095721,519,300
CSEPEL,0,20110127,095721,520,333
MTELEKOM,0,20110127,095722,555,980
SYNERGON,0,20110127,095723,514,291
CSEPEL,0,20110127,095734,521,67
RICHTER,0,20110127,095752,42910,72
RICHTER,0,20110127,095752,42910,51
RICHTER,0,20110127,095752,42905,5
RICHTER,0,20110127,095752,42900,5
RICHTER,0,20110127,095752,42900,20
RICHTER,0,20110127,095752,42900,4
RICHTER,0,20110127,095752,42900,50
RICHTER,0,20110127,095752,42900,50
BUX1112,0,20110127,095756,23750,3
DANUBIUS,0,20110127,095758,4040,30
BUX1112,0,20110127,095803,23750,1
OTP,0,20110127,095806,5789,15
RICHTER,0,20110127,095806,42870,2
RICHTER,0,20110127,095821,42870,5
OTP,0,20110127,095827,5786,20
OTP,0,20110127,095827,5786,53
CSEPEL,0,20110127,095831,528,200
MTELEKOM,0,20110127,095837,554,413
MTELEKOM,0,20110127,095837,554,2240
MTELEKOM,0,20110127,095837,554,2200
MTELEKOM,0,20110127,095837,554,500
MTELEKOM,0,20110127,095837,554,327
CSEPEL,0,20110127,095838,529,549
CSEPEL,0,20110127,095838,530,451
RICHTER,0,20110127,095845,42860,6
DANUBIUS,0,20110127,095845,4015,15
DANUBIUS,0,20110127,095845,4000,100
DANUBIUS,0,20110127,095845,4000,85
OTP,0,20110127,095854,5786,146
OTP,0,20110127,095854,5786,354
RICHTER,0,20110127,095910,42855,2
OTP,0,20110127,095911,5786,72
RICHTER,0,20110127,095931,42850,2
RICHTER,0,20110127,095931,42850,16
MTELEKOM,0,20110127,095931,554,1673
FOTEX,0,20110127,095940,388,955
MTELEKOM,0,20110127,095945,554,812
MTELEKOM,0,20110127,095945,554,359
MTELEKOM,0,20110127,095945,554,697
SYNERGON,0,20110127,095956,515,25
RICHTER,0,20110127,100006,42855,10
RICHTER,0,20110127,100011,42855,1
RICHTER,0,20110127,100011,42855,9
BUX1112,0,20110127,100013,23750,1
BUX1112,0,20110127,100018,23750,5
RICHTER,0,20110127,100030,42855,6
RICHTER,0,20110127,100030,42855,4
FHB,0,20110127,100032,1020,22
BUX1112,0,20110127,100032,23737,3
BUX1112,0,20110127,100042,23737,3
RICHTER,0,20110127,100043,42855,2
OTP,0,20110127,100046,5782,40
OTP,0,20110127,100046,5780,324
OTP,0,20110127,100046,5780,444
OTP,0,20110127,100046,5780,25
DANUBIUS,0,20110127,100047,4000,15
DANUBIUS,0,20110127,100047,4000,10
DANUBIUS,0,20110127,100047,4000,30
DANUBIUS,0,20110127,100047,4000,45
OTP,0,20110127,100100,5780,444
OTP,0,20110127,100100,5780,650
OTP,0,20110127,100109,5780,444
OTP,0,20110127,100110,5780,1556
RICHTER,0,20110127,100113,42855,10
BUX1112,0,20110127,100123,23737,3
RICHTER,0,20110127,100141,42855,7
RICHTER,0,20110127,100141,42855,21
OTP,0,20110127,100151,5780,349
OTP,0,20110127,100204,5780,50
OTP,0,20110127,100212,5780,40
RICHTER,0,20110127,100216,42885,3
OTP,0,20110127,100219,5780,100
RICHTER,0,20110127,100233,42875,28
BUX1112,0,20110127,100234,23735,5
BUX1112,0,20110127,100234,23731,2
BUX1112,0,20110127,100234,23730,2
BUX1112,0,20110127,100234,23730,1
RICHTER,0,20110127,100306,42885,4
RICHTER,0,20110127,100306,42885,6
OTP,0,20110127,100306,5781,15
RICHTER,0,20110127,100306,42885,3
FHB,0,20110127,100331,1020,50
FHB,0,20110127,100331,1020,55
FHB,0,20110127,100331,1020,195
BUX1112,0,20110127,100336,23750,4
OTP,0,20110127,100342,5780,810
OTP,0,20110127,100342,5780,444
OTP,0,20110127,100342,5780,500
OTP,0,20110127,100345,5780,746
BUX1112,0,20110127,100347,23750,5
MOL,0,20110127,100351,22375,35
MOL,0,20110127,100351,22375,40
MOL,0,20110127,100351,22375,38
MOL,0,20110127,100351,22375,36
MOL,0,20110127,100351,22390,85
MOL,0,20110127,100351,22390,150
OTP,0,20110127,100352,5780,444
OTP,0,20110127,100354,5780,2056
BUX1112,0,20110127,100356,23750,1
OTP,0,20110127,100356,5780,276
OTP,0,20110127,100358,5780,168
OTP,0,20110127,100358,5780,2000
OTP,0,20110127,100359,5780,332
OTP,0,20110127,100401,5780,448
OTP,0,20110127,100404,5780,444
OTP,0,20110127,100404,5780,1608
OTP,0,20110127,100404,5780,1000
OTP,0,20110127,100406,5780,450
OTP,0,20110127,100408,5780,2050
OTP,0,20110127,100408,5780,2000
OTP,0,20110127,100411,5780,449
PANNERGY,0,20110127,100411,913,126
PANNERGY,0,20110127,100411,914,60
OTP,0,20110127,100413,5780,2051
OTP,0,20110127,100415,5780,450
OTP,0,20110127,100416,5780,1550
OTP,0,20110127,100416,5780,2500
OTP,0,20110127,100420,5780,452
OTP,0,20110127,100421,5780,2048
PHYLAXIA,0,20110127,100423,45,1
MTELEKOM,0,20110127,100423,554,132
OTP,0,20110127,100424,5780,224
PHYLAXIA,0,20110127,100430,44,1
PANNERGY,0,20110127,100433,914,91
OTP,0,20110127,100436,5781,85
OTP,0,20110127,100436,5781,162
MTELEKOM,0,20110127,100440,554,868
MTELEKOM,0,20110127,100440,554,390
MTELEKOM,0,20110127,100440,554,742
OTP,0,20110127,100441,5781,4
OTP,0,20110127,100441,5781,359
OTP,0,20110127,100441,5781,135
OTP,0,20110127,100441,5781,164
OTP,0,20110127,100441,5781,413
OTP,0,20110127,100441,5781,358
PANNERGY,0,20110127,100456,914,723
MTELEKOM,0,20110127,100456,554,185
MTELEKOM,0,20110127,100456,554,648
CSEPEL,0,20110127,100507,520,100
OTP,0,20110127,100508,5781,138
OTP,0,20110127,100513,5783,100
OTP,0,20110127,100513,5783,16
OTP,0,20110127,100513,5783,484
OTP,0,20110127,100513,5783,500
OTP,0,20110127,100513,5783,75
BUX1112,0,20110127,100524,23751,2
MOL,0,20110127,100525,22370,17
ZWACK,0,20110127,100534,14525,5
ZWACK,0,20110127,100534,14520,7
BUX1112,0,20110127,100536,23750,3
MTELEKOM,0,20110127,100544,554,167
RICHTER,0,20110127,100552,42885,5
MTELEKOM,0,20110127,100553,554,233
MTELEKOM,0,20110127,100553,554,42
RICHTER,0,20110127,100612,42885,10
RICHTER,0,20110127,100612,42885,20
MOL,0,20110127,100629,22370,50
EMASZ,0,20110127,100646,21500,10
RICHTER,0,20110127,100649,42885,10
OTP,0,20110127,100659,5783,80
KEG,0,20110127,100714,129,635
ZWACK,0,20110127,100727,14520,6
RICHTER,0,20110127,100728,42885,10
MOL,0,20110127,100749,22390,52
RICHTER,0,20110127,100806,42985,2
OTP,0,20110127,100806,5785,15
OTP,0,20110127,100823,5785,100
BUX1112,0,20110127,100831,23750,1
PHYLAXIA,0,20110127,100837,45,1
OTP,0,20110127,100838,5783,36
MTELEKOM,0,20110127,100839,554,400
SYNERGON,0,20110127,100909,512,100
EGIS,0,20110127,100910,21005,20
OTP,0,20110127,100918,5783,205
OTP,0,20110127,100918,5783,163
OTP,0,20110127,100918,5783,450
OTP,0,20110127,100922,5782,1182
CSEPEL,0,20110127,100923,524,1
MTELEKOM,0,20110127,100923,554,1325
MTELEKOM,0,20110127,100923,554,1675
BUX1112,0,20110127,100944,23740,1
SYNERGON,0,20110127,100944,512,20
SYNERGON,0,20110127,100944,511,880
CSEPEL,0,20110127,101006,524,377
CSEPEL,0,20110127,101006,525,183
BUX1112,0,20110127,101011,23740,1
KEG,0,20110127,101022,128,137
KEG,0,20110127,101022,128,500
KEG,0,20110127,101022,128,143
OTP,0,20110127,101049,5783,100
RICHTER,0,20110127,101059,42985,7
OTP,0,20110127,101113,5782,13
OTP,0,20110127,101136,5782,55
OTP,0,20110127,101139,5782,445
OTP,0,20110127,101143,5782,359
OTP,0,20110127,101143,5781,27
OTP,0,20110127,101147,5782,345
OTP,0,20110127,101147,5782,101
OTP,0,20110127,101147,5782,170
OTP,0,20110127,101216,5783,150
OTP,0,20110127,101216,5783,116
OTP,0,20110127,101217,5783,160
OTP,0,20110127,101251,5782,456
RICHTER,0,20110127,101306,42980,2
MOL,0,20110127,101307,22385,44
MOL,0,20110127,101307,22385,41
MOL,0,20110127,101307,22385,39
MOL,0,20110127,101307,22385,44
OTP,0,20110127,101309,5783,76
OTP,0,20110127,101309,5783,500
OTP,0,20110127,101309,5784,424
BUX1112,0,20110127,101310,23750,3
RICHTER,0,20110127,101317,42980,22
RICHTER,0,20110127,101317,42980,18
RICHTER,0,20110127,101317,42980,8
OTP,0,20110127,101318,5784,16
OTP,0,20110127,101319,5784,15
OTP,0,20110127,101325,5784,12
BUX1112,0,20110127,101328,23750,2
BUX1112,0,20110127,101328,23750,2
OTP,0,20110127,101330,5784,50
MOL,0,20110127,101338,22400,160
MOL,0,20110127,101338,22400,98
MOL,0,20110127,101338,22400,2
MOL,0,20110127,101338,22400,150
OTP,0,20110127,101355,5784,17
BUX1112,0,20110127,101406,23740,4
BUX1112,0,20110127,101406,23740,5
OTP,0,20110127,101410,5783,500
ZWACK,0,20110127,101416,14500,9
MOL,0,20110127,101419,22425,42
OTP,0,20110127,101432,5784,406
OTP,0,20110127,101432,5784,357
BUX1112,0,20110127,101436,23740,1
BUX1112,0,20110127,101436,23750,2
CSEPEL,0,20110127,101437,520,200
OTP,0,20110127,101448,5784,237
OTP,0,20110127,101507,5785,187
OTP,0,20110127,101507,5785,500
OTP,0,20110127,101507,5787,500
OTP,0,20110127,101507,5788,500
OTP,0,20110127,101507,5790,390
OTP,0,20110127,101507,5790,1000
OTP,0,20110127,101507,5790,1000
OTP,0,20110127,101507,5790,1923
OTP,0,20110127,101518,5790,500
MOL,0,20110127,101520,22385,45
OTP,0,20110127,101522,5790,1577
OTP,0,20110127,101522,5790,500
RICHTER,0,20110127,101529,42890,5
OTP,0,20110127,101539,5790,1000
RABA,0,20110127,101623,843,25
BUX1112,0,20110127,101634,23750,1
BUX1112,0,20110127,101645,23751,1
BUX1112,0,20110127,101648,23750,1
OTP,0,20110127,101700,5783,400000
BUX1112,0,20110127,101703,23752,1
OTP,0,20110127,101717,5790,100
BUX1112,0,20110127,101719,23753,1
TVK,0,20110127,101731,3450,9
BUX1112,0,20110127,101736,23752,1
BUX1112,0,20110127,101736,23750,4
PFLAX,0,20110127,101739,660,500
MOL,0,20110127,101753,22390,72
MOL,0,20110127,101753,22390,35
MOL,0,20110127,101753,22390,36
OTP,0,20110127,101757,5792,500
OTP,0,20110127,101757,5792,259
OTP,0,20110127,101757,5792,145
OTP,0,20110127,101757,5792,335
OTP,0,20110127,101758,5790,900
OTP,0,20110127,101802,5790,1100
RICHTER,0,20110127,101806,42965,3
OTP,0,20110127,101811,5795,15
OTP,0,20110127,101825,5795,72
OTP,0,20110127,101825,5795,227
OTP,0,20110127,101825,5795,108
OTP,0,20110127,101825,5795,1000
OTP,0,20110127,101831,5795,20
OTP,0,20110127,101834,5795,132
ECONET,0,20110127,101842,89,2200
RICHTER,0,20110127,101842,42960,8
RICHTER,0,20110127,101844,42900,2
RICHTER,0,20110127,101925,42895,5
MOL,0,20110127,101934,22400,20
ZWACK,0,20110127,101937,14490,11
OTP,0,20110127,101944,5783,100000
MOL,0,20110127,102009,22400,100
FHB,0,20110127,102035,1022,8
FHB,0,20110127,102035,1024,165
MTELEKOM,0,20110127,102037,554,325
MTELEKOM,0,20110127,102037,554,500
MTELEKOM,0,20110127,102037,554,540
OTP,0,20110127,102042,5792,11
BUX1112,0,20110127,102058,23750,2
OTP,0,20110127,102133,5794,200
OTP,0,20110127,102133,5794,351
OTP,0,20110127,102133,5794,164
OTP,0,20110127,102133,5794,500
OTP,0,20110127,102133,5795,868
OTP,0,20110127,102133,5795,500
OTP,0,20110127,102133,5797,570
OTP,0,20110127,102133,5797,675
CSEPEL,0,20110127,102142,520,50
OTP,0,20110127,102143,5797,3
MOL,0,20110127,102159,22415,150
BUX1112,0,20110127,102215,23758,2
BUX1112,0,20110127,102215,23759,3
OTP,0,20110127,102223,5793,5
OTP,0,20110127,102235,5793,57
BUX1112,0,20110127,102241,23751,2
BUX1112,0,20110127,102241,23750,1
OTP,0,20110127,102250,5793,188
OTP,0,20110127,102250,5793,28
OTP,0,20110127,102250,5792,189
OTP,0,20110127,102250,5792,892
BUX1112,0,20110127,102254,23759,2
OTP,0,20110127,102259,5790,20
OTP,0,20110127,102302,5790,1308
OTP,0,20110127,102303,5795,1000
DANUBIUS,0,20110127,102307,4040,20
OTP,0,20110127,102311,5795,15
MOL,0,20110127,102324,22420,3
MOL,0,20110127,102324,22420,35
ZWACK,0,20110127,102325,14500,39
RICHTER,0,20110127,102334,42900,3
BUX1112,0,20110127,102336,23769,3
RICHTER,0,20110127,102336,42900,2
BUX1112,0,20110127,102338,23769,1
OTP,0,20110127,102359,5790,20
OTP,0,20110127,102400,5794,15
OTP,0,20110127,102400,5794,302
OTP,0,20110127,102400,5794,144
OTP,0,20110127,102400,5794,284
MOL,0,20110127,102403,22415,10
MOL,0,20110127,102408,22420,4
MOL,0,20110127,102408,22420,17
MTELEKOM,0,20110127,102408,554,454
RICHTER,0,20110127,102409,42900,5
RICHTER,0,20110127,102409,42900,2
ZWACK,0,20110127,102419,14450,11
OTP,0,20110127,102420,5795,62
OTP,0,20110127,102420,5795,938
OTP,0,20110127,102420,5795,62
OTP,0,20110127,102420,5795,938
RICHTER,0,20110127,102429,42900,10
CSEPEL,0,20110127,102451,524,1
BUX1112,0,20110127,102452,23769,1
BUX1112,0,20110127,102452,23770,19
BUX1112,0,20110127,102452,23770,1
BUX1112,0,20110127,102452,23770,2
BUX1112,0,20110127,102452,23785,1
BUX1112,0,20110127,102452,23785,2
BUX1112,0,20110127,102452,23788.5,1
BUX1112,0,20110127,102452,23789,3
MTELEKOM,0,20110127,102453,554,181
MTELEKOM,0,20110127,102453,554,214
MTELEKOM,0,20110127,102453,554,555
FHB,0,20110127,102505,1024,29
FHB,0,20110127,102505,1024,171
OTP,0,20110127,102513,5794,255
OTP,0,20110127,102513,5794,60
OTP,0,20110127,102513,5794,889
ECONET,0,20110127,102515,89,655
RICHTER,0,20110127,102525,42900,10
OTP,0,20110127,102547,5794,696
OTP,0,20110127,102547,5794,301
TVK,0,20110127,102607,3415,60
TVK,0,20110127,102607,3410,1
MTELEKOM,0,20110127,102646,553,1000
MTELEKOM,0,20110127,102646,553,580
MTELEKOM,0,20110127,102646,553,206
PANNERGY,0,20110127,102705,911,10
RICHTER,0,20110127,102705,42895,53
RICHTER,0,20110127,102705,42890,37
PANNUNION,0,20110127,102714,140,150
OTP,0,20110127,102748,5796,5
OTP,0,20110127,102811,5797,15
OTP,0,20110127,102822,5796,20
OTP,0,20110127,102822,5796,60
MTELEKOM,0,20110127,102828,553,1924
MTELEKOM,0,20110127,102828,553,17
MTELEKOM,0,20110127,102828,553,150
MTELEKOM,0,20110127,102828,553,100
MTELEKOM,0,20110127,102828,553,40
MTELEKOM,0,20110127,102828,553,160
MTELEKOM,0,20110127,102828,553,1000
MTELEKOM,0,20110127,102828,553,500
MTELEKOM,0,20110127,102828,553,1109
MTELEKOM,0,20110127,102831,553,891
MTELEKOM,0,20110127,102831,553,30
MTELEKOM,0,20110127,102831,553,94
RICHTER,0,20110127,102836,42990,3
OTP,0,20110127,102910,5796,76
MOL,0,20110127,102913,22415,25
MOL,0,20110127,102913,22415,17
BOOK,0,20110127,102928,470,98
BOOK,0,20110127,102928,470,105
MOL,0,20110127,103005,22420,25
MOL,0,20110127,103005,22420,42
MOL,0,20110127,103005,22420,41
MOL,0,20110127,103005,22420,33
MOL,0,20110127,103005,22425,28
MOL,0,20110127,103005,22425,50
MOL,0,20110127,103005,22425,200
FHB,0,20110127,103006,1024,195
OTP,0,20110127,103018,5795,150
DANUBIUS,0,20110127,103031,4040,10
OTP,0,20110127,103032,5797,30
PANNERGY,0,20110127,103045,911,320
PANNERGY,0,20110127,103045,910,825
PANNERGY,0,20110127,103045,910,75
OTP,0,20110127,103107,5797,349
OTP,0,20110127,103107,5797,152
OTP,0,20110127,103107,5797,309
OTP,0,20110127,103107,5797,190
RICHTER,0,20110127,103113,42900,50
OTP,0,20110127,103126,5797,90
OTP,0,20110127,103126,5797,910
OTP,0,20110127,103142,5797,90
OTP,0,20110127,103142,5797,139
OTP,0,20110127,103142,5798,30
OTP,0,20110127,103142,5798,100
OTP,0,20110127,103142,5798,424
OTP,0,20110127,103142,5798,1000
OTP,0,20110127,103142,5799,3217
OTP,0,20110127,103142,5799,5000
OTP,0,20110127,103147,5799,1983
OTP,0,20110127,103147,5799,85
OTP,0,20110127,103147,5799,184
OTP,0,20110127,103149,5799,816
OTP,0,20110127,103149,5799,290
OTP,0,20110127,103149,5799,1000
OTP,0,20110127,103149,5799,894
OTP,0,20110127,103153,5799,106
OTP,0,20110127,103153,5799,1000
OTP,0,20110127,103153,5799,1000
OTP,0,20110127,103153,5799,1000
OTP,0,20110127,103153,5800,2000
OTP,0,20110127,103153,5800,20
OTP,0,20110127,103153,5800,20
OTP,0,20110127,103153,5800,2000
OTP,0,20110127,103153,5800,295
OTP,0,20110127,103153,5800,35
OTP,0,20110127,103153,5800,2259
OTP,0,20110127,103153,5800,9000
OTP,0,20110127,103153,5800,2000
OTP,0,20110127,103153,5800,30
OTP,0,20110127,103153,5800,1000
OTP,0,20110127,103153,5800,82
OTP,0,20110127,103153,5800,200
OTP,0,20110127,103153,5800,50
OTP,0,20110127,103153,5800,50
OTP,0,20110127,103153,5800,20
OTP,0,20110127,103153,5800,300
OTP,0,20110127,103153,5800,550
OTP,0,20110127,103153,5800,160
OTP,0,20110127,103153,5800,4000
OTP,0,20110127,103153,5800,10
OTP,0,20110127,103153,5800,252
OTP,0,20110127,103153,5800,3
OTP,0,20110127,103155,5799,600
BUX1112,0,20110127,103158,23799,4
BUX1112,0,20110127,103158,23799,2
BUX1112,0,20110127,103158,23800,2
OTP,0,20110127,103159,5799,1145
OTP,0,20110127,103159,5800,3295
OTP,0,20110127,103201,5800,500
OTP,0,20110127,103205,5800,5000
OTP,0,20110127,103208,5800,205
OTP,0,20110127,103210,5800,797
OTP,0,20110127,103210,5800,1203
OTP,0,20110127,103215,5803,20
MOL,0,20110127,103220,22435,211
BUX1112,0,20110127,103225,23809,3
MOL,0,20110127,103228,22435,100
MOL,0,20110127,103233,22435,69
MOL,0,20110127,103238,22435,100
RFV,0,20110127,103241,8860,20
CSEPEL,0,20110127,103254,520,1000
OTP,0,20110127,103304,5803,31
FHB,0,20110127,103307,1025,40
FHB,0,20110127,103307,1026,1787
OTP,0,20110127,103316,5805,15
OTP,0,20110127,103323,5803,719
OTP,0,20110127,103323,5803,444
OTP,0,20110127,103323,5800,797
OTP,0,20110127,103323,5800,40
RICHTER,0,20110127,103336,42980,2
CSEPEL,0,20110127,103347,519,247
CSEPEL,0,20110127,103354,519,100
RICHTER,0,20110127,103402,42950,12
CSEPEL,0,20110127,103423,515,153
OTP,0,20110127,103455,5804,30
SYNERGON,0,20110127,103458,511,14
OTP,0,20110127,103500,5805,35
OTP,0,20110127,103500,5805,268
OTP,0,20110127,103500,5805,1000
OTP,0,20110127,103506,5800,42
ZWACK,0,20110127,103511,14580,5
MOL,0,20110127,103521,22430,100
MOL,0,20110127,103521,22430,144
MOL,0,20110127,103521,22430,71
RICHTER,0,20110127,103527,42960,12
CSEPEL,0,20110127,103528,515,100
OTP,0,20110127,103528,5805,1000
PANNERGY,0,20110127,103529,914,300
ZWACK,0,20110127,103545,14580,6
RICHTER,0,20110127,103549,42955,9
SYNERGON,0,20110127,103550,510,486
FHB,0,20110127,103559,1025,100
OTP,0,20110127,103606,5805,467
OTP,0,20110127,103607,5805,300
OTP,0,20110127,103650,5805,83
OTP,0,20110127,103650,5805,351
MOL,0,20110127,103706,22435,200
OTP,0,20110127,103708,5807,280
OTP,0,20110127,103709,5805,124
MOL,0,20110127,103712,22435,200
RICHTER,0,20110127,103713,42955,14
OTP,0,20110127,103717,5807,152
OTP,0,20110127,103717,5807,48
OTP,0,20110127,103718,5805,14
OTP,0,20110127,103722,5807,60
OTP,0,20110127,103732,5805,126
OTP,0,20110127,103732,5801,200
OTP,0,20110127,103732,5801,200
OTP,0,20110127,103732,5801,100
OTP,0,20110127,103732,5801,374
MOL,0,20110127,103750,22435,120
MOL,0,20110127,103750,22435,38
MOL,0,20110127,103750,22435,37
MOL,0,20110127,103750,22435,39
OTP,0,20110127,103759,5801,126
OTP,0,20110127,103759,5800,874
OTP,0,20110127,103806,5806,15
OTP,0,20110127,103809,5800,500
OTP,0,20110127,103816,5800,100
OTP,0,20110127,103817,5800,1726
OTP,0,20110127,103817,5800,274
OTP,0,20110127,103818,5800,620
OTP,0,20110127,103818,5800,5
OTP,0,20110127,103819,5800,375
OTP,0,20110127,103821,5805,15
PHYLAXIA,0,20110127,103832,45,2000
RICHTER,0,20110127,103837,42950,3
RICHTER,0,20110127,103841,42955,2
OTP,0,20110127,103841,5801,71
OTP,0,20110127,103841,5800,29
OTP,0,20110127,103842,5800,96
OTP,0,20110127,103842,5800,404
BUX1112,0,20110127,103855,23800,3
OTP,0,20110127,103904,5800,69
OTP,0,20110127,103909,5800,1
OTP,0,20110127,103909,5800,80
OTP,0,20110127,103910,5800,200
GENESIS,0,20110127,103928,205,18
OTP,0,20110127,103931,5800,240
ANY,0,20110127,103933,747,100
ANY,0,20110127,103933,748,240
MOL,0,20110127,103948,22430,3
OTP,0,20110127,104012,5800,200
OTP,0,20110127,104012,5795,142
MOL,0,20110127,104048,22430,26
MOL,0,20110127,104048,22430,74
ZWACK,0,20110127,104053,14580,19
FHB,0,20110127,104112,1025,2
FHB,0,20110127,104112,1026,148
ZWACK,0,20110127,104121,14500,20
ZWACK,0,20110127,104121,14500,5
MOL,0,20110127,104125,22430,3
OTP,0,20110127,104137,5797,124
OTP,0,20110127,104144,5795,58
OTP,0,20110127,104144,5790,52
RICHTER,0,20110127,104204,42950,5
OTP,0,20110127,104257,5792,135
RICHTER,0,20110127,104258,42955,3
RICHTER,0,20110127,104258,42955,13
DANUBIUS,0,20110127,104318,4040,468
OTP,0,20110127,104326,5791,15
MTELEKOM,0,20110127,104327,553,256
RICHTER,0,20110127,104341,42990,3
OTP,0,20110127,104347,5790,148
OTP,0,20110127,104347,5790,25
OTP,0,20110127,104347,5790,125
OTP,0,20110127,104347,5790,50
OTP,0,20110127,104347,5790,50
OTP,0,20110127,104347,5786,50
OTP,0,20110127,104347,5784,100
OTP,0,20110127,104347,5783,300
OTP,0,20110127,104347,5782,71
OTP,0,20110127,104352,5783,36
OTP,0,20110127,104352,5783,120
OTP,0,20110127,104352,5783,261
OTP,0,20110127,104352,5783,175
BUX1112,0,20110127,104410,23780,2
MOL,0,20110127,104416,22435,8
MOL,0,20110127,104416,22435,32
MOL,0,20110127,104416,22430,20
MOL,0,20110127,104416,22430,20
MOL,0,20110127,104416,22420,20
OTP,0,20110127,104430,5790,22
MTELEKOM,0,20110127,104552,552,300
MTELEKOM,0,20110127,104554,552,7
MTELEKOM,0,20110127,104554,552,41
MTELEKOM,0,20110127,104554,552,100
MTELEKOM,0,20110127,104554,552,120
MTELEKOM,0,20110127,104600,552,1153
MTELEKOM,0,20110127,104602,552,471
SYNERGON,0,20110127,104618,510,291
MTELEKOM,0,20110127,104622,553,200
MOL,0,20110127,104628,22420,5
MTELEKOM,0,20110127,104631,552,76
MTELEKOM,0,20110127,104631,552,200
MTELEKOM,0,20110127,104631,552,1268
FHB,0,20110127,104638,1026,30
OTP,0,20110127,104741,5784,275
OTP,0,20110127,104741,5784,162
OTP,0,20110127,104741,5784,102
OTP,0,20110127,104741,5784,161
OTP,0,20110127,104744,5784,72
OTP,0,20110127,104744,5784,14
OTP,0,20110127,104756,5784,15
OTP,0,20110127,104819,5783,142
OTP,0,20110127,104826,5784,15
ECONET,0,20110127,104834,89,4086
ECONET,0,20110127,104834,89,3150
ECONET,0,20110127,104834,89,2000
ECONET,0,20110127,104834,89,1500
RICHTER,0,20110127,104836,42970,6
RICHTER,0,20110127,104841,42985,2
BUX1112,0,20110127,104845,23765,1
OTP,0,20110127,104850,5784,204
OTP,0,20110127,104850,5784,164
OTP,0,20110127,104921,5788,180
BUX1112,0,20110127,104925,23770,1
OTP,0,20110127,104928,5788,532
CSEPEL,0,20110127,104934,524,10
MOL,0,20110127,104936,22420,75
MOL,0,20110127,104936,22420,25
OTP,0,20110127,104956,5788,100
FHB,0,20110127,105003,1026,100
MOL,0,20110127,105023,22420,37
OTP,0,20110127,105025,5788,100
MTELEKOM,0,20110127,105027,553,523
MTELEKOM,0,20110127,105027,553,477
EGIS,0,20110127,105034,21005,10
EGIS,0,20110127,105034,21005,30
EGIS,0,20110127,105034,21005,3
MOL,0,20110127,105037,22425,46
MOL,0,20110127,105037,22425,30
MOL,0,20110127,105037,22425,24
MOL,0,20110127,105038,22425,12
MOL,0,20110127,105038,22425,20
FHB,0,20110127,105042,1026,40
EGIS,0,20110127,105043,21005,17
OTP,0,20110127,105051,5788,1050
OTP,0,20110127,105051,5788,268
OTP,0,20110127,105051,5789,182
MOL,0,20110127,105053,22425,22
MOL,0,20110127,105053,22425,45
PHYLAXIA,0,20110127,105053,45,4394
PHYLAXIA,0,20110127,105053,45,1500
PHYLAXIA,0,20110127,105053,46,2906
MTELEKOM,0,20110127,105055,553,1100
OTP,0,20110127,105104,5789,13
FHB,0,20110127,105105,1026,1000
OTP,0,20110127,105109,5788,33
OTP,0,20110127,105109,5788,445
OTP,0,20110127,105109,5787,484
OTP,0,20110127,105112,5789,805
OTP,0,20110127,105112,5790,195
BUX1112,0,20110127,105112,23780,8
BUX1112,0,20110127,105112,23780,10
OTP,0,20110127,105114,5790,397
OTP,0,20110127,105117,5794,500
MTELEKOM,0,20110127,105123,553,100
OTP,0,20110127,105132,5794,1000
DANUBIUS,0,20110127,105213,4040,25
BUX1112,0,20110127,105235,23780,1
RICHTER,0,20110127,105247,42975,1
RICHTER,0,20110127,105247,42975,1
RICHTER,0,20110127,105247,42975,1
OTP,0,20110127,105252,5790,85
RICHTER,0,20110127,105253,42975,11
OTP,0,20110127,105326,5793,15
OTP,0,20110127,105327,5790,1018
OTP,0,20110127,105327,5790,397
OTP,0,20110127,105327,5790,114
OTP,0,20110127,105328,5790,875
OTP,0,20110127,105331,5790,596
OTP,0,20110127,105331,5790,222
OTP,0,20110127,105340,5792,209
RICHTER,0,20110127,105341,42970,2
OTP,0,20110127,105349,5792,101
OTP,0,20110127,105349,5791,209
OTP,0,20110127,105349,5790,14
RICHTER,0,20110127,105409,42950,2
MOL,0,20110127,105410,22425,57
PANNERGY,0,20110127,105411,911,100
PANNERGY,0,20110127,105411,910,125
PANNERGY,0,20110127,105411,910,616
PANNERGY,0,20110127,105411,910,200
OTP,0,20110127,105513,5788,50
OTP,0,20110127,105513,5788,50
OTP,0,20110127,105513,5788,1000
OTP,0,20110127,105513,5787,43
BUX1112,0,20110127,105522,23781,3
OTP,0,20110127,105535,5787,74
BUX1112,0,20110127,105544,23781,1
BUX1112,0,20110127,105544,23780,1
BUX1112,0,20110127,105544,23780,2
FHB,0,20110127,105548,1026,15
FHB,0,20110127,105548,1026,80
FHB,0,20110127,105548,1028,300
FHB,0,20110127,105548,1028,605
MOL,0,20110127,105623,22440,100
MOL,0,20110127,105623,22440,35
MOL,0,20110127,105623,22440,40
MOL,0,20110127,105623,22450,170
MOL,0,20110127,105623,22450,100
MOL,0,20110127,105623,22450,40
MOL,0,20110127,105623,22450,30
MOL,0,20110127,105638,22450,30
MOL,0,20110127,105638,22450,10
TVK,0,20110127,105650,3450,1
TVK,0,20110127,105650,3455,9
RICHTER,0,20110127,105703,42950,8
RICHTER,0,20110127,105703,42950,8
RICHTER,0,20110127,105703,42900,10
RICHTER,0,20110127,105703,42900,21
RICHTER,0,20110127,105703,42890,8
RICHTER,0,20110127,105703,42880,3
RICHTER,0,20110127,105703,42875,16
RICHTER,0,20110127,105710,42970,2
RICHTER,0,20110127,105711,42900,60
RICHTER,0,20110127,105711,42875,4
RICHTER,0,20110127,105711,42875,9
RICHTER,0,20110127,105711,42860,10
RICHTER,0,20110127,105711,42855,5
RICHTER,0,20110127,105711,42855,25
RICHTER,0,20110127,105711,42855,17
RICHTER,0,20110127,105711,42850,14
RICHTER,0,20110127,105711,42850,10
RICHTER,0,20110127,105711,42810,6
OTP,0,20110127,105719,5787,40
OTP,0,20110127,105738,5785,444
OTP,0,20110127,105738,5785,100
RICHTER,0,20110127,105808,42900,60
RICHTER,0,20110127,105808,42900,58
ZWACK,0,20110127,105808,14450,3
RICHTER,0,20110127,105809,42900,60
RICHTER,0,20110127,105810,42900,15
OTP,0,20110127,105826,5786,15
OTP,0,20110127,105829,5785,444
FHB,0,20110127,105834,1028,98
FHB,0,20110127,105834,1029,1000
FHB,0,20110127,105834,1029,700
FHB,0,20110127,105834,1029,366
FHB,0,20110127,105834,1030,2125
FHB,0,20110127,105834,1030,50
FHB,0,20110127,105834,1030,100
FHB,0,20110127,105834,1030,561
OTP,0,20110127,105836,5785,447
OTP,0,20110127,105837,5785,2013
FOTEX,0,20110127,105838,391,2
RICHTER,0,20110127,105841,42970,3
BUX1112,0,20110127,105849,23780,1
FHB,0,20110127,105853,1030,439
FHB,0,20110127,105853,1030,555
OTP,0,20110127,105900,5785,449
OTP,0,20110127,105900,5785,142
MTELEKOM,0,20110127,105904,553,146
MTELEKOM,0,20110127,105904,553,2478
MTELEKOM,0,20110127,105904,553,1706
FHB,0,20110127,105906,1030,700
FHB,0,20110127,105910,1031,150
FHB,0,20110127,105917,1030,306
FHB,0,20110127,105917,1030,300
OTP,0,20110127,105934,5785,60
FHB,0,20110127,105935,1030,394
FHB,0,20110127,105935,1030,56
MOL,0,20110127,105948,22455,52
MOL,0,20110127,110000,22455,18
MOL,0,20110127,110000,22455,19
FHB,0,20110127,110008,1030,234
MOL,0,20110127,110013,22450,50
MOL,0,20110127,110013,22450,163
MOL,0,20110127,110013,22450,30
MOL,0,20110127,110027,22450,157
MOL,0,20110127,110027,22450,27
OTP,0,20110127,110028,5785,444
OTP,0,20110127,110028,5785,12
OTP,0,20110127,110058,5785,444
OTP,0,20110127,110058,5784,49
OTP,0,20110127,110058,5783,23
OTP,0,20110127,110058,5782,29
OTP,0,20110127,110058,5782,455
OTP,0,20110127,110058,5782,65
OTP,0,20110127,110058,5781,20
OTP,0,20110127,110058,5781,542
OTP,0,20110127,110058,5781,150
OTP,0,20110127,110058,5781,35
OTP,0,20110127,110058,5781,188
OTP,0,20110127,110058,5786,243
OTP,0,20110127,110058,5786,144
OTP,0,20110127,110058,5786,225
OTP,0,20110127,110058,5786,227
OTP,0,20110127,110058,5786,138
OTP,0,20110127,110058,5786,23
OTP,0,20110127,110058,5781,812
OTP,0,20110127,110058,5780,25
OTP,0,20110127,110058,5780,50
OTP,0,20110127,110058,5780,113
OTP,0,20110127,110102,5785,444
OTP,0,20110127,110102,5780,87
OTP,0,20110127,110102,5780,40
OTP,0,20110127,110102,5780,130
OTP,0,20110127,110102,5780,10
OTP,0,20110127,110102,5780,289
OTP,0,20110127,110112,5785,444
OTP,0,20110127,110115,5785,556
OTP,0,20110127,110118,5785,450
MTELEKOM,0,20110127,110122,554,5000
OTP,0,20110127,110124,5786,114
OTP,0,20110127,110124,5786,86
BUX1112,0,20110127,110132,23794,1
BUX1112,0,20110127,110132,23795,1
OTP,0,20110127,110142,5786,117
OTP,0,20110127,110142,5786,83
OTP,0,20110127,110146,5786,50
OTP,0,20110127,110148,5786,867
OTP,0,20110127,110148,5786,133
OTP,0,20110127,110148,5786,119
MTELEKOM,0,20110127,110152,554,1000
MTELEKOM,0,20110127,110152,554,455
MTELEKOM,0,20110127,110152,554,545
BUX1112,0,20110127,110154,23795,1
BUX1112,0,20110127,110155,23795,8
BUX1112,0,20110127,110155,23799,1
MTELEKOM,0,20110127,110157,554,1000
MTELEKOM,0,20110127,110158,554,500
OTP,0,20110127,110159,5786,381
OTP,0,20110127,110159,5786,452
BUX1112,0,20110127,110201,23799.5,1
MTELEKOM,0,20110127,110204,554,390
MTELEKOM,0,20110127,110204,554,308
MTELEKOM,0,20110127,110204,554,2493
MTELEKOM,0,20110127,110204,555,2820
MTELEKOM,0,20110127,110204,555,25000
MTELEKOM,0,20110127,110204,555,5000
MTELEKOM,0,20110127,110204,555,5000
MTELEKOM,0,20110127,110204,555,1200
MTELEKOM,0,20110127,110204,555,884
MTELEKOM,0,20110127,110204,555,200
MTELEKOM,0,20110127,110204,555,3000
MTELEKOM,0,20110127,110204,555,200
MTELEKOM,0,20110127,110204,555,3505
MTELEKOM,0,20110127,110207,553,670
MTELEKOM,0,20110127,110207,553,500
MTELEKOM,0,20110127,110207,553,10000
MTELEKOM,0,20110127,110207,553,98
MTELEKOM,0,20110127,110207,553,2902
MTELEKOM,0,20110127,110209,552,732
MTELEKOM,0,20110127,110209,552,2200
MTELEKOM,0,20110127,110209,552,500
MTELEKOM,0,20110127,110209,552,1500
MTELEKOM,0,20110127,110209,552,394
BUX1112,0,20110127,110220,23799,1
FOTEX,0,20110127,110221,388,2
BUX1112,0,20110127,110222,23799,1
BUX1112,0,20110127,110227,23800,10
BUX1112,0,20110127,110227,23800,10
BUX1112,0,20110127,110237,23800,10
OTP,0,20110127,110243,5788,30
OTP,0,20110127,110243,5785,444
OTP,0,20110127,110243,5785,20
OTP,0,20110127,110243,5785,12
OTP,0,20110127,110243,5781,100
FHB,0,20110127,110248,1030,9
ZWACK,0,20110127,110254,14500,3
FHB,0,20110127,110256,1034,50
FHB,0,20110127,110256,1035,170
FHB,0,20110127,110256,1035,350
FHB,0,20110127,110256,1035,195
FHB,0,20110127,110256,1035,235
BUX1112,0,20110127,110320,23800,10
BUX1112,0,20110127,110322,23800,2
OTP,0,20110127,110326,5789,15
BUX1112,0,20110127,110332,23800,2
RICHTER,0,20110127,110341,42950,2
OTP,0,20110127,110353,5789,100
OTP,0,20110127,110405,5789,130
OTP,0,20110127,110419,5789,20
MTELEKOM,0,20110127,110422,554,400
MTELEKOM,0,20110127,110422,554,4600
MTELEKOM,0,20110127,110426,554,998
BUX1112,0,20110127,110431,23790,4
OTP,0,20110127,110548,5789,50
ANY,0,20110127,110548,741,100
ANY,0,20110127,110548,740,400
RICHTER,0,20110127,110615,42900,24
MTELEKOM,0,20110127,110621,555,1000
RICHTER,0,20110127,110623,42905,24
RICHTER,0,20110127,110623,42905,4
RICHTER,0,20110127,110623,42905,23
RICHTER,0,20110127,110623,42905,27
RICHTER,0,20110127,110623,42905,8
PANNERGY,0,20110127,110636,910,100
MTELEKOM,0,20110127,110703,555,5000
OTP,0,20110127,110707,5788,50
OTP,0,20110127,110707,5787,100
OTP,0,20110127,110707,5786,600
OTP,0,20110127,110707,5785,250
MTELEKOM,0,20110127,110711,555,1000
MOL,0,20110127,110719,22425,39
MOL,0,20110127,110719,22425,39
MOL,0,20110127,110719,22425,43
RABA,0,20110127,110728,845,100
CSEPEL,0,20110127,110731,520,50
CSEPEL,0,20110127,110731,515,50
RABA,0,20110127,110736,845,20
BUX1112,0,20110127,110736,23790,1
BUX1112,0,20110127,110736,23790,1
BUX1112,0,20110127,110736,23790,2
MTELEKOM,0,20110127,110742,555,3000
MTELEKOM,0,20110127,110748,555,1495
MTELEKOM,0,20110127,110748,555,1505
MTELEKOM,0,20110127,110757,555,1395
MTELEKOM,0,20110127,110757,555,3605
MTELEKOM,0,20110127,110802,555,1108
MOL,0,20110127,110808,22425,20
MOL,0,20110127,110808,22420,40
MTELEKOM,0,20110127,110809,555,5287
MTELEKOM,0,20110127,110809,555,1406
MTELEKOM,0,20110127,110809,555,1392
MTELEKOM,0,20110127,110809,555,1834
MTELEKOM,0,20110127,110809,555,81
OTP,0,20110127,110815,5786,442
OTP,0,20110127,110822,5786,158
OTP,0,20110127,110822,5786,98
OTP,0,20110127,110822,5786,446
MTELEKOM,0,20110127,110826,555,784
MTELEKOM,0,20110127,110826,555,2216
OTP,0,20110127,110827,5788,15
OTP,0,20110127,110835,5786,100
RICHTER,0,20110127,110841,42970,2
BUX1112,0,20110127,110845,23799,1
OTP,0,20110127,110903,5786,500
OTP,0,20110127,110906,5786,200
OTP,0,20110127,110915,5786,400
OTP,0,20110127,110917,5786,100
OTP,0,20110127,110928,5786,500
OTP,0,20110127,110929,5786,500
OTP,0,20110127,110930,5786,100
OTP,0,20110127,110930,5786,117
RICHTER,0,20110127,110932,42950,33
RICHTER,0,20110127,110932,42905,37
DANUBIUS,0,20110127,110952,4010,25
DANUBIUS,0,20110127,110952,4010,10
DANUBIUS,0,20110127,110952,4005,25
DANUBIUS,0,20110127,110952,4000,5
DANUBIUS,0,20110127,110952,4000,40
DANUBIUS,0,20110127,110952,4000,8
DANUBIUS,0,20110127,110952,4000,87
FHB,0,20110127,111004,1030,180
OTP,0,20110127,111018,5786,600
OTP,0,20110127,111020,5786,85
OTP,0,20110127,111020,5786,151
OTP,0,20110127,111022,5786,364
BUX1112,0,20110127,111024,23790,3
OTP,0,20110127,111024,5786,600
OTP,0,20110127,111025,5786,36
OTP,0,20110127,111025,5786,214
OTP,0,20110127,111025,5786,162
RICHTER,0,20110127,111030,42990,5
OTP,0,20110127,111031,5786,285
OTP,0,20110127,111031,5786,446
RICHTER,0,20110127,111038,42990,24
FHB,0,20110127,111043,1030,50
OTP,0,20110127,111056,5785,300
OTP,0,20110127,111056,5785,144
MOL,0,20110127,111059,22420,60
MOL,0,20110127,111059,22420,40
OTP,0,20110127,111059,5785,356
BUX1112,0,20110127,111101,23790,6
OTP,0,20110127,111105,5785,451
OTP,0,20110127,111107,5785,549
OTP,0,20110127,111113,5785,444
OTP,0,20110127,111115,5785,556
OTP,0,20110127,111119,5785,444
OTP,0,20110127,111121,5785,6
OTP,0,20110127,111121,5785,1000
OTP,0,20110127,111128,5785,444
OTP,0,20110127,111130,5785,556
OTP,0,20110127,111131,5785,75
RICHTER,0,20110127,111134,42990,3
OTP,0,20110127,111137,5786,100
OTP,0,20110127,111139,5785,373
OTP,0,20110127,111142,5785,627
OTP,0,20110127,111147,5786,300
OTP,0,20110127,111148,5785,444
CSEPEL,0,20110127,111227,516,50
BUX1112,0,20110127,111231,23790,1
BUX1112,0,20110127,111231,23799,1
MTELEKOM,0,20110127,111304,555,730
MTELEKOM,0,20110127,111304,555,270
OTP,0,20110127,111311,5785,448
OTP,0,20110127,111311,5785,444
OTP,0,20110127,111326,5786,15
ZWACK,0,20110127,111335,14450,12
ZWACK,0,20110127,111335,14450,1
CSEPEL,0,20110127,111338,516,50
RICHTER,0,20110127,111341,42990,3
CSEPEL,0,20110127,111345,516,100
CSEPEL,0,20110127,111351,515,300
FHB,0,20110127,111356,1030,27
FHB,0,20110127,111356,1025,33
MOL,0,20110127,111359,22425,43
MOL,0,20110127,111359,22425,36
MOL,0,20110127,111359,22425,36
MOL,0,20110127,111401,22440,4
MOL,0,20110127,111402,22440,18
MTELEKOM,0,20110127,111406,554,2000
MTELEKOM,0,20110127,111406,554,2000
OTP,0,20110127,111423,5785,50
CSEPEL,0,20110127,111428,515,239
OTP,0,20110127,111444,5786,85
OTP,0,20110127,111444,5786,11
RFV,0,20110127,111445,8880,94
RFV,0,20110127,111445,8890,117
RFV,0,20110127,111445,8895,176
RFV,0,20110127,111445,8900,4
RFV,0,20110127,111445,8900,10
RFV,0,20110127,111445,8900,62
RFV,0,20110127,111445,8900,147
RFV,0,20110127,111445,8900,20
RFV,0,20110127,111445,8900,100
OTP,0,20110127,111457,5786,123
OTP,0,20110127,111457,5786,236
OTP,0,20110127,111457,5786,201
OTP,0,20110127,111457,5786,500
OTP,0,20110127,111457,5786,162
OTP,0,20110127,111457,5786,204
MOL,0,20110127,111502,22440,8
OTP,0,20110127,111510,5786,574
OTP,0,20110127,111510,5786,445
OTP,0,20110127,111511,5790,676
OTP,0,20110127,111511,5790,1000
OTP,0,20110127,111511,5790,1000
RFV,0,20110127,111513,8910,85
RFV,0,20110127,111513,8910,60
RFV,0,20110127,111513,8920,25
RFV,0,20110127,111513,8920,30
MOL,0,20110127,111522,22455,2
BUX1112,0,20110127,111540,23800,20
MOL,0,20110127,111604,22450,10
OTP,0,20110127,111609,5790,324
OTP,0,20110127,111609,5790,445
PANNUNION,0,20110127,111611,143,250
BUX1112,0,20110127,111614,23800,1
KEG,0,20110127,111628,128,57
KEG,0,20110127,111628,128,5000
MOL,0,20110127,111657,22450,40
MOL,0,20110127,111657,22450,45
ZWACK,0,20110127,111718,14415,2
SYNERGON,0,20110127,111753,510,73
SYNERGON,0,20110127,111753,510,427
OTP,0,20110127,111831,5790,16
RICHTER,0,20110127,111846,42920,1
RICHTER,0,20110127,111846,42920,1
OTP,0,20110127,111848,5789,130
OTP,0,20110127,111848,5789,444
MTELEKOM,0,20110127,111851,554,100
OTP,0,20110127,111852,5786,200
OTP,0,20110127,111852,5786,450
OTP,0,20110127,111852,5785,2000
OTP,0,20110127,111937,5784,600
OTP,0,20110127,111944,5784,600
RFV,0,20110127,111948,8900,520
ZWACK,0,20110127,111954,14415,3
ZWACK,0,20110127,111954,14410,5
ZWACK,0,20110127,111954,14405,10
ZWACK,0,20110127,111954,14400,20
ZWACK,0,20110127,112002,14210,5
ZWACK,0,20110127,112002,14205,60
ZWACK,0,20110127,112002,14205,10
ZWACK,0,20110127,112002,14200,8
ZWACK,0,20110127,112002,14200,20
ZWACK,0,20110127,112002,14200,10
ZWACK,0,20110127,112008,14200,10
OTP,0,20110127,112023,5784,350
RICHTER,0,20110127,112056,42915,18
RICHTER,0,20110127,112056,42915,11
RICHTER,0,20110127,112056,42915,7
MOL,0,20110127,112100,22450,22
MOL,0,20110127,112100,22450,21
MOL,0,20110127,112100,22450,24
MOL,0,20110127,112100,22450,33
OTP,0,20110127,112102,5785,1
OTP,0,20110127,112112,5784,115
MOL,0,20110127,112115,22455,68
MOL,0,20110127,112115,22455,38
MOL,0,20110127,112115,22455,35
MOL,0,20110127,112142,22470,350
MOL,0,20110127,112142,22470,20
MOL,0,20110127,112142,22470,44
OTP,0,20110127,112154,5784,135
OTP,0,20110127,112154,5784,447
MTELEKOM,0,20110127,112157,554,20
OTP,0,20110127,112219,5784,1
OTP,0,20110127,112227,5785,141
OTP,0,20110127,112227,5785,198
OTP,0,20110127,112227,5785,189
OTP,0,20110127,112227,5785,198
OTP,0,20110127,112227,5785,152
OTP,0,20110127,112227,5785,202
OTP,0,20110127,112227,5785,488
OTP,0,20110127,112236,5785,363
FHB,0,20110127,112238,1032,100
OTP,0,20110127,112310,5789,200
OTP,0,20110127,112331,5789,15
RICHTER,0,20110127,112346,42990,2
OTP,0,20110127,112346,5789,20
MOL,0,20110127,112404,22470,40
OTP,0,20110127,112414,5786,32
OTP,0,20110127,112414,5786,100
OTP,0,20110127,112424,5786,100
RICHTER,0,20110127,112429,42990,5
OTP,0,20110127,112448,5786,247
RICHTER,0,20110127,112451,42990,38
RICHTER,0,20110127,112451,42990,1
RFV,0,20110127,112456,8900,480
OTP,0,20110127,112502,5785,200
OTP,0,20110127,112510,5784,45
OTP,0,20110127,112538,5785,800
OTP,0,20110127,112538,5785,158
OTP,0,20110127,112538,5785,179
OTP,0,20110127,112538,5785,562
OTP,0,20110127,112538,5786,253
OTP,0,20110127,112538,5787,48
OTP,0,20110127,112607,5787,452
OTP,0,20110127,112607,5787,548
MOL,0,20110127,112613,22470,5
MOL,0,20110127,112613,22470,42
MOL,0,20110127,112613,22475,100
MOL,0,20110127,112613,22475,10
OTP,0,20110127,112641,5784,27
MOL,0,20110127,112641,22480,20
MOL,0,20110127,112641,22480,137
ZWACK,0,20110127,112718,14200,20
MTELEKOM,0,20110127,112743,555,725
RFV,0,20110127,112804,8900,10
OTP,0,20110127,112823,5784,55
OTP,0,20110127,112831,5785,10
OTP,0,20110127,112831,5785,5
RICHTER,0,20110127,112846,42975,3
OTP,0,20110127,112849,5785,120
MOL,0,20110127,112904,22465,24
MOL,0,20110127,112904,22455,10
MOL,0,20110127,112904,22450,1
OTP,0,20110127,112907,5784,200
OTP,0,20110127,112907,5784,272
OTP,0,20110127,112907,5784,444
OTP,0,20110127,112909,5784,284
MTELEKOM,0,20110127,112923,554,500
DANUBIUS,0,20110127,112944,4035,70
OTP,0,20110127,113020,5785,81
OTP,0,20110127,113020,5785,179
OTP,0,20110127,113025,5785,125000
OTP,0,20110127,113027,5785,150
OTP,0,20110127,113038,5785,50
RICHTER,0,20110127,113052,42970,1
RICHTER,0,20110127,113052,42970,9
RICHTER,0,20110127,113052,42980,15
OTP,0,20110127,113057,5784,125000
OTP,0,20110127,113112,5785,120
OTP,0,20110127,113132,5784,200
OTP,0,20110127,113210,5784,125000
OTP,0,20110127,113210,5785,21
KEG,0,20110127,113213,128,943
KEG,0,20110127,113213,128,10
CSEPEL,0,20110127,113227,515,200
BUX1112,0,20110127,113237,23798,2
BUX1112,0,20110127,113248,23799,4
BUX1112,0,20110127,113255,23800,2
BUX1112,0,20110127,113255,23800,10
BUX1112,0,20110127,113255,23800,1
OTP,0,20110127,113301,5785,125000
BUX1112,0,20110127,113304,23800,4
OTP,0,20110127,113307,5784,116
OTP,0,20110127,113307,5784,48
OTP,0,20110127,113309,5785,480
OTP,0,20110127,113309,5785,177
OTP,0,20110127,113309,5785,159
OTP,0,20110127,113309,5785,175
OTP,0,20110127,113309,5785,9
OTP,0,20110127,113315,5785,125
OTP,0,20110127,113315,5785,644
OTP,0,20110127,113315,5786,1231
OTP,0,20110127,113318,5786,200
CSEPEL,0,20110127,113320,515,100
OTP,0,20110127,113321,5786,569
OTP,0,20110127,113321,5787,200
OTP,0,20110127,113324,5787,200
OTP,0,20110127,113325,5787,552
OTP,0,20110127,113325,5789,191
OTP,0,20110127,113325,5790,30
OTP,0,20110127,113325,5790,945
OTP,0,20110127,113325,5790,222
OTP,0,20110127,113325,5790,750
OTP,0,20110127,113325,5790,200
OTP,0,20110127,113326,5787,441
OTP,0,20110127,113330,5791,80
OTP,0,20110127,113330,5793,20
OTP,0,20110127,113330,5793,200
OTP,0,20110127,113331,5793,100
MOL,0,20110127,113331,22460,45
MOL,0,20110127,113331,22460,23
MOL,0,20110127,113331,22460,34
MOL,0,20110127,113331,22460,41
OTP,0,20110127,113337,5793,665
OTP,0,20110127,113337,5794,1500
OTP,0,20110127,113337,5795,2000
OTP,0,20110127,113345,5798,15
OTP,0,20110127,113346,5798,141
OTP,0,20110127,113346,5798,468
OTP,0,20110127,113346,5798,199
OTP,0,20110127,113346,5799,192
RICHTER,0,20110127,113346,42980,2
BUX1112,0,20110127,113352,23808,1
BUX1112,0,20110127,113409,23809,4
RFV,0,20110127,113410,8920,123
RFV,0,20110127,113410,8935,96
RFV,0,20110127,113410,8940,126
RFV,0,20110127,113410,8940,7
RFV,0,20110127,113410,8950,20
RFV,0,20110127,113410,8950,13
RFV,0,20110127,113410,8950,78
RFV,0,20110127,113410,8950,10
RFV,0,20110127,113410,8950,10
RFV,0,20110127,113410,8950,100
RFV,0,20110127,113410,8950,50
RFV,0,20110127,113410,8950,100
RFV,0,20110127,113410,8955,174
RFV,0,20110127,113410,8960,10
RFV,0,20110127,113410,8960,32
RFV,0,20110127,113410,8960,119
RFV,0,20110127,113410,8960,25
RFV,0,20110127,113410,8975,100
RFV,0,20110127,113410,8980,50
RFV,0,20110127,113410,8980,20
RFV,0,20110127,113410,8980,50
RFV,0,20110127,113410,8990,100
RFV,0,20110127,113410,8990,10
RFV,0,20110127,113410,8994,100
RFV,0,20110127,113410,8995,2
RFV,0,20110127,113410,8998,432
RFV,0,20110127,113410,9000,30
RFV,0,20110127,113410,9000,200
RFV,0,20110127,113410,9000,50
RFV,0,20110127,113410,9000,10
RFV,0,20110127,113410,9000,90
RFV,0,20110127,113410,9000,20
BUX1112,0,20110127,113415,23809,3
BUX1112,0,20110127,113416,23815,3
BUX1112,0,20110127,113416,23819.5,1
BUX1112,0,20110127,113416,23820,5
OTP,0,20110127,113425,5799,808
OTP,0,20110127,113425,5799,1000
OTP,0,20110127,113425,5799,271
OTP,0,20110127,113425,5800,279
OTP,0,20110127,113425,5800,54
OTP,0,20110127,113425,5800,3000
OTP,0,20110127,113425,5800,30
OTP,0,20110127,113425,5800,20
OTP,0,20110127,113425,5800,600
OTP,0,20110127,113425,5800,286
OTP,0,20110127,113425,5800,750
OTP,0,20110127,113425,5800,365
OTP,0,20110127,113425,5800,200
OTP,0,20110127,113425,5800,220
OTP,0,20110127,113425,5800,195
OTP,0,20110127,113425,5800,295
KEG,0,20110127,113428,129,128
KEG,0,20110127,113428,129,272
BUX1112,0,20110127,113441,23835,2
BUX1112,0,20110127,113441,23840,1
BUX1112,0,20110127,113441,23840,1
BUX1112,0,20110127,113441,23840,15
BUX1112,0,20110127,113441,23846,1
OTP,0,20110127,113450,5800,1627
OTP,0,20110127,113450,5800,905
OTP,0,20110127,113450,5800,468
OTP,0,20110127,113455,5800,85
OTP,0,20110127,113455,5800,915
MOL,0,20110127,113526,22470,7
OTP,0,20110127,113532,5800,569
MOL,0,20110127,113538,22455,80
MOL,0,20110127,113538,22450,13
OTP,0,20110127,113550,5800,332
OTP,0,20110127,113550,5795,56
BUX1112,0,20110127,113557,23840,1
