<TICKER>,<PER>,<DTYYYYMMDD>,<TIME>,<CLOSE>,<VOLUME>
BOOK,0,20110105,090016,478,100
BOOK,0,20110105,090016,478,100
ECONET,0,20110105,090016,90,1727
ECONET,0,20110105,090016,90,1500
FHB,0,20110105,090016,972,100
FHB,0,20110105,090016,972,200
GENESIS,0,20110105,090016,224,670
GENESIS,0,20110105,090016,224,100
GENESIS,0,20110105,090016,224,1000
GENESIS,0,20110105,090016,224,500
GENESIS,0,20110105,090016,224,500
GENESIS,0,20110105,090016,224,30
GENESIS,0,20110105,090016,224,180
GENESIS,0,20110105,090016,224,240
GENESIS,0,20110105,090016,224,80
GENESIS,0,20110105,090016,224,251
GENESIS,0,20110105,090016,224,1100
GENESIS,0,20110105,090016,224,149
GENESIS,0,20110105,090016,224,300
GENESIS,0,20110105,090016,224,100
GENESIS,0,20110105,090016,224,300
KEG,0,20110105,090016,135,700
KEG,0,20110105,090016,135,37
MOL,0,20110105,090016,21095,3
MOL,0,20110105,090016,21095,4
MOL,0,20110105,090016,21095,7
MOL,0,20110105,090016,21095,10
MOL,0,20110105,090016,21095,2
MOL,0,20110105,090016,21095,81
MOL,0,20110105,090016,21095,19
MOL,0,20110105,090016,21095,5
MOL,0,20110105,090016,21095,50
MOL,0,20110105,090016,21095,1
MOL,0,20110105,090016,21095,73
MOL,0,20110105,090016,21095,5
MOL,0,20110105,090016,21095,198
MOL,0,20110105,090016,21095,100
MTELEKOM,0,20110105,090016,548,1
MTELEKOM,0,20110105,090016,548,47
MTELEKOM,0,20110105,090016,548,244
MTELEKOM,0,20110105,090016,548,602
MTELEKOM,0,20110105,090016,548,70
MTELEKOM,0,20110105,090016,548,70
MTELEKOM,0,20110105,090016,548,25
MTELEKOM,0,20110105,090016,548,180
MTELEKOM,0,20110105,090016,548,53
MTELEKOM,0,20110105,090016,548,100
MTELEKOM,0,20110105,090016,548,47
MTELEKOM,0,20110105,090016,548,753
MTELEKOM,0,20110105,090016,548,247
MTELEKOM,0,20110105,090016,548,150
MTELEKOM,0,20110105,090016,548,200
MTELEKOM,0,20110105,090016,548,90
MTELEKOM,0,20110105,090016,548,326
MTELEKOM,0,20110105,090016,548,74
MTELEKOM,0,20110105,090016,548,100
MTELEKOM,0,20110105,090016,548,500
MTELEKOM,0,20110105,090016,548,239
OTP,0,20110105,090016,5201,50
OTP,0,20110105,090016,5201,16
OTP,0,20110105,090016,5201,245
OTP,0,20110105,090016,5201,79
OTP,0,20110105,090016,5201,220
OTP,0,20110105,090016,5201,1
OTP,0,20110105,090016,5201,100
OTP,0,20110105,090016,5201,10
OTP,0,20110105,090016,5201,100
OTP,0,20110105,090016,5201,287
OTP,0,20110105,090016,5201,17
OTP,0,20110105,090016,5201,5
OTP,0,20110105,090016,5201,125
OTP,0,20110105,090016,5201,6
OTP,0,20110105,090016,5201,1
OTP,0,20110105,090016,5201,93
OTP,0,20110105,090016,5201,700
OTP,0,20110105,090016,5201,25
OTP,0,20110105,090016,5201,182
OTP,0,20110105,090016,5201,4
OTP,0,20110105,090016,5201,340
OTP,0,20110105,090016,5201,60
OTP,0,20110105,090016,5201,414
OTP,0,20110105,090016,5201,83
OTP,0,20110105,090016,5201,27
OTP,0,20110105,090016,5201,8
OTP,0,20110105,090016,5201,20
OTP,0,20110105,090016,5201,12
OTP,0,20110105,090016,5201,30
OTP,0,20110105,090016,5201,5
OTP,0,20110105,090016,5201,401
OTP,0,20110105,090016,5201,99
OTP,0,20110105,090016,5201,1000
OTP,0,20110105,090016,5201,270
OTP,0,20110105,090016,5201,500
OTP,0,20110105,090016,5201,12
OTP,0,20110105,090016,5201,20
OTP,0,20110105,090016,5201,500
OTP,0,20110105,090016,5201,385
OTP,0,20110105,090016,5201,50
OTP,0,20110105,090016,5201,100
OTP,0,20110105,090016,5201,8
OTP,0,20110105,090016,5201,500
OTP,0,20110105,090016,5201,1556
PANNERGY,0,20110105,090016,927,200
PHYLAXIA,0,20110105,090016,45,5854
PHYLAXIA,0,20110105,090016,45,14146
PHYLAXIA,0,20110105,090016,45,2000
PHYLAXIA,0,20110105,090016,45,10000
PHYLAXIA,0,20110105,090016,45,7000
PHYLAXIA,0,20110105,090016,45,1300
PHYLAXIA,0,20110105,090016,45,16621
PHYLAXIA,0,20110105,090016,45,2000
PHYLAXIA,0,20110105,090016,45,1000
PHYLAXIA,0,20110105,090016,45,41000
PHYLAXIA,0,20110105,090016,45,1934
RICHTER,0,20110105,090016,42310,1
RICHTER,0,20110105,090016,42310,2
RICHTER,0,20110105,090016,42310,5
RICHTER,0,20110105,090016,42310,1
RICHTER,0,20110105,090016,42310,2
RICHTER,0,20110105,090016,42310,5
RICHTER,0,20110105,090016,42310,2
RICHTER,0,20110105,090016,42310,1
RICHTER,0,20110105,090016,42310,2
ZWACK,0,20110105,090016,12900,1
ZWACK,0,20110105,090016,12900,9
BUX1112,0,20110105,090052,22465,4
BUX1112,0,20110105,090052,22465,6
BUX1112,0,20110105,090052,22465,1
BUX1112,0,20110105,090052,22465,1
BUX1112,0,20110105,090052,22465,1
BUX1112,0,20110105,090052,22465,35
BUX1112,0,20110105,090052,22465,15
BUX1112,0,20110105,090052,22465,5
BUX1112,0,20110105,090052,22465,2
BUX1112,0,20110105,090052,22465,2
OTP,0,20110105,090200,5210,1000
BUX1112,0,20110105,090201,22460,10
OTP,0,20110105,090201,5210,500
OTP,0,20110105,090201,5210,166
ORC,0,20110105,090202,1990,1
OTP,0,20110105,090202,5210,834
OTP,0,20110105,090203,5201,444
OTP,0,20110105,090203,5201,467
OTP,0,20110105,090203,5201,374
OTP,0,20110105,090203,5201,735
OTP,0,20110105,090203,5200,125
OTP,0,20110105,090203,5200,40
OTP,0,20110105,090203,5200,330
OTP,0,20110105,090203,5200,300
OTP,0,20110105,090203,5200,19
OTP,0,20110105,090203,5200,21
OTP,0,20110105,090203,5200,300
OTP,0,20110105,090203,5200,845
GENESIS,0,20110105,090203,223,3
OTP,0,20110105,090203,5200,25
OTP,0,20110105,090203,5200,4
OTP,0,20110105,090203,5200,13
OTP,0,20110105,090203,5200,58
MTELEKOM,0,20110105,090204,548,25
BUX1112,0,20110105,090205,22460,15
OTP,0,20110105,090206,5200,17
OTP,0,20110105,090206,5200,22
OTP,0,20110105,090206,5200,20
OTP,0,20110105,090206,5200,100
OTP,0,20110105,090206,5200,841
BUX1112,0,20110105,090206,22460,20
OTP,0,20110105,090206,5200,159
OTP,0,20110105,090206,5200,841
BUX1112,0,20110105,090206,22460,5
OTP,0,20110105,090207,5201,80
OTP,0,20110105,090207,5200,459
OTP,0,20110105,090207,5200,150
MOL,0,20110105,090209,21095,200
MTELEKOM,0,20110105,090209,547,2000
MTELEKOM,0,20110105,090209,547,400
GENESIS,0,20110105,090209,223,297
OTP,0,20110105,090211,5195,85
OTP,0,20110105,090211,5195,415
OTP,0,20110105,090211,5190,12
OTP,0,20110105,090211,5190,73
MOL,0,20110105,090211,21095,2
DANUBIUS,0,20110105,090211,4500,50
GENESIS,0,20110105,090215,223,703
GENESIS,0,20110105,090215,224,97
OTP,0,20110105,090216,5200,311
BUX1112,0,20110105,090218,22460,1
BUX1112,0,20110105,090219,22460,5
MOL,0,20110105,090220,21095,22
BUX1112,0,20110105,090223,22473,8
BUX1112,0,20110105,090225,22460,10
ECONET,0,20110105,090226,90,248
BUX1112,0,20110105,090227,22460,4
BUX1112,0,20110105,090227,22460,1
BUX1112,0,20110105,090227,22440,5
GENESIS,0,20110105,090232,220,435
BUX1112,0,20110105,090236,22440,1
BUX1112,0,20110105,090238,22460,1
BUX1112,0,20110105,090238,22460,3
OTP,0,20110105,090240,5205,1000
GENESIS,0,20110105,090241,220,145
MOL,0,20110105,090248,21065,5
MOL,0,20110105,090248,21060,3
OTP,0,20110105,090255,5200,70
OTP,0,20110105,090259,5200,350
KEG,0,20110105,090301,136,150
MTELEKOM,0,20110105,090301,547,51
MOL,0,20110105,090301,21185,14
BUX1112,0,20110105,090301,22460,7
BUX1112,0,20110105,090301,22460,1
OTP,0,20110105,090302,5210,63
MOL,0,20110105,090303,21150,86
OTP,0,20110105,090303,5201,26
MOL,0,20110105,090304,21150,14
MOL,0,20110105,090304,21185,15
OTP,0,20110105,090306,5210,146
MTELEKOM,0,20110105,090306,547,94
MOL,0,20110105,090307,21185,71
MOL,0,20110105,090310,21175,61
BUX1112,0,20110105,090314,22460,4
MOL,0,20110105,090315,21175,33
BUX1112,0,20110105,090320,22460,5
KEG,0,20110105,090320,136,1000
GENESIS,0,20110105,090320,218,500
OTP,0,20110105,090323,5210,4
OTP,0,20110105,090326,5210,600
OTP,0,20110105,090326,5202,50
OTP,0,20110105,090326,5202,100
OTP,0,20110105,090328,5202,584
BUX1112,0,20110105,090330,22460,1
ZWACK,0,20110105,090331,13000,2
OTP,0,20110105,090331,5202,266
OTP,0,20110105,090331,5201,974
OTP,0,20110105,090331,5200,26
MTELEKOM,0,20110105,090335,546,400
BUX1112,0,20110105,090337,22460,1
MOL,0,20110105,090338,21150,100
MOL,0,20110105,090338,21100,4
GENESIS,0,20110105,090341,217,500
GENESIS,0,20110105,090341,216,1000
GENESIS,0,20110105,090341,216,100
GENESIS,0,20110105,090341,215,10
GENESIS,0,20110105,090341,215,1500
GENESIS,0,20110105,090341,213,500
GENESIS,0,20110105,090341,212,1000
GENESIS,0,20110105,090341,212,150
GENESIS,0,20110105,090341,212,2400
GENESIS,0,20110105,090341,212,500
GENESIS,0,20110105,090341,212,1590
MTELEKOM,0,20110105,090343,546,300
BUX1112,0,20110105,090345,22460,1
OTP,0,20110105,090349,5210,20
GENESIS,0,20110105,090350,218,500
BUX1112,0,20110105,090350,22443,3
BUX1112,0,20110105,090350,22442,2
MOL,0,20110105,090352,21170,30
MOL,0,20110105,090352,21175,6
MOL,0,20110105,090352,21175,64
MOL,0,20110105,090355,21175,36
MOL,0,20110105,090355,21185,64
MTELEKOM,0,20110105,090355,547,280
MTELEKOM,0,20110105,090400,546,300
MOL,0,20110105,090407,21150,1
RFV,0,20110105,090417,8550,12
MTELEKOM,0,20110105,090423,546,1000
MTELEKOM,0,20110105,090428,546,100
KEG,0,20110105,090431,136,211
KEG,0,20110105,090431,136,99
GENESIS,0,20110105,090432,219,150
GENESIS,0,20110105,090432,219,1000
BUX1112,0,20110105,090435,22446,5
BUX1112,0,20110105,090435,22445,2
BUX1112,0,20110105,090442,22445,1
RICHTER,0,20110105,090444,42400,3
BUX1112,0,20110105,090446,22445,2
BUX1112,0,20110105,090450,22445,5
BUX1112,0,20110105,090450,22445,20
BUX1112,0,20110105,090450,22445,5
BUX1112,0,20110105,090450,22442,8
BUX1112,0,20110105,090450,22440,17
GENESIS,0,20110105,090454,220,355
GENESIS,0,20110105,090454,220,330
GENESIS,0,20110105,090454,220,165
OTP,0,20110105,090506,5205,1
OTP,0,20110105,090511,5210,167
OTP,0,20110105,090511,5210,100
GENESIS,0,20110105,090512,220,375
PANNERGY,0,20110105,090523,928,20
BUX1112,0,20110105,090528,22445,1
PANNERGY,0,20110105,090536,926,60
PANNERGY,0,20110105,090536,925,40
RICHTER,0,20110105,090540,42400,8
RICHTER,0,20110105,090540,42400,10
RABA,0,20110105,090540,820,90
MOL,0,20110105,090543,21155,30
BUX1112,0,20110105,090546,22460,1
BUX1112,0,20110105,090546,22460,10
BUX1112,0,20110105,090546,22460,1
BUX1112,0,20110105,090549,22460,13
OTP,0,20110105,090550,5212,82
OTP,0,20110105,090550,5213,1400
GENESIS,0,20110105,090604,222,125
BUX1112,0,20110105,090612,22460,7
GENESIS,0,20110105,090613,222,375
GENESIS,0,20110105,090613,223,500
GENESIS,0,20110105,090613,223,125
GENESIS,0,20110105,090615,223,200
BUX1112,0,20110105,090623,22460,2
MOL,0,20110105,090626,21185,5
MOL,0,20110105,090626,21190,500
MOL,0,20110105,090626,21195,22
MOL,0,20110105,090626,21200,5
MOL,0,20110105,090626,21200,100
MOL,0,20110105,090626,21200,100
MOL,0,20110105,090626,21200,100
MOL,0,20110105,090626,21200,100
MOL,0,20110105,090626,21200,68
GENESIS,0,20110105,090628,223,175
GENESIS,0,20110105,090628,224,325
MTELEKOM,0,20110105,090631,546,170
OTP,0,20110105,090632,5219,1000
OTP,0,20110105,090632,5220,1644
MOL,0,20110105,090635,21200,200
BUX1112,0,20110105,090637,22465,1
BUX1112,0,20110105,090637,22468,1
BUX1112,0,20110105,090643,22478,5
BUX1112,0,20110105,090643,22480,1
MTELEKOM,0,20110105,090645,546,200
GENESIS,0,20110105,090646,224,1729
GENESIS,0,20110105,090646,225,300
GENESIS,0,20110105,090646,225,200
GENESIS,0,20110105,090646,225,500
GENESIS,0,20110105,090646,227,1200
GENESIS,0,20110105,090646,227,1500
GENESIS,0,20110105,090646,228,571
GENESIS,0,20110105,090646,228,200
MOL,0,20110105,090648,21200,32
MOL,0,20110105,090648,21200,10
MOL,0,20110105,090648,21200,58
MOL,0,20110105,090653,21200,26
GENESIS,0,20110105,090656,228,229
BUX1112,0,20110105,090701,22479,2
BUX1112,0,20110105,090701,22480,4
BUX1112,0,20110105,090701,22490,1
MOL,0,20110105,090708,21200,16
BUX1112,0,20110105,090711,22490,1
BUX1112,0,20110105,090711,22490,4
GENESIS,0,20110105,090716,229,1000
GENESIS,0,20110105,090716,229,100
BUX1112,0,20110105,090716,22490,6
BUX1112,0,20110105,090716,22497,1
BUX1112,0,20110105,090716,22500,3
BUX1112,0,20110105,090716,22500,10
BUX1112,0,20110105,090716,22500,4
BUX1112,0,20110105,090716,22500,1
BUX1112,0,20110105,090716,22500,4
BUX1112,0,20110105,090716,22500,15
BUX1112,0,20110105,090716,22500,1
BUX1112,0,20110105,090716,22500,1
BUX1112,0,20110105,090722,22510,6
BUX1112,0,20110105,090722,22511,1
OTP,0,20110105,090723,5220,20
BUX1112,0,20110105,090726,22513,1
BUX1112,0,20110105,090726,22513,4
BUX1112,0,20110105,090726,22518.5,6
PANNERGY,0,20110105,090726,925,14
BUX1112,0,20110105,090730,22511,1
GENESIS,0,20110105,090736,228,500
BUX1112,0,20110105,090737,22500,2
BUX1112,0,20110105,090741,22500,3
OTP,0,20110105,090745,5223,100
OTP,0,20110105,090745,5224,80
OTP,0,20110105,090745,5225,20
GENESIS,0,20110105,090746,230,1000
GENESIS,0,20110105,090746,230,70
GENESIS,0,20110105,090746,230,200
GENESIS,0,20110105,090746,230,300
BUX1112,0,20110105,090749,22500,7
GENESIS,0,20110105,090750,232,1000
GENESIS,0,20110105,090750,232,500
GENESIS,0,20110105,090750,232,1250
OTP,0,20110105,090752,5221,6
OTP,0,20110105,090752,5221,262
OTP,0,20110105,090752,5221,319
OTP,0,20110105,090752,5221,25
OTP,0,20110105,090752,5221,75
OTP,0,20110105,090752,5220,30
OTP,0,20110105,090752,5220,40
OTP,0,20110105,090752,5220,90
GENESIS,0,20110105,090756,235,171
OTP,0,20110105,090756,5220,153
CSEPEL,0,20110105,090801,246,200
CSEPEL,0,20110105,090801,246,200
CSEPEL,0,20110105,090801,245,1000
CSEPEL,0,20110105,090801,244,250
CSEPEL,0,20110105,090801,240,1005
OTP,0,20110105,090803,5220,347
OTP,0,20110105,090809,5218,16
OTP,0,20110105,090811,5220,53
OTP,0,20110105,090812,5225,10
OTP,0,20110105,090817,5223,25
OTP,0,20110105,090817,5220,175
OTP,0,20110105,090821,5220,20
BUX1112,0,20110105,090823,22500,2
OTP,0,20110105,090824,5225,5
OTP,0,20110105,090824,5225,95
OTP,0,20110105,090835,5225,100
BUX1112,0,20110105,090838,22491,2
ZWACK,0,20110105,090847,13000,15
RICHTER,0,20110105,090851,42400,10
RICHTER,0,20110105,090851,42400,4
BUX1112,0,20110105,090851,22490,2
MTELEKOM,0,20110105,090853,546,1
MTELEKOM,0,20110105,090854,546,1000
OTP,0,20110105,090856,5220,200
OTP,0,20110105,090856,5225,30
OTP,0,20110105,090856,5225,20
BUX1112,0,20110105,090858,22490,2
BUX1112,0,20110105,090859,22490,1
BUX1112,0,20110105,090859,22490,6
BUX1112,0,20110105,090859,22490,5
BUX1112,0,20110105,090901,22490,1
MTELEKOM,0,20110105,090905,546,750
MTELEKOM,0,20110105,090921,546,779
MTELEKOM,0,20110105,090921,546,287
OTP,0,20110105,090931,5220,52
OTP,0,20110105,090931,5220,48
OTP,0,20110105,090947,5220,52
OTP,0,20110105,090947,5220,8
OTP,0,20110105,090947,5219,140
OTP,0,20110105,090947,5219,20
MTELEKOM,0,20110105,090952,546,204
MTELEKOM,0,20110105,090952,546,378
BUX1112,0,20110105,091002,22487,1
OTP,0,20110105,091012,5219,50
OTP,0,20110105,091015,5220,48
OTP,0,20110105,091015,5220,19
OTP,0,20110105,091015,5220,580
OTP,0,20110105,091015,5220,300
OTP,0,20110105,091015,5220,200
MTELEKOM,0,20110105,091026,546,310
MOL,0,20110105,091032,21200,10
OTP,0,20110105,091035,5220,853
OTP,0,20110105,091036,5219,15
OTP,0,20110105,091048,5220,147
OTP,0,20110105,091048,5224,200
OTP,0,20110105,091048,5228,565
OTP,0,20110105,091049,5225,50
OTP,0,20110105,091051,5220,142
OTP,0,20110105,091054,5219,75
KEG,0,20110105,091055,135,4663
KEG,0,20110105,091055,135,337
OTP,0,20110105,091057,5219,1000
OTP,0,20110105,091057,5220,208
OTP,0,20110105,091057,5220,792
KEG,0,20110105,091101,136,105
OTP,0,20110105,091102,5218,84
OTP,0,20110105,091102,5215,500
OTP,0,20110105,091102,5215,100
OTP,0,20110105,091102,5212,300
OTP,0,20110105,091102,5210,299
OTP,0,20110105,091102,5210,1217
MTELEKOM,0,20110105,091104,545,200
OTP,0,20110105,091104,5220,1208
OTP,0,20110105,091110,5220,792
EGIS,0,20110105,091112,20180,34
EGIS,0,20110105,091112,20180,30
EGIS,0,20110105,091112,20150,6
EGIS,0,20110105,091112,20150,51
EGIS,0,20110105,091112,20150,3
EGIS,0,20110105,091112,20120,28
EGIS,0,20110105,091112,20100,3
EGIS,0,20110105,091112,20100,117
KEG,0,20110105,091114,135,2344
KEG,0,20110105,091117,135,1000
RICHTER,0,20110105,091122,42490,2
RICHTER,0,20110105,091122,42490,9
RICHTER,0,20110105,091122,42500,11
RICHTER,0,20110105,091122,42500,14
RICHTER,0,20110105,091132,42585,2
RICHTER,0,20110105,091133,42585,5
RICHTER,0,20110105,091133,42585,1
RICHTER,0,20110105,091137,42585,4
HUMET,0,20110105,091142,9,24000
OTP,0,20110105,091144,5220,200
OTP,0,20110105,091144,5211,400
ZWACK,0,20110105,091147,13000,1
SYNERGON,0,20110105,091154,495,50
SYNERGON,0,20110105,091154,495,100
SYNERGON,0,20110105,091154,496,100
KEG,0,20110105,091157,135,22
KEG,0,20110105,091157,135,800
KEG,0,20110105,091157,135,1000
MOL,0,20110105,091157,21200,174
MOL,0,20110105,091157,21200,7
MOL,0,20110105,091157,21200,1
MOL,0,20110105,091157,21200,10
MTELEKOM,0,20110105,091204,545,75
MTELEKOM,0,20110105,091204,545,925
MTELEKOM,0,20110105,091210,546,108
MTELEKOM,0,20110105,091210,546,500
MTELEKOM,0,20110105,091210,546,250
MTELEKOM,0,20110105,091210,546,565
MTELEKOM,0,20110105,091210,546,2400
KEG,0,20110105,091215,134,1000
KEG,0,20110105,091215,134,694
OTP,0,20110105,091219,5224,20
OTP,0,20110105,091219,5225,1300
OTP,0,20110105,091219,5227,300
OTP,0,20110105,091219,5228,380
MTELEKOM,0,20110105,091225,546,246
MOL,0,20110105,091228,21200,8
MOL,0,20110105,091228,21235,2
OTP,0,20110105,091229,5221,200
OTP,0,20110105,091234,5221,107
OTP,0,20110105,091234,5220,893
MTELEKOM,0,20110105,091240,546,150
OTP,0,20110105,091245,5220,20
OTP,0,20110105,091250,5220,208
MTELEKOM,0,20110105,091251,546,460
GENESIS,0,20110105,091301,235,479
GENESIS,0,20110105,091301,236,300
GENESIS,0,20110105,091301,236,50
KARPOT,0,20110105,091302,427,212
KARPOT,0,20110105,091302,426,207
OTP,0,20110105,091302,5220,233
OTP,0,20110105,091302,5220,767
BUX1112,0,20110105,091302,22470,5
OTP,0,20110105,091303,5220,16
OTP,0,20110105,091305,5220,91
MTELEKOM,0,20110105,091305,547,1975
MTELEKOM,0,20110105,091305,547,85
OTP,0,20110105,091305,5220,1209
GENESIS,0,20110105,091306,239,200
GENESIS,0,20110105,091306,239,350
GENESIS,0,20110105,091306,239,50
GENESIS,0,20110105,091306,240,260
MTELEKOM,0,20110105,091307,546,1321
MTELEKOM,0,20110105,091307,546,30
GENESIS,0,20110105,091311,245,90
BUX1112,0,20110105,091317,22470,2
BUX1112,0,20110105,091318,22470,20
BUX1112,0,20110105,091319,22470,23
MTELEKOM,0,20110105,091323,546,3000
GENESIS,0,20110105,091325,245,150
GENESIS,0,20110105,091335,244,700
OTP,0,20110105,091338,5225,230
OTP,0,20110105,091338,5225,40
GENESIS,0,20110105,091346,245,400
OTP,0,20110105,091353,5225,81
GENESIS,0,20110105,091356,245,150
GENESIS,0,20110105,091356,247,50
GENESIS,0,20110105,091403,245,1000
GENESIS,0,20110105,091405,245,1000
BUX1112,0,20110105,091405,22470,17
BUX1112,0,20110105,091406,22467,1
PHYLAXIA,0,20110105,091408,45,3066
PHYLAXIA,0,20110105,091408,45,2000
PHYLAXIA,0,20110105,091408,45,1634
MTELEKOM,0,20110105,091415,546,350
BUX1112,0,20110105,091423,22470,13
MOL,0,20110105,091428,21200,10
GENESIS,0,20110105,091440,244,300
GENESIS,0,20110105,091440,244,650
GENESIS,0,20110105,091440,244,50
GENESIS,0,20110105,091441,244,250
MTELEKOM,0,20110105,091451,545,75
MTELEKOM,0,20110105,091451,545,100
MTELEKOM,0,20110105,091451,545,825
EGIS,0,20110105,091452,20200,2
MOL,0,20110105,091453,21200,90
GENESIS,0,20110105,091456,244,50
HUMET,0,20110105,091456,9,1000
MOL,0,20110105,091458,21200,100
GENESIS,0,20110105,091459,244,550
GENESIS,0,20110105,091459,245,700
GENESIS,0,20110105,091459,245,250
MOL,0,20110105,091513,21200,10
MOL,0,20110105,091513,21235,1
KARPOT,0,20110105,091519,468,200
KARPOT,0,20110105,091519,470,2
OTP,0,20110105,091523,5224,25
GENESIS,0,20110105,091526,245,300
MOL,0,20110105,091528,21235,2
MOL,0,20110105,091528,21235,102
GENESIS,0,20110105,091534,245,450
BUX1112,0,20110105,091534,22470,3
GENESIS,0,20110105,091538,247,500
GENESIS,0,20110105,091538,247,1000
GENESIS,0,20110105,091545,248,514
GENESIS,0,20110105,091545,248,200
GENESIS,0,20110105,091545,248,300
OTP,0,20110105,091546,5221,675
GENESIS,0,20110105,091546,249,60
GENESIS,0,20110105,091551,249,440
GENESIS,0,20110105,091551,249,50
GENESIS,0,20110105,091551,250,400
GENESIS,0,20110105,091551,250,2000
GENESIS,0,20110105,091551,250,318
GENESIS,0,20110105,091551,250,342
OTP,0,20110105,091554,5221,41
GENESIS,0,20110105,091556,250,58
GENESIS,0,20110105,091556,252,28
GENESIS,0,20110105,091556,252,200
MTELEKOM,0,20110105,091559,546,1299
MTELEKOM,0,20110105,091559,546,2963
MTELEKOM,0,20110105,091600,546,1
MTELEKOM,0,20110105,091612,546,1737
MTELEKOM,0,20110105,091612,546,427
OTP,0,20110105,091616,5221,40
OTP,0,20110105,091622,5224,40
GENESIS,0,20110105,091622,250,526
GENESIS,0,20110105,091624,250,500
RICHTER,0,20110105,091631,42585,7
RICHTER,0,20110105,091631,42600,11
MOL,0,20110105,091642,21235,146
MOL,0,20110105,091642,21235,200
MOL,0,20110105,091642,21240,100
MOL,0,20110105,091642,21250,44
MOL,0,20110105,091642,21250,400
MOL,0,20110105,091646,21260,1
MOL,0,20110105,091650,21260,59
MOL,0,20110105,091650,21250,41
GENESIS,0,20110105,091652,252,422
GENESIS,0,20110105,091652,252,300
GENESIS,0,20110105,091652,253,243
GENESIS,0,20110105,091652,253,180
BUX1112,0,20110105,091653,22471,1
RICHTER,0,20110105,091655,42690,8
BUX1112,0,20110105,091659,22470,17
GENESIS,0,20110105,091705,251,200
OTP,0,20110105,091710,5224,54
OTP,0,20110105,091710,5225,50
OTP,0,20110105,091710,5227,500
OTP,0,20110105,091710,5228,55
OTP,0,20110105,091710,5228,50
OTP,0,20110105,091710,5229,291
MOL,0,20110105,091713,21250,69
OTP,0,20110105,091717,5226,333
GENESIS,0,20110105,091719,250,1000
BUX1112,0,20110105,091720,22470,3
OTP,0,20110105,091721,5226,737
OTP,0,20110105,091722,5229,500
MTELEKOM,0,20110105,091722,546,100
GENESIS,0,20110105,091723,250,500
OTP,0,20110105,091725,5225,20
GENESIS,0,20110105,091726,251,210
GENESIS,0,20110105,091733,251,90
OTP,0,20110105,091737,5229,209
OTP,0,20110105,091737,5230,791
OTP,0,20110105,091742,5225,271
OTP,0,20110105,091742,5225,229
GENESIS,0,20110105,091750,248,2500
GENESIS,0,20110105,091752,247,600
MTELEKOM,0,20110105,091757,545,4175
MTELEKOM,0,20110105,091757,545,825
OTP,0,20110105,091803,5225,16
OTP,0,20110105,091808,5230,100
BUX1112,0,20110105,091816,22479.5,1
BUX1112,0,20110105,091816,22480,1
BUX1112,0,20110105,091816,22480,5
BUX1112,0,20110105,091816,22480,3
FHB,0,20110105,091820,972,25
MOL,0,20110105,091829,21205,20
MOL,0,20110105,091829,21200,96
MOL,0,20110105,091829,21200,174
GENESIS,0,20110105,091831,246,500
GENESIS,0,20110105,091836,245,300
GENESIS,0,20110105,091836,244,610
MTELEKOM,0,20110105,091838,545,175
MTELEKOM,0,20110105,091838,545,325
GENESIS,0,20110105,091842,245,500
GENESIS,0,20110105,091842,244,390
GENESIS,0,20110105,091842,244,110
OTP,0,20110105,091844,5228,200
OTP,0,20110105,091844,5230,109
OTP,0,20110105,091844,5230,691
OTP,0,20110105,091846,5225,51
OTP,0,20110105,091846,5221,86
OTP,0,20110105,091846,5221,364
OTP,0,20110105,091846,5220,32
OTP,0,20110105,091846,5220,20
OTP,0,20110105,091846,5220,447
MOL,0,20110105,091849,21200,26
BUX1112,0,20110105,091855,22480,20
GENESIS,0,20110105,091855,244,500
GENESIS,0,20110105,091906,244,800
OTP,0,20110105,091915,5222,175
OTP,0,20110105,091915,5221,541
OTP,0,20110105,091915,5221,284
MOL,0,20110105,091915,21195,5
BUX1112,0,20110105,091916,22478,1
MOL,0,20110105,091920,21200,5
GENESIS,0,20110105,091922,244,590
GENESIS,0,20110105,091922,244,200
MOL,0,20110105,091930,21200,100
OTP,0,20110105,091936,5230,20
MTELEKOM,0,20110105,091942,545,1675
MTELEKOM,0,20110105,091949,545,200
BUX1112,0,20110105,091956,22487,1
BUX1112,0,20110105,091956,22489,3
BUX1112,0,20110105,092003,22489,1
BUX1112,0,20110105,092017,22480,1
BUX1112,0,20110105,092017,22470,2
BUX1112,0,20110105,092017,22470,7
MTELEKOM,0,20110105,092018,544,126
MTELEKOM,0,20110105,092018,544,200
MTELEKOM,0,20110105,092018,544,4674
MTELEKOM,0,20110105,092018,544,326
MTELEKOM,0,20110105,092018,544,1000
MTELEKOM,0,20110105,092018,544,144
GENESIS,0,20110105,092019,244,50
MTELEKOM,0,20110105,092022,545,15
GENESIS,0,20110105,092027,244,160
GENESIS,0,20110105,092027,247,1000
GENESIS,0,20110105,092027,248,2700
GENESIS,0,20110105,092027,249,140
RABA,0,20110105,092044,820,110
RABA,0,20110105,092044,820,65
MTELEKOM,0,20110105,092052,545,610
MOL,0,20110105,092054,21200,95
OTP,0,20110105,092103,5225,20
MTELEKOM,0,20110105,092103,546,1390
OTP,0,20110105,092112,5221,216
OTP,0,20110105,092112,5220,3
OTP,0,20110105,092112,5220,200
GENESIS,0,20110105,092116,241,300
GENESIS,0,20110105,092116,241,1200
GENESIS,0,20110105,092116,240,2500
MOL,0,20110105,092117,21170,25
OTP,0,20110105,092126,5220,50
GENESIS,0,20110105,092135,242,1500
GENESIS,0,20110105,092159,244,200
MOL,0,20110105,092210,21200,5
MTELEKOM,0,20110105,092213,544,200
MOL,0,20110105,092216,21230,50
OTP,0,20110105,092224,5218,30
OTP,0,20110105,092224,5217,18
OTP,0,20110105,092224,5216,500
OTP,0,20110105,092224,5212,150
OTP,0,20110105,092224,5211,302
MOL,0,20110105,092226,21235,74
OTP,0,20110105,092227,5219,9
MTELEKOM,0,20110105,092238,544,456
MTELEKOM,0,20110105,092238,544,200
MTELEKOM,0,20110105,092238,544,4344
RABA,0,20110105,092252,820,283
OTP,0,20110105,092254,5214,15
OTP,0,20110105,092303,5214,17
MOL,0,20110105,092305,21230,100
MTELEKOM,0,20110105,092305,545,18
RICHTER,0,20110105,092305,42695,18
RICHTER,0,20110105,092306,42695,21
BUX1112,0,20110105,092306,22475,2
MOL,0,20110105,092309,21235,26
RICHTER,0,20110105,092311,42695,29
RICHTER,0,20110105,092311,42695,8
RICHTER,0,20110105,092311,42695,11
RICHTER,0,20110105,092311,42700,14
RICHTER,0,20110105,092311,42700,11
RICHTER,0,20110105,092311,42700,14
RICHTER,0,20110105,092311,42700,18
MTELEKOM,0,20110105,092311,546,1485
RICHTER,0,20110105,092312,42700,35
MOL,0,20110105,092315,21250,5
MOL,0,20110105,092318,21260,5
MOL,0,20110105,092321,21260,3
RICHTER,0,20110105,092328,42700,60
RICHTER,0,20110105,092328,42700,15
RICHTER,0,20110105,092329,42700,25
GENESIS,0,20110105,092329,242,50
BUX1112,0,20110105,092410,22470,1
RFV,0,20110105,092418,8540,10
RICHTER,0,20110105,092426,42690,13
BUX1112,0,20110105,092437,22470,2
GENESIS,0,20110105,092438,242,10
GENESIS,0,20110105,092438,241,50
OTP,0,20110105,092448,5216,250
OTP,0,20110105,092451,5218,20
OTP,0,20110105,092451,5219,91
OTP,0,20110105,092451,5220,409
OTP,0,20110105,092511,5220,122
OTP,0,20110105,092511,5220,78
GENESIS,0,20110105,092511,241,500
OTP,0,20110105,092522,5220,922
OTP,0,20110105,092522,5220,12
OTP,0,20110105,092522,5220,15
OTP,0,20110105,092522,5220,20
GENESIS,0,20110105,092524,241,350
RABA,0,20110105,092534,820,528
GENESIS,0,20110105,092546,240,316
GENESIS,0,20110105,092548,241,350
GENESIS,0,20110105,092549,241,150
GENESIS,0,20110105,092549,240,1550
MTELEKOM,0,20110105,092553,545,1830
RICHTER,0,20110105,092555,42685,11
RICHTER,0,20110105,092555,42685,11
GENESIS,0,20110105,092556,240,12
BUX1112,0,20110105,092558,22480,10
MTELEKOM,0,20110105,092601,545,3170
BUX1112,0,20110105,092606,22479.5,4
BUX1112,0,20110105,092606,22480,1
ORC,0,20110105,092608,1985,2
ORC,0,20110105,092608,1970,6
ORC,0,20110105,092608,1965,9
BUX1112,0,20110105,092616,22480,1
OTP,0,20110105,092635,5223,31
BUX1112,0,20110105,092656,22489,1
BUX1112,0,20110105,092656,22489.5,1
BUX1112,0,20110105,092656,22490,18
BUX1112,0,20110105,092656,22490,1
BUX1112,0,20110105,092706,22497,2
MTELEKOM,0,20110105,092718,545,4830
MTELEKOM,0,20110105,092718,545,170
OTP,0,20110105,092722,5220,1
OTP,0,20110105,092722,5220,20
MTELEKOM,0,20110105,092741,545,1643
BUX1112,0,20110105,092752,22490,1
OTP,0,20110105,092803,5216,16
BUX1112,0,20110105,092804,22490,3
OTP,0,20110105,092805,5220,20
OTP,0,20110105,092812,5220,20
OTP,0,20110105,092817,5220,200
OTP,0,20110105,092828,5220,151
BUX1112,0,20110105,092828,22481,4
BUX1112,0,20110105,092828,22480,3
MTELEKOM,0,20110105,092848,545,500
GENESIS,0,20110105,092849,242,300
RICHTER,0,20110105,092856,42655,18
PANNERGY,0,20110105,092856,921,800
PANNERGY,0,20110105,092856,920,200
RICHTER,0,20110105,092857,42655,2
SYNERGON,0,20110105,092911,485,100
SYNERGON,0,20110105,092911,485,100
SYNERGON,0,20110105,092911,484,180
OTP,0,20110105,092912,5218,272
OTP,0,20110105,092912,5218,100
BUX1112,0,20110105,092925,22480,1
BUX1112,0,20110105,092929,22480,12
OTP,0,20110105,092929,5217,30
OTP,0,20110105,092929,5215,100
OTP,0,20110105,092929,5213,40
OTP,0,20110105,092929,5211,20
KEG,0,20110105,092931,135,2100
RICHTER,0,20110105,092936,42700,30
RICHTER,0,20110105,092936,42700,16
BUX1112,0,20110105,092938,22480,3
GENESIS,0,20110105,092951,243,300
MTELEKOM,0,20110105,092955,544,656
MTELEKOM,0,20110105,092955,544,500
MTELEKOM,0,20110105,092955,544,100
MTELEKOM,0,20110105,092955,544,100
MTELEKOM,0,20110105,092955,544,1000
MTELEKOM,0,20110105,092955,544,2000
MTELEKOM,0,20110105,092957,544,172
KEG,0,20110105,092959,136,100
PANNERGY,0,20110105,093024,920,136
MTELEKOM,0,20110105,093034,544,472
MTELEKOM,0,20110105,093034,544,2000
MTELEKOM,0,20110105,093034,544,28
PANNERGY,0,20110105,093040,921,60
BUX1112,0,20110105,093048,22480,1
BUX1112,0,20110105,093048,22480,2
BUX1112,0,20110105,093053,22480,3
MTELEKOM,0,20110105,093055,544,1472
OTP,0,20110105,093127,5211,278
OTP,0,20110105,093127,5211,82
OTP,0,20110105,093127,5211,336
OTP,0,20110105,093127,5211,60
OTP,0,20110105,093127,5211,119
OTP,0,20110105,093127,5211,125
ORC,0,20110105,093130,1955,33
OTP,0,20110105,093131,5211,375
OTP,0,20110105,093131,5211,257
OTP,0,20110105,093131,5210,1283
OTP,0,20110105,093131,5210,1000
OTP,0,20110105,093131,5210,10
BUX1112,0,20110105,093141,22485,1
BUX1112,0,20110105,093142,22485,9
BUX1112,0,20110105,093142,22480,11
BUX1112,0,20110105,093149,22480,4
BUX1112,0,20110105,093149,22480,6
OTP,0,20110105,093149,5210,1000
MTELEKOM,0,20110105,093149,544,4528
GENESIS,0,20110105,093150,244,363
RABA,0,20110105,093154,820,14
RABA,0,20110105,093154,820,286
ORC,0,20110105,093159,1950,47
ORC,0,20110105,093159,1945,22
ORC,0,20110105,093159,1945,89
ORC,0,20110105,093159,1940,30
ORC,0,20110105,093159,1935,10
ORC,0,20110105,093159,1930,69
MTELEKOM,0,20110105,093215,543,10000
MTELEKOM,0,20110105,093215,543,610
MTELEKOM,0,20110105,093215,543,200
MTELEKOM,0,20110105,093215,543,4190
MTELEKOM,0,20110105,093215,543,450
MTELEKOM,0,20110105,093215,542,29
MTELEKOM,0,20110105,093215,542,1000
MTELEKOM,0,20110105,093215,542,150
MTELEKOM,0,20110105,093215,542,634
MTELEKOM,0,20110105,093215,542,366
MTELEKOM,0,20110105,093215,542,634
MTELEKOM,0,20110105,093215,542,1500
MTELEKOM,0,20110105,093215,542,616
MTELEKOM,0,20110105,093215,542,384
MTELEKOM,0,20110105,093215,542,100
MTELEKOM,0,20110105,093219,543,118
MTELEKOM,0,20110105,093219,544,282
OTP,0,20110105,093219,5207,22
OTP,0,20110105,093219,5205,1
OTP,0,20110105,093219,5205,177
OTP,0,20110105,093222,5205,323
OTP,0,20110105,093222,5205,131
OTP,0,20110105,093222,5203,300
OTP,0,20110105,093222,5203,17
OTP,0,20110105,093222,5203,229
GENESIS,0,20110105,093227,244,437
GENESIS,0,20110105,093227,244,373
BUX1112,0,20110105,093227,22480,5
OTP,0,20110105,093229,5203,271
OTP,0,20110105,093229,5203,100
OTP,0,20110105,093229,5202,400
OTP,0,20110105,093229,5202,82
OTP,0,20110105,093229,5202,147
BUX1112,0,20110105,093230,22480,9
BUX1112,0,20110105,093231,22480,1
PANNERGY,0,20110105,093231,921,100
OTP,0,20110105,093232,5202,153
OTP,0,20110105,093232,5202,118
OTP,0,20110105,093232,5201,250
OTP,0,20110105,093232,5201,40
OTP,0,20110105,093232,5201,439
BUX1112,0,20110105,093238,22480,2
OTP,0,20110105,093238,5201,561
OTP,0,20110105,093238,5201,439
OTP,0,20110105,093239,5201,561
OTP,0,20110105,093239,5201,439
OTP,0,20110105,093241,5201,1000
BUX1112,0,20110105,093241,22480,1
BUX1112,0,20110105,093242,22480,1
OTP,0,20110105,093245,5202,200
OTP,0,20110105,093249,5202,80
BUX1112,0,20110105,093252,22480,5
OTP,0,20110105,093259,5202,35
BUX1112,0,20110105,093300,22480,10
BUX1112,0,20110105,093300,22480,20
OTP,0,20110105,093303,5205,2500
OTP,0,20110105,093304,5205,16
OTP,0,20110105,093308,5205,2484
OTP,0,20110105,093309,5205,16
MOL,0,20110105,093314,21250,11
BUX1112,0,20110105,093316,22479,1
OTP,0,20110105,093317,5205,2000
BUX1112,0,20110105,093320,22480,40
BUX1112,0,20110105,093335,22480,30
BUX1112,0,20110105,093335,22480,1
OTP,0,20110105,093336,5210,1
OTP,0,20110105,093336,5210,400
BUX1112,0,20110105,093340,22470,5
MOL,0,20110105,093348,21200,107
BUX1112,0,20110105,093359,22470,1
OTP,0,20110105,093403,5216,50
OTP,0,20110105,093403,5217,11
OTP,0,20110105,093426,5215,1000
OTP,0,20110105,093433,5215,1000
BUX1112,0,20110105,093436,22470,19
BUX1112,0,20110105,093452,22466,1
MOL,0,20110105,093454,21200,5
OTP,0,20110105,093454,5215,1000
OTP,0,20110105,093454,5215,16
OTP,0,20110105,093457,5215,16
KEG,0,20110105,093458,136,196
KEG,0,20110105,093458,136,154
BUX1112,0,20110105,093501,22466,3
BUX1112,0,20110105,093501,22466,2
MOL,0,20110105,093503,21200,6
RABA,0,20110105,093506,820,214
RABA,0,20110105,093506,818,59
RABA,0,20110105,093506,816,100
RABA,0,20110105,093506,816,427
RABA,0,20110105,093506,816,73
RABA,0,20110105,093506,816,37
GENESIS,0,20110105,093519,243,300
GENESIS,0,20110105,093519,243,420
GENESIS,0,20110105,093519,243,500
OTP,0,20110105,093522,5215,228
OTP,0,20110105,093522,5215,149
MTELEKOM,0,20110105,093522,542,600
GENESIS,0,20110105,093528,242,400
RICHTER,0,20110105,093528,42615,23
RICHTER,0,20110105,093528,42615,12
RICHTER,0,20110105,093530,42615,16
OTP,0,20110105,093530,5210,300
BUX1112,0,20110105,093531,22466,2
BUX1112,0,20110105,093537,22466,3
BUX1112,0,20110105,093537,22465,27
KEG,0,20110105,093538,136,846
KEG,0,20110105,093538,137,104
KEG,0,20110105,093538,137,50
OTP,0,20110105,093540,5210,1299
BUX1112,0,20110105,093542,22465,3
BUX1112,0,20110105,093542,22460,16
BUX1112,0,20110105,093542,22460,11
BUX1112,0,20110105,093545,22460,9
MOL,0,20110105,093548,21200,55
GENESIS,0,20110105,093550,242,500
OTP,0,20110105,093550,5201,50
OTP,0,20110105,093550,5200,45
OTP,0,20110105,093550,5200,20
OTP,0,20110105,093550,5200,15
OTP,0,20110105,093550,5200,121
BUX1112,0,20110105,093551,22455,2
BUX1112,0,20110105,093551,22451,1
BUX1112,0,20110105,093551,22450,30
BUX1112,0,20110105,093551,22445,7
OTP,0,20110105,093553,5200,269
OTP,0,20110105,093553,5200,40
OTP,0,20110105,093553,5200,6000
OTP,0,20110105,093553,5200,80
OTP,0,20110105,093553,5200,58
OTP,0,20110105,093553,5200,20
OTP,0,20110105,093553,5200,1
OTP,0,20110105,093553,5200,10
OTP,0,20110105,093553,5200,149
GENESIS,0,20110105,093555,242,100
BUX1112,0,20110105,093557,22445,12
BUX1112,0,20110105,093557,22440,13
MOL,0,20110105,093605,21200,57
MOL,0,20110105,093605,21200,20
MOL,0,20110105,093605,21180,20
BUX1112,0,20110105,093605,22440,10
MOL,0,20110105,093606,21180,24
MOL,0,20110105,093606,21180,14
BUX1112,0,20110105,093607,22440,1
BUX1112,0,20110105,093609,22440,3
BUX1112,0,20110105,093612,22416,1
OTP,0,20110105,093619,5194,20
OTP,0,20110105,093619,5194,30
OTP,0,20110105,093619,5194,5
OTP,0,20110105,093619,5194,250
OTP,0,20110105,093621,5193,7
BUX1112,0,20110105,093623,22417,2
BUX1112,0,20110105,093623,22416,3
OTP,0,20110105,093623,5193,50
OTP,0,20110105,093625,5193,51
OTP,0,20110105,093625,5191,250
OTP,0,20110105,093625,5190,119
OTP,0,20110105,093625,5190,10
OTP,0,20110105,093625,5190,25
OTP,0,20110105,093625,5190,545
OTP,0,20110105,093625,5190,50
OTP,0,20110105,093627,5190,5
OTP,0,20110105,093635,5190,495
MTELEKOM,0,20110105,093642,542,2857
MTELEKOM,0,20110105,093644,542,59
MTELEKOM,0,20110105,093644,542,500
MTELEKOM,0,20110105,093644,542,307
OTP,0,20110105,093644,5190,1000
OTP,0,20110105,093645,5190,15
OTP,0,20110105,093651,5199,100
OTP,0,20110105,093654,5190,50
GENESIS,0,20110105,093657,242,400
GENESIS,0,20110105,093657,243,100
GENESIS,0,20110105,093659,242,280
RICHTER,0,20110105,093702,42690,30
RICHTER,0,20110105,093702,42695,12
RICHTER,0,20110105,093702,42695,20
OTP,0,20110105,093703,5199,15
MTELEKOM,0,20110105,093705,542,118
MTELEKOM,0,20110105,093705,542,82
OTP,0,20110105,093706,5190,50
MOL,0,20110105,093717,21175,44
RICHTER,0,20110105,093718,42610,14
MOL,0,20110105,093718,21175,56
MOL,0,20110105,093718,21170,25
MOL,0,20110105,093718,21165,10
MOL,0,20110105,093718,21165,9
OTP,0,20110105,093724,5191,20
OTP,0,20110105,093724,5190,30
MTELEKOM,0,20110105,093725,542,1280
MTELEKOM,0,20110105,093725,542,400
MTELEKOM,0,20110105,093725,541,185
MTELEKOM,0,20110105,093725,541,180
MTELEKOM,0,20110105,093725,541,200
MTELEKOM,0,20110105,093725,541,2755
MTELEKOM,0,20110105,093725,541,300
MTELEKOM,0,20110105,093725,541,800
MTELEKOM,0,20110105,093728,541,145
MTELEKOM,0,20110105,093728,541,395
MTELEKOM,0,20110105,093728,541,115
MOL,0,20110105,093730,21200,5
MOL,0,20110105,093730,21200,5
OTP,0,20110105,093731,5191,200
MTELEKOM,0,20110105,093732,541,85
MTELEKOM,0,20110105,093732,541,100
MTELEKOM,0,20110105,093732,540,300
MTELEKOM,0,20110105,093732,540,200
MTELEKOM,0,20110105,093732,540,600
MTELEKOM,0,20110105,093732,540,250
MTELEKOM,0,20110105,093732,540,1750
MTELEKOM,0,20110105,093732,540,650
MTELEKOM,0,20110105,093732,540,200
MTELEKOM,0,20110105,093732,540,110
MTELEKOM,0,20110105,093732,540,1850
MTELEKOM,0,20110105,093732,540,300
MTELEKOM,0,20110105,093732,540,410
MTELEKOM,0,20110105,093732,540,100
MTELEKOM,0,20110105,093732,540,400
MTELEKOM,0,20110105,093732,540,1000
MTELEKOM,0,20110105,093732,540,1000
MTELEKOM,0,20110105,093732,540,920
MTELEKOM,0,20110105,093732,540,300
MTELEKOM,0,20110105,093732,540,400
MTELEKOM,0,20110105,093732,540,1000
MTELEKOM,0,20110105,093732,540,500
MTELEKOM,0,20110105,093732,540,4000
MTELEKOM,0,20110105,093732,540,1918
MTELEKOM,0,20110105,093732,540,1000
MTELEKOM,0,20110105,093732,539,100
MTELEKOM,0,20110105,093732,539,50
MTELEKOM,0,20110105,093732,539,150
MTELEKOM,0,20110105,093732,539,2250
MTELEKOM,0,20110105,093732,539,150
MTELEKOM,0,20110105,093732,539,150
MTELEKOM,0,20110105,093732,538,450
MTELEKOM,0,20110105,093732,538,50
MTELEKOM,0,20110105,093732,538,210
MTELEKOM,0,20110105,093732,538,80
MTELEKOM,0,20110105,093732,538,1420
MTELEKOM,0,20110105,093732,538,800
OTP,0,20110105,093740,5191,50
OTP,0,20110105,093740,5190,950
BUX1112,0,20110105,093745,22439,2
BUX1112,0,20110105,093745,22440,2
OTP,0,20110105,093756,5195,200
BUX1112,0,20110105,093801,22421,2
OTP,0,20110105,093803,5195,16
MTELEKOM,0,20110105,093807,540,500
OTP,0,20110105,093807,5199,885
OTP,0,20110105,093807,5199,115
OTP,0,20110105,093813,5199,385
OTP,0,20110105,093813,5200,300
OTP,0,20110105,093813,5200,200
OTP,0,20110105,093813,5200,115
OTP,0,20110105,093816,5200,885
OTP,0,20110105,093816,5200,80
OTP,0,20110105,093816,5200,35
MTELEKOM,0,20110105,093827,540,157
MTELEKOM,0,20110105,093827,540,110
MTELEKOM,0,20110105,093827,540,412
MTELEKOM,0,20110105,093827,540,602
MTELEKOM,0,20110105,093827,540,2000
OTP,0,20110105,093828,5200,19
MTELEKOM,0,20110105,093829,540,2743
MTELEKOM,0,20110105,093830,540,976
MOL,0,20110105,093830,21170,172
OTP,0,20110105,093831,5200,46
OTP,0,20110105,093831,5200,90
BUX1112,0,20110105,093832,22440,5
BUX1112,0,20110105,093837,22440,25
BUX1112,0,20110105,093837,22425,2
MTELEKOM,0,20110105,093838,540,100
BUX1112,0,20110105,093844,22440,10
BUX1112,0,20110105,093844,22440,10
BUX1112,0,20110105,093848,22440,5
FHB,0,20110105,093850,970,300
MOL,0,20110105,093854,21170,78
BUX1112,0,20110105,093854,22450,10
BUX1112,0,20110105,093854,22450,5
BUX1112,0,20110105,093854,22450,1
BUX1112,0,20110105,093902,22465,2
BUX1112,0,20110105,093902,22469,2
OTP,0,20110105,093907,5204,100
MTELEKOM,0,20110105,093912,539,5000
OTP,0,20110105,093915,5204,148
OTP,0,20110105,093915,5201,100
OTP,0,20110105,093915,5201,30
OTP,0,20110105,093915,5200,222
OTP,0,20110105,093916,5200,500
RICHTER,0,20110105,093919,42615,23
RICHTER,0,20110105,093919,42610,66
RICHTER,0,20110105,093923,42610,471
OTP,0,20110105,093926,5200,142
MTELEKOM,0,20110105,093929,539,100
MTELEKOM,0,20110105,093929,539,400
OTP,0,20110105,093930,5200,20
RICHTER,0,20110105,093930,42750,7
RICHTER,0,20110105,093930,42750,1
RICHTER,0,20110105,093930,42750,2
MOL,0,20110105,093932,21170,7
RICHTER,0,20110105,093933,42750,22
OTP,0,20110105,093935,5200,150
BUX1112,0,20110105,093942,22468,2
BUX1112,0,20110105,093942,22470,1
MTELEKOM,0,20110105,093947,539,1975
BUX1112,0,20110105,093948,22470,21
BUX1112,0,20110105,093956,22478,1
BUX1112,0,20110105,093956,22485,1
OTP,0,20110105,094005,5197,100
OTP,0,20110105,094005,5195,784
OTP,0,20110105,094005,5193,100
OTP,0,20110105,094005,5191,16
MTELEKOM,0,20110105,094012,539,2525
MTELEKOM,0,20110105,094012,539,500
BUX1112,0,20110105,094018,22470,1
BUX1112,0,20110105,094019,22470,19
MOL,0,20110105,094025,21170,15
MOL,0,20110105,094025,21165,171
MOL,0,20110105,094025,21160,90
MOL,0,20110105,094025,21155,100
MOL,0,20110105,094025,21155,134
MTELEKOM,0,20110105,094036,539,1475
MTELEKOM,0,20110105,094036,539,525
BUX1112,0,20110105,094038,22470,1
BUX1112,0,20110105,094038,22470,5
BUX1112,0,20110105,094040,22470,10
BUX1112,0,20110105,094046,22470,20
BUX1112,0,20110105,094054,22470,20
BUX1112,0,20110105,094101,22470,20
MOL,0,20110105,094101,21155,100
MOL,0,20110105,094103,21155,66
MOL,0,20110105,094103,21150,34
MOL,0,20110105,094103,21150,50
BUX1112,0,20110105,094105,22470,20
RABA,0,20110105,094108,820,600
OTP,0,20110105,094114,5192,100
OTP,0,20110105,094114,5192,200
OTP,0,20110105,094114,5191,384
OTP,0,20110105,094114,5191,100
OTP,0,20110105,094114,5190,20
OTP,0,20110105,094114,5190,196
MOL,0,20110105,094117,21200,3
OTP,0,20110105,094133,5190,804
OTP,0,20110105,094133,5190,100
OTP,0,20110105,094133,5190,96
GENESIS,0,20110105,094133,241,500
GENESIS,0,20110105,094133,240,80
OTP,0,20110105,094134,5195,42
OTP,0,20110105,094139,5190,404
BUX1112,0,20110105,094147,22455,10
BUX1112,0,20110105,094147,22450,20
MTELEKOM,0,20110105,094149,540,200
OTP,0,20110105,094150,5190,596
OTP,0,20110105,094150,5190,251
BUX1112,0,20110105,094158,22469,2
BUX1112,0,20110105,094158,22470,1
BUX1112,0,20110105,094158,22470,4
BUX1112,0,20110105,094158,22470,12
GENESIS,0,20110105,094159,240,90
BUX1112,0,20110105,094201,22470,10
OTP,0,20110105,094208,5190,653
OTP,0,20110105,094208,5190,847
BUX1112,0,20110105,094212,22450,12
BUX1112,0,20110105,094215,22440,10
BUX1112,0,20110105,094215,22450,10
MOL,0,20110105,094217,21155,25
MTELEKOM,0,20110105,094222,540,400
OTP,0,20110105,094225,5190,60
OTP,0,20110105,094226,5190,593
OTP,0,20110105,094226,5190,907
OTP,0,20110105,094228,5190,593
OTP,0,20110105,094228,5187,80
OTP,0,20110105,094228,5187,400
OTP,0,20110105,094228,5187,100
OTP,0,20110105,094228,5186,3000
BUX1112,0,20110105,094231,22433,10
BUX1112,0,20110105,094231,22422,1
BUX1112,0,20110105,094231,22420,25
MTELEKOM,0,20110105,094233,540,500
BUX1112,0,20110105,094233,22415,30
BUX1112,0,20110105,094236,22420,3
RFV,0,20110105,094237,8461,15
RFV,0,20110105,094237,8460,15
RFV,0,20110105,094237,8455,40
RFV,0,20110105,094237,8450,30
OTP,0,20110105,094237,5186,60
OTP,0,20110105,094244,5185,8
OTP,0,20110105,094244,5185,9
OTP,0,20110105,094244,5185,500
OTP,0,20110105,094244,5185,20
OTP,0,20110105,094244,5183,75
OTP,0,20110105,094244,5182,50
OTP,0,20110105,094244,5182,300
OTP,0,20110105,094244,5181,50
OTP,0,20110105,094244,5181,3000
OTP,0,20110105,094244,5180,132
OTP,0,20110105,094244,5180,100
OTP,0,20110105,094244,5180,195
OTP,0,20110105,094244,5180,50
OTP,0,20110105,094244,5180,511
OTP,0,20110105,094244,5180,439
OTP,0,20110105,094244,5180,182
OTP,0,20110105,094244,5180,97
OTP,0,20110105,094244,5180,282
OTP,0,20110105,094244,5180,400
OTP,0,20110105,094244,5180,200
OTP,0,20110105,094245,5183,10
OTP,0,20110105,094248,5186,50
OTP,0,20110105,094248,5186,1000
OTP,0,20110105,094248,5180,158
OTP,0,20110105,094248,5180,50
BUX1112,0,20110105,094249,22411,1
BUX1112,0,20110105,094249,22410,50
BUX1112,0,20110105,094249,22408,3
BUX1112,0,20110105,094249,22405,2
BUX1112,0,20110105,094249,22404,60
BUX1112,0,20110105,094249,22402,1
BUX1112,0,20110105,094249,22401,10
BUX1112,0,20110105,094249,22400,1
BUX1112,0,20110105,094249,22400,50
BUX1112,0,20110105,094249,22388,1
BUX1112,0,20110105,094249,22387,1
BUX1112,0,20110105,094249,22385.5,1
BUX1112,0,20110105,094249,22381,1
BUX1112,0,20110105,094249,22380,3
BUX1112,0,20110105,094249,22380,10
BUX1112,0,20110105,094249,22380,50
BUX1112,0,20110105,094249,22370,1
BUX1112,0,20110105,094249,22364,1
BUX1112,0,20110105,094249,22360,1
BUX1112,0,20110105,094249,22355,5
BUX1112,0,20110105,094249,22355,2
BUX1112,0,20110105,094249,22351,1
BUX1112,0,20110105,094249,22350,2
BUX1112,0,20110105,094249,22350,1
BUX1112,0,20110105,094249,22350,6
BUX1112,0,20110105,094249,22350,9
BUX1112,0,20110105,094249,22330,2
BUX1112,0,20110105,094249,22327,1
BUX1112,0,20110105,094249,22325,1
BUX1112,0,20110105,094249,22325,1
BUX1112,0,20110105,094249,22325,2
BUX1112,0,20110105,094249,22325,1
BUX1112,0,20110105,094252,22350,2
BUX1112,0,20110105,094252,22350,1
MOL,0,20110105,094254,21150,100
BUX1112,0,20110105,094255,22370,1
MTELEKOM,0,20110105,094258,540,570
MOL,0,20110105,094259,21155,100
MOL,0,20110105,094301,21155,47
GENESIS,0,20110105,094303,239,100
MOL,0,20110105,094305,21155,28
RICHTER,0,20110105,094305,42680,19
MOL,0,20110105,094306,21150,499
MOL,0,20110105,094307,21150,100
OTP,0,20110105,094308,5176,4
OTP,0,20110105,094308,5175,35
BUX1112,0,20110105,094309,22370,4
BUX1112,0,20110105,094309,22370,1
BUX1112,0,20110105,094309,22380,10
OTP,0,20110105,094309,5180,50
RICHTER,0,20110105,094310,42680,52
RICHTER,0,20110105,094310,42680,28
OTP,0,20110105,094311,5176,12
OTP,0,20110105,094311,5180,188
BUX1112,0,20110105,094312,22352,1
OTP,0,20110105,094313,5175,10
MTELEKOM,0,20110105,094314,540,1000
MOL,0,20110105,094320,21150,100
MOL,0,20110105,094321,21155,120
MTELEKOM,0,20110105,094324,539,4475
MTELEKOM,0,20110105,094324,539,2000
MTELEKOM,0,20110105,094324,539,3525
MOL,0,20110105,094325,21155,30
MOL,0,20110105,094325,21150,70
BUX1112,0,20110105,094325,22399,15
MOL,0,20110105,094330,21150,46
MOL,0,20110105,094330,21150,54
MTELEKOM,0,20110105,094331,540,740
MOL,0,20110105,094331,21150,150
MOL,0,20110105,094332,21150,12
BUX1112,0,20110105,094334,22365,1
MOL,0,20110105,094338,21150,100
OTP,0,20110105,094338,5176,30
OTP,0,20110105,094338,5176,80
OTP,0,20110105,094338,5176,149
OTP,0,20110105,094338,5176,149
OTP,0,20110105,094338,5176,238
OTP,0,20110105,094338,5175,126
OTP,0,20110105,094338,5175,200
OTP,0,20110105,094338,5175,250
OTP,0,20110105,094338,5175,882
OTP,0,20110105,094339,5175,20
BUX1112,0,20110105,094342,22390,5
OTP,0,20110105,094342,5180,4
OTP,0,20110105,094342,5180,996
OTP,0,20110105,094343,5180,4
OTP,0,20110105,094343,5180,46
OTP,0,20110105,094344,5175,98
MOL,0,20110105,094346,21150,184
MOL,0,20110105,094346,21150,10
MOL,0,20110105,094346,21150,6
OTP,0,20110105,094346,5174,100
OTP,0,20110105,094346,5174,100
OTP,0,20110105,094346,5174,100
MOL,0,20110105,094347,21150,100
OTP,0,20110105,094348,5175,202
MOL,0,20110105,094349,21150,94
MOL,0,20110105,094349,21135,6
MOL,0,20110105,094349,21135,47
GENESIS,0,20110105,094352,239,60
GENESIS,0,20110105,094358,240,325
OTP,0,20110105,094359,5177,200
OTP,0,20110105,094359,5176,500
OTP,0,20110105,094359,5174,400
OTP,0,20110105,094359,5173,2000
OTP,0,20110105,094359,5172,100
OTP,0,20110105,094359,5170,35
OTP,0,20110105,094359,5170,1000
OTP,0,20110105,094359,5170,765
BUX1112,0,20110105,094402,22370,1
OTP,0,20110105,094415,5170,99
OTP,0,20110105,094415,5170,30
OTP,0,20110105,094415,5170,100
OTP,0,20110105,094415,5170,1500
OTP,0,20110105,094415,5170,200
OTP,0,20110105,094415,5170,1000
OTP,0,20110105,094415,5170,40
OTP,0,20110105,094415,5170,2
MTELEKOM,0,20110105,094419,540,25
MTELEKOM,0,20110105,094419,540,975
BUX1112,0,20110105,094420,22370,10
BUX1112,0,20110105,094421,22370,10
BUX1112,0,20110105,094421,22370,9
OTP,0,20110105,094422,5168,20
OTP,0,20110105,094422,5165,30
OTP,0,20110105,094422,5170,40
OTP,0,20110105,094424,5170,20
RICHTER,0,20110105,094425,42610,600
BUX1112,0,20110105,094425,22370,1
MOL,0,20110105,094425,21135,50
BUX1112,0,20110105,094428,22399,1
MOL,0,20110105,094431,21135,97
MOL,0,20110105,094431,21110,300
MOL,0,20110105,094431,21105,103
MOL,0,20110105,094431,21105,197
MOL,0,20110105,094431,21105,300
MOL,0,20110105,094431,21105,3
PANNERGY,0,20110105,094431,921,750
MOL,0,20110105,094434,21105,97
MOL,0,20110105,094434,21100,25
MOL,0,20110105,094434,21100,100
MOL,0,20110105,094434,21100,10
MOL,0,20110105,094434,21100,100
MOL,0,20110105,094434,21100,20
OTP,0,20110105,094436,5165,5
MOL,0,20110105,094442,21080,4
MOL,0,20110105,094442,21080,1
MOL,0,20110105,094442,21080,50
MOL,0,20110105,094442,21075,10
MOL,0,20110105,094442,21065,70
MOL,0,20110105,094442,21060,6
MOL,0,20110105,094442,21055,20
MOL,0,20110105,094442,21055,30
MOL,0,20110105,094442,21050,100
MOL,0,20110105,094442,21050,13
OTP,0,20110105,094442,5165,15
OTP,0,20110105,094442,5165,25
OTP,0,20110105,094442,5165,10
MOL,0,20110105,094447,21100,8
OTP,0,20110105,094449,5166,100
OTP,0,20110105,094455,5170,999
OTP,0,20110105,094455,5170,501
MTELEKOM,0,20110105,094455,540,1000
MTELEKOM,0,20110105,094459,540,46
MTELEKOM,0,20110105,094459,540,64
OTP,0,20110105,094500,5166,400
OTP,0,20110105,094500,5166,168
OTP,0,20110105,094500,5165,90
OTP,0,20110105,094500,5165,142
OTP,0,20110105,094501,5170,499
OTP,0,20110105,094501,5170,50
OTP,0,20110105,094501,5170,500
MTELEKOM,0,20110105,094503,540,904
MTELEKOM,0,20110105,094503,540,46
OTP,0,20110105,094504,5170,12
OTP,0,20110105,094505,5170,100
MTELEKOM,0,20110105,094506,540,321
MTELEKOM,0,20110105,094506,540,509
PANNERGY,0,20110105,094507,921,90
OTP,0,20110105,094508,5170,339
OTP,0,20110105,094508,5165,358
OTP,0,20110105,094508,5165,20
OTP,0,20110105,094508,5162,25
OTP,0,20110105,094508,5161,8
MTELEKOM,0,20110105,094508,540,166
MTELEKOM,0,20110105,094508,540,33
MTELEKOM,0,20110105,094508,540,167
MOL,0,20110105,094510,21050,150
OTP,0,20110105,094511,5161,50
OTP,0,20110105,094511,5161,25
OTP,0,20110105,094511,5161,25
KEG,0,20110105,094513,135,100
KEG,0,20110105,094513,135,22
BUX1112,0,20110105,094514,22371,2
BUX1112,0,20110105,094514,22370,1
BUX1112,0,20110105,094515,22370,4
BUX1112,0,20110105,094515,22369,5
BUX1112,0,20110105,094515,22368,1
BUX1112,0,20110105,094515,22366,1
BUX1112,0,20110105,094515,22366,1
BUX1112,0,20110105,094515,22365,8
OTP,0,20110105,094518,5167,200
OTP,0,20110105,094518,5161,175
OTP,0,20110105,094518,5161,250
OTP,0,20110105,094518,5160,80
OTP,0,20110105,094518,5160,9
OTP,0,20110105,094518,5160,210
OTP,0,20110105,094518,5160,13
OTP,0,20110105,094518,5160,1000
OTP,0,20110105,094518,5160,63
OTP,0,20110105,094518,5160,37
OTP,0,20110105,094518,5160,20
OTP,0,20110105,094518,5160,50
OTP,0,20110105,094518,5160,100
OTP,0,20110105,094518,5160,100
OTP,0,20110105,094518,5160,1150
OTP,0,20110105,094518,5158,400
OTP,0,20110105,094518,5156,1500
OTP,0,20110105,094518,5155,100
OTP,0,20110105,094518,5155,20
OTP,0,20110105,094518,5155,80
OTP,0,20110105,094518,5155,195
OTP,0,20110105,094518,5155,100
OTP,0,20110105,094518,5154,400
OTP,0,20110105,094518,5153,479
OTP,0,20110105,094518,5153,32
OTP,0,20110105,094518,5153,70
OTP,0,20110105,094518,5153,100
OTP,0,20110105,094518,5170,30
BUX1112,0,20110105,094521,22365,10
BUX1112,0,20110105,094531,22371,3
MOL,0,20110105,094533,21055,30
MOL,0,20110105,094533,21055,17
GENESIS,0,20110105,094536,240,500
FOTEX,0,20110105,094540,386,200
BUX1112,0,20110105,094557,22371,1
OTP,0,20110105,094559,5165,25
OTP,0,20110105,094559,5170,970
OTP,0,20110105,094559,5170,500
OTP,0,20110105,094559,5170,400
OTP,0,20110105,094559,5170,50
OTP,0,20110105,094559,5179,50
OTP,0,20110105,094559,5180,2
OTP,0,20110105,094559,5180,20
GENESIS,0,20110105,094601,239,340
GENESIS,0,20110105,094601,239,400
GENESIS,0,20110105,094601,239,500
GENESIS,0,20110105,094601,239,500
GENESIS,0,20110105,094601,238,1000
GENESIS,0,20110105,094601,238,260
GENESIS,0,20110105,094601,238,740
GENESIS,0,20110105,094601,238,160
OTP,0,20110105,094601,5162,52
BUX1112,0,20110105,094601,22389,1
BUX1112,0,20110105,094601,22390,1
BUX1112,0,20110105,094601,22398.5,1
GENESIS,0,20110105,094601,240,175
FHB,0,20110105,094604,970,250
FHB,0,20110105,094604,969,100
FHB,0,20110105,094604,968,40
MTELEKOM,0,20110105,094608,539,4475
MTELEKOM,0,20110105,094608,539,1000
MTELEKOM,0,20110105,094609,539,2000
OTP,0,20110105,094616,5169,150
OTP,0,20110105,094617,5169,29
BUX1112,0,20110105,094623,22372,5
BUX1112,0,20110105,094623,22371,6
BUX1112,0,20110105,094623,22371,5
BUX1112,0,20110105,094623,22370,20
BUX1112,0,20110105,094627,22370,1
BUX1112,0,20110105,094627,22370,2
BUX1112,0,20110105,094628,22370,11
RICHTER,0,20110105,094631,42525,10
RICHTER,0,20110105,094631,42520,20
RICHTER,0,20110105,094632,42520,130
BUX1112,0,20110105,094633,22370,3
BUX1112,0,20110105,094633,22365,1
BUX1112,0,20110105,094633,22360,6
GENESIS,0,20110105,094638,242,65
PANNERGY,0,20110105,094641,920,67
PANNERGY,0,20110105,094641,920,400
PANNERGY,0,20110105,094641,920,30
PANNERGY,0,20110105,094641,918,350
PANNERGY,0,20110105,094641,917,153
BUX1112,0,20110105,094641,22361,6
OTP,0,20110105,094649,5175,50
FHB,0,20110105,094653,966,175
FHB,0,20110105,094653,965,10
FHB,0,20110105,094653,965,500
FHB,0,20110105,094653,965,258
MTELEKOM,0,20110105,094659,538,310
PANNERGY,0,20110105,094702,917,447
PANNERGY,0,20110105,094702,917,53
RICHTER,0,20110105,094703,42565,10
RICHTER,0,20110105,094703,42570,22
RICHTER,0,20110105,094703,42580,137
BUX1112,0,20110105,094705,22370,20
BUX1112,0,20110105,094707,22370,13
BUX1112,0,20110105,094707,22370,7
BUX1112,0,20110105,094709,22370,3
BUX1112,0,20110105,094713,22370,17
BUX1112,0,20110105,094713,22370,5
OTP,0,20110105,094714,5180,20
BUX1112,0,20110105,094715,22370,3
BUX1112,0,20110105,094715,22370,20
PANNERGY,0,20110105,094716,917,47
PANNERGY,0,20110105,094716,916,503
MOL,0,20110105,094717,21100,20
BUX1112,0,20110105,094718,22370,5
OTP,0,20110105,094721,5177,28
BUX1112,0,20110105,094724,22370,15
BUX1112,0,20110105,094724,22370,10
BUX1112,0,20110105,094724,22370,20
BUX1112,0,20110105,094725,22366,4
BUX1112,0,20110105,094725,22360,9
BUX1112,0,20110105,094725,22350.5,2
BUX1112,0,20110105,094725,22350,30
BUX1112,0,20110105,094725,22350,5
BUX1112,0,20110105,094726,22370,5
GENESIS,0,20110105,094728,239,144
MTELEKOM,0,20110105,094728,538,470
MTELEKOM,0,20110105,094728,538,530
BUX1112,0,20110105,094732,22370,20
BUX1112,0,20110105,094734,22370,6
BUX1112,0,20110105,094734,22370,20
GENESIS,0,20110105,094735,242,445
MTELEKOM,0,20110105,094736,539,2000
MTELEKOM,0,20110105,094737,539,525
MTELEKOM,0,20110105,094737,539,200
MTELEKOM,0,20110105,094739,538,1000
MTELEKOM,0,20110105,094739,538,100
MTELEKOM,0,20110105,094739,538,800
MTELEKOM,0,20110105,094739,538,900
MTELEKOM,0,20110105,094739,538,400
MTELEKOM,0,20110105,094739,538,300
MTELEKOM,0,20110105,094739,538,1000
MTELEKOM,0,20110105,094739,538,246
MTELEKOM,0,20110105,094739,538,110
MTELEKOM,0,20110105,094739,538,1900
PANNERGY,0,20110105,094739,918,50
BUX1112,0,20110105,094743,22370,4
GENESIS,0,20110105,094743,242,55
PANNERGY,0,20110105,094746,916,397
PANNERGY,0,20110105,094746,916,290
PANNERGY,0,20110105,094746,915,900
PANNERGY,0,20110105,094746,915,13
BUX1112,0,20110105,094747,22370,6
BUX1112,0,20110105,094747,22370,10
BUX1112,0,20110105,094750,22355,5
RABA,0,20110105,094800,816,113
RABA,0,20110105,094800,816,100
RABA,0,20110105,094800,816,200
RABA,0,20110105,094800,816,300
RABA,0,20110105,094800,815,1016
RABA,0,20110105,094800,815,72
PANNERGY,0,20110105,094803,915,487
PANNERGY,0,20110105,094803,915,98
BUX1112,0,20110105,094804,22365,18
OTP,0,20110105,094808,5180,612
OTP,0,20110105,094808,5180,1588
OTP,0,20110105,094808,5177,17
OTP,0,20110105,094809,5177,182
OTP,0,20110105,094809,5175,18
MTELEKOM,0,20110105,094814,540,833
MTELEKOM,0,20110105,094814,540,693
MTELEKOM,0,20110105,094814,540,321
MTELEKOM,0,20110105,094814,540,815
MTELEKOM,0,20110105,094814,540,115
BUX1112,0,20110105,094815,22370,34
BUX1112,0,20110105,094817,22365,1
OTP,0,20110105,094834,5177,331
OTP,0,20110105,094834,5175,82
OTP,0,20110105,094834,5175,87
KEG,0,20110105,094834,136,250
MOL,0,20110105,094841,21175,20
FOTEX,0,20110105,094847,384,111
FOTEX,0,20110105,094847,383,250
FOTEX,0,20110105,094847,383,639
OTP,0,20110105,094858,5180,300
OTP,0,20110105,094914,5180,87
KEG,0,20110105,094926,135,52
KEG,0,20110105,094926,135,9948
OTP,0,20110105,094926,5180,944
GENESIS,0,20110105,094932,244,50
BUX1112,0,20110105,094939,22390,1
BUX1112,0,20110105,094939,22399,1
BUX1112,0,20110105,094939,22399,50
MTELEKOM,0,20110105,094941,538,500
MTELEKOM,0,20110105,094941,538,800
MTELEKOM,0,20110105,094941,538,311
MTELEKOM,0,20110105,094941,538,766
MTELEKOM,0,20110105,094941,538,100
MTELEKOM,0,20110105,094941,538,500
MTELEKOM,0,20110105,094941,538,23
KEG,0,20110105,094958,136,100
MTELEKOM,0,20110105,095005,538,2977
MTELEKOM,0,20110105,095005,538,50
MTELEKOM,0,20110105,095005,538,3000
MTELEKOM,0,20110105,095005,538,1500
MTELEKOM,0,20110105,095005,538,2361
MTELEKOM,0,20110105,095005,538,200
MTELEKOM,0,20110105,095010,538,800
OTP,0,20110105,095029,5184,100
MTELEKOM,0,20110105,095031,537,500
MTELEKOM,0,20110105,095031,537,200
MTELEKOM,0,20110105,095031,537,1300
MTELEKOM,0,20110105,095031,537,700
MTELEKOM,0,20110105,095041,538,9112
MOL,0,20110105,095045,21125,100
EBGOLD,0,20110105,095048,2890,40
MTELEKOM,0,20110105,095053,538,268
ANY,0,20110105,095055,730,10
MTELEKOM,0,20110105,095100,539,400
MTELEKOM,0,20110105,095108,539,400
MTELEKOM,0,20110105,095109,538,10000
GSPARK,0,20110105,095110,795,50
GSPARK,0,20110105,095110,790,370
BUX1112,0,20110105,095115,22375,1
BUX1112,0,20110105,095115,22373,1
BUX1112,0,20110105,095115,22372,3
MTELEKOM,0,20110105,095132,539,200
OTP,0,20110105,095133,5185,50
KEG,0,20110105,095144,136,50
BUX1112,0,20110105,095144,22399,19
BUX1112,0,20110105,095146,22399,1
OTP,0,20110105,095147,5185,32
OTP,0,20110105,095147,5185,68
GENESIS,0,20110105,095148,243,400
GENESIS,0,20110105,095148,244,77
GENESIS,0,20110105,095148,244,500
GENESIS,0,20110105,095148,244,1000
GENESIS,0,20110105,095148,245,23
OTP,0,20110105,095150,5185,59
OTP,0,20110105,095150,5185,40
OTP,0,20110105,095150,5180,56
OTP,0,20110105,095156,5180,30
GENESIS,0,20110105,095158,245,177
GENESIS,0,20110105,095158,245,598
MTELEKOM,0,20110105,095210,539,14
MTELEKOM,0,20110105,095210,539,200
RICHTER,0,20110105,095215,42515,9
RICHTER,0,20110105,095215,42510,11
RICHTER,0,20110105,095217,42510,9
RICHTER,0,20110105,095219,42515,19
RICHTER,0,20110105,095220,42515,35
OTP,0,20110105,095223,5180,200
FHB,0,20110105,095227,962,100
FHB,0,20110105,095227,961,50
FHB,0,20110105,095227,961,200
FHB,0,20110105,095227,960,500
FHB,0,20110105,095227,960,150
OTP,0,20110105,095232,5175,113
OTP,0,20110105,095232,5175,50
OTP,0,20110105,095232,5175,337
PANNERGY,0,20110105,095252,911,5
PANNERGY,0,20110105,095252,911,200
PANNERGY,0,20110105,095252,910,300
PANNERGY,0,20110105,095252,910,220
PANNERGY,0,20110105,095252,909,127
PANNERGY,0,20110105,095252,908,22
PANNERGY,0,20110105,095252,908,126
PANNERGY,0,20110105,095252,908,457
PANNERGY,0,20110105,095252,908,80
MTELEKOM,0,20110105,095253,538,1000
BUX1112,0,20110105,095302,22376,1
BUX1112,0,20110105,095302,22372,4
BUX1112,0,20110105,095302,22371,10
BUX1112,0,20110105,095302,22370,5
OTP,0,20110105,095303,5180,115
MTELEKOM,0,20110105,095303,538,501
BUX1112,0,20110105,095306,22370,1
BUX1112,0,20110105,095306,22370,30
OTP,0,20110105,095313,5180,16
PANNERGY,0,20110105,095314,908,187
PANNERGY,0,20110105,095314,908,100
PANNERGY,0,20110105,095316,906,100
BUX1112,0,20110105,095318,22365,4
PANNERGY,0,20110105,095318,905,100
PANNERGY,0,20110105,095318,904,500
PANNERGY,0,20110105,095320,903,13
BUX1112,0,20110105,095322,22370,8
BUX1112,0,20110105,095330,22370,11
BUX1112,0,20110105,095330,22370,5
MTELEKOM,0,20110105,095346,538,500
OTP,0,20110105,095350,5180,38
BUX1112,0,20110105,095355,22365,7
BUX1112,0,20110105,095355,22360,1
BUX1112,0,20110105,095355,22356,7
PANNERGY,0,20110105,095419,909,60
PANNERGY,0,20110105,095419,910,48
OTP,0,20110105,095421,5183,30
OTP,0,20110105,095421,5183,135
OTP,0,20110105,095427,5180,400
BUX1112,0,20110105,095433,22389,1
OTP,0,20110105,095434,5183,65
OTP,0,20110105,095434,5185,100
OTP,0,20110105,095434,5186,25
OTP,0,20110105,095434,5187,210
OTP,0,20110105,095434,5188,12
OTP,0,20110105,095434,5188,15
OTP,0,20110105,095434,5188,50
OTP,0,20110105,095434,5188,200
OTP,0,20110105,095434,5188,1223
ECONET,0,20110105,095435,89,1278
MOL,0,20110105,095436,21130,25
MOL,0,20110105,095436,21130,25
MTELEKOM,0,20110105,095436,539,935
OTP,0,20110105,095450,5181,217
OTP,0,20110105,095450,5180,783
OTP,0,20110105,095455,5180,148
OTP,0,20110105,095455,5175,142
BUX1112,0,20110105,095526,22370,3
BUX1112,0,20110105,095530,22370,1
OTP,0,20110105,095531,5180,210
BUX1112,0,20110105,095541,22370,1
BUX1112,0,20110105,095542,22370,25
OTP,0,20110105,095543,5176,80
MOL,0,20110105,095605,21180,4
OTP,0,20110105,095608,5180,1195
OTP,0,20110105,095611,5180,95
GENESIS,0,20110105,095624,242,272
OTP,0,20110105,095639,5180,57
BUX1112,0,20110105,095640,22388,5
OTP,0,20110105,095649,5180,10
OTP,0,20110105,095716,5185,200
MTELEKOM,0,20110105,095717,539,100
BUX1112,0,20110105,095752,22387,1
BUX1112,0,20110105,095752,22388,5
BUX1112,0,20110105,095752,22389,7
BUX1112,0,20110105,095752,22389,30
BUX1112,0,20110105,095752,22389,2
BUX1112,0,20110105,095752,22390,15
OTP,0,20110105,095758,5185,338
BUX1112,0,20110105,095801,22389,30
PANNERGY,0,20110105,095801,910,452
OTP,0,20110105,095801,5185,65
GENESIS,0,20110105,095803,242,200
RICHTER,0,20110105,095817,42525,30
OTP,0,20110105,095818,5182,9
OTP,0,20110105,095820,5182,7
OTP,0,20110105,095820,5185,312
GENESIS,0,20110105,095827,242,470
RICHTER,0,20110105,095828,42520,24
RICHTER,0,20110105,095828,42525,42
RICHTER,0,20110105,095829,42525,134
RICHTER,0,20110105,095830,42645,10
RICHTER,0,20110105,095830,42645,9
GENESIS,0,20110105,095832,244,50
BUX1112,0,20110105,095837,22390,35
BUX1112,0,20110105,095840,22390,4
RICHTER,0,20110105,095841,42645,18
RICHTER,0,20110105,095841,42645,13
BUX1112,0,20110105,095850,22390,1
BUX1112,0,20110105,095850,22390,14
RICHTER,0,20110105,095851,42645,7
BUX1112,0,20110105,095856,22395,1
BUX1112,0,20110105,095856,22399,1
BUX1112,0,20110105,095856,22399,50
RICHTER,0,20110105,095856,42650,27
MOL,0,20110105,095904,21135,50
MOL,0,20110105,095904,21130,22
OTP,0,20110105,095911,5185,70
TVK,0,20110105,095916,3410,30
MTELEKOM,0,20110105,095922,539,1000
OTP,0,20110105,095924,5182,19
BUX1112,0,20110105,095932,22399,40
BUX1112,0,20110105,095937,22424,2
BUX1112,0,20110105,095942,22424,2
OTP,0,20110105,095945,5185,15
OTP,0,20110105,095945,5187,430
OTP,0,20110105,095945,5188,1055
OTP,0,20110105,095948,5188,1500
OTP,0,20110105,095950,5188,1500
MOL,0,20110105,100000,21130,14
MTELEKOM,0,20110105,100007,538,400
MTELEKOM,0,20110105,100014,539,280
MOL,0,20110105,100014,21130,39
MOL,0,20110105,100014,21130,20
MOL,0,20110105,100014,21130,10
BUX1112,0,20110105,100017,22400,2
EMASZ,0,20110105,100028,21555,2
MOL,0,20110105,100031,21130,1
MTELEKOM,0,20110105,100039,539,170
GENESIS,0,20110105,100040,242,58
GENESIS,0,20110105,100040,241,400
GENESIS,0,20110105,100040,241,42
MOL,0,20110105,100054,21150,200
OTP,0,20110105,100137,5188,100
GENESIS,0,20110105,100140,244,10
OTP,0,20110105,100144,5188,1000
RICHTER,0,20110105,100157,42610,11
FOTEX,0,20110105,100209,383,126
MTELEKOM,0,20110105,100216,539,1227
GENESIS,0,20110105,100222,242,30
MTELEKOM,0,20110105,100225,539,442
BUX1112,0,20110105,100230,22400,1
EGIS,0,20110105,100236,20150,42
EGIS,0,20110105,100236,20200,1
MTELEKOM,0,20110105,100242,539,2000
RICHTER,0,20110105,100242,42610,2
RICHTER,0,20110105,100243,42660,30
HUMET,0,20110105,100243,9,5000
HUMET,0,20110105,100243,9,2200
HUMET,0,20110105,100243,9,2800
OTP,0,20110105,100245,5187,151
GENESIS,0,20110105,100246,241,158
GENESIS,0,20110105,100246,241,12
OTP,0,20110105,100259,5188,20
MTELEKOM,0,20110105,100302,539,2000
BUX1112,0,20110105,100303,22400,3
BUX1112,0,20110105,100303,22400,1
BUX1112,0,20110105,100303,22400,1
OTP,0,20110105,100310,5188,302
MTELEKOM,0,20110105,100311,539,100
BUX1112,0,20110105,100313,22400,1
OTP,0,20110105,100318,5187,17
MTELEKOM,0,20110105,100326,539,240
MTELEKOM,0,20110105,100330,539,5292
OTP,0,20110105,100425,5188,101
GENESIS,0,20110105,100429,244,30
BUX1112,0,20110105,100433,22400,5
RICHTER,0,20110105,100435,42610,14
OTP,0,20110105,100440,5188,199
OTP,0,20110105,100440,5188,1
KEG,0,20110105,100500,135,52
KEG,0,20110105,100500,134,7306
KEG,0,20110105,100500,134,2570
ANY,0,20110105,100502,730,200
OTP,0,20110105,100515,5188,19
OTP,0,20110105,100515,5188,20
KEG,0,20110105,100525,134,72
KEG,0,20110105,100525,135,928
GENESIS,0,20110105,100542,241,200
KEG,0,20110105,100549,134,3000
OTP,0,20110105,100555,5188,8
BUX1112,0,20110105,100605,22423,2
BUX1112,0,20110105,100605,22424,5
BUX1112,0,20110105,100605,22425,4
PHYLAXIA,0,20110105,100605,45,1366
PHYLAXIA,0,20110105,100605,45,4000
PHYLAXIA,0,20110105,100605,45,700
PHYLAXIA,0,20110105,100605,45,5000
PHYLAXIA,0,20110105,100605,45,1000
PHYLAXIA,0,20110105,100605,45,2223
PHYLAXIA,0,20110105,100605,45,1800
PHYLAXIA,0,20110105,100605,45,5000
PHYLAXIA,0,20110105,100605,45,1405
PHYLAXIA,0,20110105,100605,45,2300
PHYLAXIA,0,20110105,100605,45,4000
PHYLAXIA,0,20110105,100605,45,10000
PHYLAXIA,0,20110105,100605,45,5000
PHYLAXIA,0,20110105,100605,45,5000
PHYLAXIA,0,20110105,100605,45,1200
PHYLAXIA,0,20110105,100605,45,2000
PHYLAXIA,0,20110105,100605,45,300
MOL,0,20110105,100607,21150,30
MOL,0,20110105,100607,21150,40
MOL,0,20110105,100607,21170,95
MOL,0,20110105,100607,21180,96
MOL,0,20110105,100607,21180,70
MOL,0,20110105,100607,21185,17
MOL,0,20110105,100607,21190,100
MOL,0,20110105,100607,21200,13
MOL,0,20110105,100607,21200,39
MOL,0,20110105,100613,21200,5000
BUX1112,0,20110105,100614,22426,10
BOOK,0,20110105,100618,478,39
PHYLAXIA,0,20110105,100633,45,1000
GENESIS,0,20110105,100655,243,30
GENESIS,0,20110105,100658,243,908
GENESIS,0,20110105,100658,244,910
GENESIS,0,20110105,100658,245,2302
GENESIS,0,20110105,100658,245,160
GENESIS,0,20110105,100707,245,720
BUX1112,0,20110105,100713,22425,10
OTP,0,20110105,100715,5190,1500
OTP,0,20110105,100715,5190,2000
OTP,0,20110105,100715,5190,200
OTP,0,20110105,100715,5190,50
MOL,0,20110105,100717,21155,3
OTP,0,20110105,100719,5195,100
BUX1112,0,20110105,100727,22427,2
BUX1112,0,20110105,100727,22430,2
BUX1112,0,20110105,100727,22430,10
RICHTER,0,20110105,100737,42630,13
RICHTER,0,20110105,100737,42630,37
OTP,0,20110105,100738,5198,82
MTELEKOM,0,20110105,100748,539,708
MTELEKOM,0,20110105,100748,539,292
BUX1112,0,20110105,100749,22433,1
BUX1112,0,20110105,100749,22434,5
BUX1112,0,20110105,100749,22434,14
OTP,0,20110105,100752,5197,197
OTP,0,20110105,100752,5196,3
MOL,0,20110105,100756,21200,300
OTP,0,20110105,100756,5198,181
OTP,0,20110105,100758,5198,137
BUX1112,0,20110105,100808,22434,1
OTP,0,20110105,100809,5198,51
OTP,0,20110105,100809,5198,79
BUX1112,0,20110105,100812,22435,2
BUX1112,0,20110105,100812,22435,70
BUX1112,0,20110105,100812,22435,1
OTP,0,20110105,100818,5198,16
RICHTER,0,20110105,100831,42630,4
RICHTER,0,20110105,100831,42600,10
RICHTER,0,20110105,100834,42600,4
KEG,0,20110105,100834,134,500
BUX1112,0,20110105,100848,22425,1
OTP,0,20110105,100853,5198,97
OTP,0,20110105,100904,5196,200
OTP,0,20110105,100904,5198,3
OTP,0,20110105,100904,5198,25
OTP,0,20110105,100904,5199,300
OTP,0,20110105,100904,5199,72
OTP,0,20110105,100909,5190,20
MOL,0,20110105,100917,21195,69
MOL,0,20110105,100917,21200,20
MOL,0,20110105,100917,21200,11
OTP,0,20110105,100925,5198,21
OTP,0,20110105,100925,5199,179
RICHTER,0,20110105,100928,42630,5
RICHTER,0,20110105,100928,42630,10
RICHTER,0,20110105,100928,42550,3
MTELEKOM,0,20110105,100942,540,1000
KEG,0,20110105,101003,135,1072
KEG,0,20110105,101003,135,898
PANNERGY,0,20110105,101007,914,200
BUX1112,0,20110105,101007,22447,10
MTELEKOM,0,20110105,101019,540,1000
OTP,0,20110105,101020,5195,20
OTP,0,20110105,101020,5195,188
BUX1112,0,20110105,101023,22447,5
BUX1112,0,20110105,101023,22447,5
MTELEKOM,0,20110105,101025,540,2885
MTELEKOM,0,20110105,101025,540,1971
MTELEKOM,0,20110105,101025,540,493
MTELEKOM,0,20110105,101025,540,3873
MTELEKOM,0,20110105,101025,540,778
MTELEKOM,0,20110105,101032,540,222
MTELEKOM,0,20110105,101032,540,22
MTELEKOM,0,20110105,101032,540,1230
MTELEKOM,0,20110105,101032,540,93
MTELEKOM,0,20110105,101032,540,433
OTP,0,20110105,101032,5195,122
OTP,0,20110105,101034,5196,66
OTP,0,20110105,101034,5190,134
MTELEKOM,0,20110105,101035,540,567
MTELEKOM,0,20110105,101035,540,183
MTELEKOM,0,20110105,101037,540,831
MTELEKOM,0,20110105,101040,540,169
MTELEKOM,0,20110105,101040,540,1531
MTELEKOM,0,20110105,101042,540,469
MTELEKOM,0,20110105,101042,540,154
OTP,0,20110105,101042,5197,67
ECONET,0,20110105,101046,89,4
BUX1112,0,20110105,101050,22446,10
BUX1112,0,20110105,101053,22440,10
BUX1112,0,20110105,101057,22440,1
PHYLAXIA,0,20110105,101057,45,4000
BUX1112,0,20110105,101114,22440,9
BUX1112,0,20110105,101114,22425,11
OTP,0,20110105,101117,5198,33
OTP,0,20110105,101117,5198,57
KEG,0,20110105,101118,135,200
RICHTER,0,20110105,101123,42600,5
GENESIS,0,20110105,101123,245,20
BUX1112,0,20110105,101124,22440,2
PANNERGY,0,20110105,101125,914,200
BUX1112,0,20110105,101126,22440,5
BUX1112,0,20110105,101126,22440,5
CSEPEL,0,20110105,101153,250,8
MOL,0,20110105,101154,21170,20
MOL,0,20110105,101154,21170,49
MOL,0,20110105,101154,21170,164
MOL,0,20110105,101154,21165,17
BUX1112,0,20110105,101204,22440,1
MTELEKOM,0,20110105,101206,540,250
MTELEKOM,0,20110105,101214,540,1121
BUX1112,0,20110105,101222,22440,1
MTELEKOM,0,20110105,101241,540,500
BUX1112,0,20110105,101248,22440,2
OTP,0,20110105,101257,5198,43
OTP,0,20110105,101257,5199,57
BUX1112,0,20110105,101258,22440,4
BUX1112,0,20110105,101302,22440,1
BUX1112,0,20110105,101302,22440,1
MOL,0,20110105,101306,21190,5
MOL,0,20110105,101306,21165,5
MTELEKOM,0,20110105,101321,540,1000
OTP,0,20110105,101323,5191,16
MTELEKOM,0,20110105,101331,540,110
RICHTER,0,20110105,101421,42600,2
RICHTER,0,20110105,101422,42650,18
RICHTER,0,20110105,101422,42650,32
BUX1112,0,20110105,101433,22448,10
BUX1112,0,20110105,101433,22448,8
BUX1112,0,20110105,101433,22450,2
RICHTER,0,20110105,101436,42670,2
RICHTER,0,20110105,101436,42670,18
RICHTER,0,20110105,101449,42650,10
RICHTER,0,20110105,101449,42645,2
RICHTER,0,20110105,101449,42645,3
RICHTER,0,20110105,101457,42645,57
GENESIS,0,20110105,101503,245,660
MTELEKOM,0,20110105,101519,540,1175
MTELEKOM,0,20110105,101525,540,952
MTELEKOM,0,20110105,101527,540,330
BUX1112,0,20110105,101530,22440,18
BUX1112,0,20110105,101530,22440,5
BUX1112,0,20110105,101532,22440,1
BUX1112,0,20110105,101534,22440,20
BUX1112,0,20110105,101535,22440,10
BUX1112,0,20110105,101536,22440,40
BUX1112,0,20110105,101541,22440,6
MTELEKOM,0,20110105,101543,540,2000
MTELEKOM,0,20110105,101549,540,100
MTELEKOM,0,20110105,101559,540,220
MTELEKOM,0,20110105,101559,540,780
OTP,0,20110105,101600,5198,69
OTP,0,20110105,101600,5198,100
OTP,0,20110105,101600,5199,192
OTP,0,20110105,101600,5199,300
OTP,0,20110105,101600,5199,300
OTP,0,20110105,101600,5199,40
OTP,0,20110105,101600,5200,688
OTP,0,20110105,101600,5200,315
OTP,0,20110105,101600,5200,200
BUX1112,0,20110105,101608,22450,4
MTELEKOM,0,20110105,101609,540,132
MTELEKOM,0,20110105,101609,540,882
MTELEKOM,0,20110105,101611,540,1975
GENESIS,0,20110105,101612,243,125
MTELEKOM,0,20110105,101613,540,511
MTELEKOM,0,20110105,101613,540,3647
OTP,0,20110105,101616,5200,485
OTP,0,20110105,101616,5200,20
OTP,0,20110105,101616,5200,200
OTP,0,20110105,101616,5200,400
OTP,0,20110105,101616,5200,390
OTP,0,20110105,101616,5200,500
OTP,0,20110105,101616,5200,5
OTP,0,20110105,101619,5200,5
OTP,0,20110105,101619,5200,287
OTP,0,20110105,101619,5200,30
BUX1112,0,20110105,101621,22450,16
BUX1112,0,20110105,101621,22456,1
BUX1112,0,20110105,101621,22459,5
OTP,0,20110105,101639,5200,322
OTP,0,20110105,101639,5200,179
OTP,0,20110105,101639,5200,999
OTP,0,20110105,101639,5200,501
SYNERGON,0,20110105,101641,489,300
RICHTER,0,20110105,101642,42670,2
RICHTER,0,20110105,101642,42685,4
RICHTER,0,20110105,101642,42690,9
RICHTER,0,20110105,101642,42690,136
RICHTER,0,20110105,101642,42690,100
PHYLAXIA,0,20110105,101643,45,2706
PHYLAXIA,0,20110105,101643,45,1000
MOL,0,20110105,101645,21200,4
MOL,0,20110105,101645,21210,20
MOL,0,20110105,101645,21210,111
BUX1112,0,20110105,101647,22460,30
RICHTER,0,20110105,101654,42695,15
OTP,0,20110105,101709,5200,500
OTP,0,20110105,101713,5200,499
MTELEKOM,0,20110105,101717,540,1986
MTELEKOM,0,20110105,101719,540,1014
RICHTER,0,20110105,101726,42695,20
OTP,0,20110105,101731,5205,20
MTELEKOM,0,20110105,101739,540,2077
MTELEKOM,0,20110105,101741,540,750
MTELEKOM,0,20110105,101742,540,173
OTP,0,20110105,101742,5200,501
OTP,0,20110105,101742,5200,173
OTP,0,20110105,101742,5200,19
OTP,0,20110105,101742,5200,178
RICHTER,0,20110105,101745,42690,25
RICHTER,0,20110105,101758,42690,165
OTP,0,20110105,101823,5192,16
MTELEKOM,0,20110105,101825,540,1700
RICHTER,0,20110105,101828,42700,100
RICHTER,0,20110105,101828,42700,14
RICHTER,0,20110105,101828,42700,11
RICHTER,0,20110105,101828,42700,4
RICHTER,0,20110105,101906,42700,143
MOL,0,20110105,101913,21210,50
MTELEKOM,0,20110105,101921,540,100
PFLAX,0,20110105,101928,561,110
PFLAX,0,20110105,101928,560,150
PFLAX,0,20110105,101928,552,240
PFLAX,0,20110105,101928,552,450
MTELEKOM,0,20110105,101932,540,178
MTELEKOM,0,20110105,101932,540,631
OTP,0,20110105,101959,5200,200
ZWACK,0,20110105,102012,12950,15
MOL,0,20110105,102053,21175,27
MOL,0,20110105,102106,21175,89
MOL,0,20110105,102204,21170,83
OTP,0,20110105,102205,5199,25
MTELEKOM,0,20110105,102208,540,191
OTP,0,20110105,102214,5200,317
MOL,0,20110105,102215,21205,3
BUX1112,0,20110105,102235,22450,1
BUX1112,0,20110105,102235,22459,10
BUX1112,0,20110105,102235,22460,10
BUX1112,0,20110105,102235,22463,10
PHYLAXIA,0,20110105,102242,45,94
ZWACK,0,20110105,102301,12900,114
ZWACK,0,20110105,102301,12900,6
ZWACK,0,20110105,102301,12900,1
ZWACK,0,20110105,102301,12850,2
MTELEKOM,0,20110105,102301,540,164
MTELEKOM,0,20110105,102309,540,645
MTELEKOM,0,20110105,102309,540,66
MTELEKOM,0,20110105,102310,540,250
OTP,0,20110105,102323,5195,16
RICHTER,0,20110105,102357,42710,10
PHYLAXIA,0,20110105,102357,45,3906
GENESIS,0,20110105,102405,245,30
OTP,0,20110105,102406,5197,50
GENESIS,0,20110105,102408,244,2
GENESIS,0,20110105,102408,243,202
PANNERGY,0,20110105,102421,917,70
GENESIS,0,20110105,102523,245,170
GENESIS,0,20110105,102523,245,107
MTELEKOM,0,20110105,102530,541,1000
OTP,0,20110105,102535,5199,100
OTP,0,20110105,102535,5199,200
OTP,0,20110105,102604,5200,34
OTP,0,20110105,102608,5200,5
MTELEKOM,0,20110105,102610,541,7000
MTELEKOM,0,20110105,102612,540,39
MTELEKOM,0,20110105,102612,540,1445
OTP,0,20110105,102616,5199,50
BUX1112,0,20110105,102639,22464,1
BUX1112,0,20110105,102639,22465,2
BUX1112,0,20110105,102639,22468,2
OTP,0,20110105,102645,5199,71
OTP,0,20110105,102645,5199,163
MTELEKOM,0,20110105,102656,540,266
RICHTER,0,20110105,102703,42750,4
PHYLAXIA,0,20110105,102703,46,8
FOTEX,0,20110105,102713,384,200
FOTEX,0,20110105,102713,383,235
FOTEX,0,20110105,102713,383,103
BUX1112,0,20110105,102733,22469,4
AAA,0,20110105,102748,237,300
GENESIS,0,20110105,102750,246,500
GENESIS,0,20110105,102750,246,270
EGIS,0,20110105,102801,20200,47
EGIS,0,20110105,102822,20240,10
EGIS,0,20110105,102822,20240,10
EGIS,0,20110105,102822,20245,5
EGIS,0,20110105,102822,20245,3
OTP,0,20110105,102823,5197,17
OTP,0,20110105,102845,5200,73
OTP,0,20110105,102845,5200,322
OTP,0,20110105,102845,5200,105
OTP,0,20110105,102853,5197,13
OTP,0,20110105,102853,5195,44
OTP,0,20110105,102853,5195,45
OTP,0,20110105,102853,5195,16
OTP,0,20110105,102853,5195,17
MTELEKOM,0,20110105,102857,541,100
OTP,0,20110105,102901,5195,45
CSEPEL,0,20110105,102912,250,286
GENESIS,0,20110105,102921,245,123
OTP,0,20110105,102934,5199,45
GENESIS,0,20110105,102953,245,177
GENESIS,0,20110105,102953,246,673
OTP,0,20110105,102957,5198,5
OTP,0,20110105,102957,5198,45
GENESIS,0,20110105,103001,246,57
GENESIS,0,20110105,103001,246,300
MTELEKOM,0,20110105,103126,541,1900
MTELEKOM,0,20110105,103126,541,300
GENESIS,0,20110105,103128,247,78
MTELEKOM,0,20110105,103130,541,53
MTELEKOM,0,20110105,103130,541,661
OTP,0,20110105,103136,5198,134
OTP,0,20110105,103136,5198,126
MTELEKOM,0,20110105,103144,540,100
KEG,0,20110105,103149,135,407
KEG,0,20110105,103149,135,943
OTP,0,20110105,103150,5198,27
OTP,0,20110105,103150,5198,156
MTELEKOM,0,20110105,103222,542,1840
BUX1112,0,20110105,103224,22443,10
BUX1112,0,20110105,103224,22442,4
BUX1112,0,20110105,103224,22440,6
MTELEKOM,0,20110105,103232,542,632
PANNERGY,0,20110105,103233,914,95
FHB,0,20110105,103258,961,20
FHB,0,20110105,103258,961,600
FHB,0,20110105,103258,961,100
FHB,0,20110105,103258,960,280
BUX1112,0,20110105,103303,22440,10
PANNERGY,0,20110105,103311,915,140
PANNERGY,0,20110105,103311,914,290
PANNERGY,0,20110105,103311,912,360
MOL,0,20110105,103317,21170,100
OTP,0,20110105,103328,5192,16
PANNERGY,0,20110105,103335,912,210
OTP,0,20110105,103340,5198,190
PANNERGY,0,20110105,103347,917,82
PANNERGY,0,20110105,103347,918,78
FHB,0,20110105,103400,960,220
FHB,0,20110105,103400,960,100
FHB,0,20110105,103400,960,100
FHB,0,20110105,103400,960,155
FHB,0,20110105,103400,960,120
FHB,0,20110105,103400,959,100
FHB,0,20110105,103400,957,330
FHB,0,20110105,103400,957,75
FHB,0,20110105,103413,957,225
FHB,0,20110105,103413,955,200
FHB,0,20110105,103413,955,150
FHB,0,20110105,103413,955,500
FHB,0,20110105,103413,955,400
FHB,0,20110105,103413,955,82
FHB,0,20110105,103413,955,618
FHB,0,20110105,103413,955,22
FHB,0,20110105,103413,955,1042
FHB,0,20110105,103413,954,100
FHB,0,20110105,103413,953,300
FHB,0,20110105,103413,952,418
MOL,0,20110105,103419,21170,14
MOL,0,20110105,103419,21165,10
BUX1112,0,20110105,103420,22450,3
MTELEKOM,0,20110105,103431,541,500
MTELEKOM,0,20110105,103431,541,1800
MTELEKOM,0,20110105,103434,541,200
MTELEKOM,0,20110105,103434,541,12
MTELEKOM,0,20110105,103441,541,213
MTELEKOM,0,20110105,103442,541,775
MTELEKOM,0,20110105,103442,541,49
MTELEKOM,0,20110105,103443,541,365
MTELEKOM,0,20110105,103454,541,100
OTP,0,20110105,103501,5192,100
RICHTER,0,20110105,103512,42710,5
RICHTER,0,20110105,103512,42705,10
RICHTER,0,20110105,103512,42700,35
RICHTER,0,20110105,103512,42700,2
RICHTER,0,20110105,103522,42750,10
RICHTER,0,20110105,103522,42750,5
RICHTER,0,20110105,103522,42780,50
RICHTER,0,20110105,103522,42785,50
RICHTER,0,20110105,103522,42785,50
RICHTER,0,20110105,103522,42790,85
RICHTER,0,20110105,103522,42790,14
RICHTER,0,20110105,103522,42790,50
RICHTER,0,20110105,103522,42790,186
BUX1112,0,20110105,103544,22442,3
MOL,0,20110105,103604,21165,25
GENESIS,0,20110105,103612,247,40
BUX1112,0,20110105,103629,22442,1
MOL,0,20110105,103709,21165,1
OTP,0,20110105,103728,5192,84
OTP,0,20110105,103728,5192,96
BUX1112,0,20110105,103814,22441,1
OTP,0,20110105,103816,5195,33
OTP,0,20110105,103822,5195,20
OTP,0,20110105,103824,5195,170
OTP,0,20110105,103828,5195,16
OTP,0,20110105,103834,5191,10
MOL,0,20110105,103838,21165,20
MTELEKOM,0,20110105,103848,542,250
MOL,0,20110105,103939,21200,3
MTELEKOM,0,20110105,104008,541,200
KEG,0,20110105,104036,135,356
KEG,0,20110105,104036,135,500
KEG,0,20110105,104036,135,800
ZWACK,0,20110105,104045,12905,40
OTP,0,20110105,104055,5197,24
GENESIS,0,20110105,104057,247,50
OTP,0,20110105,104101,5198,27
OTP,0,20110105,104101,5198,20
OTP,0,20110105,104101,5198,96
MTELEKOM,0,20110105,104104,541,830
BUX1112,0,20110105,104108,22450,3
AAA,0,20110105,104117,235,380
RICHTER,0,20110105,104126,42785,1
RICHTER,0,20110105,104126,42785,5
RICHTER,0,20110105,104210,42790,14
RICHTER,0,20110105,104210,42790,2
MOL,0,20110105,104211,21195,20
RICHTER,0,20110105,104212,42800,9
RICHTER,0,20110105,104212,42800,10
MOL,0,20110105,104214,21200,178
RICHTER,0,20110105,104215,42800,8
RICHTER,0,20110105,104215,42800,5
RICHTER,0,20110105,104215,42800,5
MOL,0,20110105,104221,21200,24
RICHTER,0,20110105,104224,42800,5
RICHTER,0,20110105,104224,42800,5
MTELEKOM,0,20110105,104231,542,19
RICHTER,0,20110105,104247,42800,13
RICHTER,0,20110105,104247,42800,10
RICHTER,0,20110105,104247,42800,7
RICHTER,0,20110105,104247,42800,15
RICHTER,0,20110105,104247,42800,2
RICHTER,0,20110105,104247,42800,3
RICHTER,0,20110105,104301,42800,2
MOL,0,20110105,104306,21165,10
PHYLAXIA,0,20110105,104312,45,294
PHYLAXIA,0,20110105,104312,45,1000
OTP,0,20110105,104333,5194,17
GENESIS,0,20110105,104337,247,32
GENESIS,0,20110105,104337,247,300
GENESIS,0,20110105,104337,247,1000
GENESIS,0,20110105,104337,247,468
MTELEKOM,0,20110105,104403,542,268
RFV,0,20110105,104419,8460,10
RFV,0,20110105,104419,8445,36
RFV,0,20110105,104419,8422,20
RFV,0,20110105,104419,8417,15
RFV,0,20110105,104419,8416,20
RFV,0,20110105,104419,8415,180
RFV,0,20110105,104419,8410,323
RFV,0,20110105,104419,8406,12
RFV,0,20110105,104419,8405,50
RFV,0,20110105,104419,8400,35
RFV,0,20110105,104419,8400,50
RFV,0,20110105,104419,8400,100
OTP,0,20110105,104453,5198,4
OTP,0,20110105,104457,5198,25
RFV,0,20110105,104505,8400,30
RICHTER,0,20110105,104507,42840,20
RICHTER,0,20110105,104507,42870,37
RICHTER,0,20110105,104507,42870,60
RICHTER,0,20110105,104507,42870,5
RICHTER,0,20110105,104507,42890,100
RICHTER,0,20110105,104507,42890,10
RICHTER,0,20110105,104507,42890,18
RICHTER,0,20110105,104519,42890,52
OTP,0,20110105,104520,5200,104
OTP,0,20110105,104523,5200,450
OTP,0,20110105,104527,5199,126
OTP,0,20110105,104527,5199,227
OTP,0,20110105,104531,5199,15
OTP,0,20110105,104531,5200,341
OTP,0,20110105,104531,5200,234
MTELEKOM,0,20110105,104533,542,550
MTELEKOM,0,20110105,104605,542,50
OTP,0,20110105,104640,5199,26
OTP,0,20110105,104640,5199,137
OTP,0,20110105,104640,5198,135
MOL,0,20110105,104715,21195,120
ANY,0,20110105,104724,730,130
RICHTER,0,20110105,104725,42805,10
RICHTER,0,20110105,104725,42800,1
OTP,0,20110105,104747,5198,6
MTELEKOM,0,20110105,104759,542,1391
MTELEKOM,0,20110105,104759,542,632
MTELEKOM,0,20110105,104759,542,382
RFV,0,20110105,104808,8400,16
OTP,0,20110105,104817,5200,16
OTP,0,20110105,104817,5200,103
OTP,0,20110105,104817,5200,170
OTP,0,20110105,104817,5200,105
OTP,0,20110105,104833,5191,4
OTP,0,20110105,104833,5191,12
OTP,0,20110105,104833,5191,134
BUX1112,0,20110105,104914,22447,2
BUX1112,0,20110105,104914,22450,1
OTP,0,20110105,104915,5199,26
OTP,0,20110105,104915,5199,56
MTELEKOM,0,20110105,105007,543,500
MTELEKOM,0,20110105,105007,543,1000
MTELEKOM,0,20110105,105007,543,1000
MTELEKOM,0,20110105,105007,543,740
MTELEKOM,0,20110105,105007,543,669
BUX1112,0,20110105,105115,22450,2
MTELEKOM,0,20110105,105116,543,281
MTELEKOM,0,20110105,105116,543,1000
MTELEKOM,0,20110105,105116,543,1000
MTELEKOM,0,20110105,105116,543,1219
MTELEKOM,0,20110105,105118,542,95
MTELEKOM,0,20110105,105118,542,510
MTELEKOM,0,20110105,105121,542,613
MTELEKOM,0,20110105,105123,542,104
GENESIS,0,20110105,105158,245,400
MTELEKOM,0,20110105,105235,543,352
MOL,0,20110105,105242,21175,20
MOL,0,20110105,105242,21175,4
KEG,0,20110105,105245,136,500
OTP,0,20110105,105333,5193,16
OTP,0,20110105,105337,5193,115
OTP,0,20110105,105337,5191,104
OTP,0,20110105,105337,5191,100
OTP,0,20110105,105337,5191,82
OTP,0,20110105,105337,5191,15
OTP,0,20110105,105337,5190,1096
OTP,0,20110105,105337,5190,30
OTP,0,20110105,105337,5190,3
OTP,0,20110105,105337,5190,455
OTP,0,20110105,105337,5190,545
OTP,0,20110105,105337,5190,25
FHB,0,20110105,105343,959,100
BUX1112,0,20110105,105345,22445,1
BUX1112,0,20110105,105345,22442,4
BUX1112,0,20110105,105345,22441,9
BUX1112,0,20110105,105345,22440,26
GENESIS,0,20110105,105346,245,1600
GENESIS,0,20110105,105346,247,627
GENESIS,0,20110105,105346,247,153
FHB,0,20110105,105406,959,200
BUX1112,0,20110105,105407,22440,2
BUX1112,0,20110105,105523,22450,2
BUX1112,0,20110105,105523,22450,1
GENESIS,0,20110105,105609,247,247
GENESIS,0,20110105,105609,248,3
MOL,0,20110105,105614,21175,5
KEG,0,20110105,105623,135,630
KEG,0,20110105,105623,135,169
KEG,0,20110105,105623,135,500
KEG,0,20110105,105623,135,4701
MOL,0,20110105,105643,21175,25
BUX1112,0,20110105,105646,22445,5
KEG,0,20110105,105702,136,100
KEG,0,20110105,105702,136,400
RFV,0,20110105,105716,8400,4
FHB,0,20110105,105719,960,500
BUX1112,0,20110105,105750,22440,4
RFV,0,20110105,105753,8400,30
RICHTER,0,20110105,105812,42845,5
BOOK,0,20110105,105814,478,60
RICHTER,0,20110105,105815,42850,5
MOL,0,20110105,105817,21195,8
MOL,0,20110105,105817,21195,25
RICHTER,0,20110105,105819,42895,2
RICHTER,0,20110105,105823,42900,5
RICHTER,0,20110105,105823,42900,7
RICHTER,0,20110105,105823,42900,6
RICHTER,0,20110105,105823,42900,11
MOL,0,20110105,105823,21200,12
MOL,0,20110105,105824,21200,83
MOL,0,20110105,105824,21200,40
MOL,0,20110105,105824,21200,16
RICHTER,0,20110105,105825,42900,11
OTP,0,20110105,105827,5189,300
MTELEKOM,0,20110105,105828,543,453
MTELEKOM,0,20110105,105828,543,267
BUX1112,0,20110105,105833,22445,20
OTP,0,20110105,105833,5189,16
BUX1112,0,20110105,105835,22440,2
OTP,0,20110105,105836,5190,32
OTP,0,20110105,105900,5190,498
OTP,0,20110105,105900,5190,370
OTP,0,20110105,105900,5190,2000
OTP,0,20110105,105900,5190,140
MOL,0,20110105,105907,21175,17
OTP,0,20110105,105913,5189,200
BUX1112,0,20110105,105943,22455,5
OTP,0,20110105,110027,5190,20
OTP,0,20110105,110027,5190,122
OTP,0,20110105,110027,5190,127
OTP,0,20110105,110031,5190,1731
MTELEKOM,0,20110105,110054,543,350
MOL,0,20110105,110157,21175,24
MTELEKOM,0,20110105,110203,543,161
OTP,0,20110105,110203,5190,80
OTP,0,20110105,110203,5190,920
MTELEKOM,0,20110105,110230,543,1122
MTELEKOM,0,20110105,110230,543,81
RICHTER,0,20110105,110311,42895,1
RICHTER,0,20110105,110315,42900,30
BUX1112,0,20110105,110332,22440,5
OTP,0,20110105,110333,5185,16
MTELEKOM,0,20110105,110428,542,200
OTP,0,20110105,110443,5189,19
RICHTER,0,20110105,110453,42900,8
OTP,0,20110105,110512,5190,308
RICHTER,0,20110105,110518,42945,6
RICHTER,0,20110105,110518,42945,2
OTP,0,20110105,110525,5190,156
OTP,0,20110105,110537,5189,65
RICHTER,0,20110105,110538,42950,4
RICHTER,0,20110105,110545,42890,5
RICHTER,0,20110105,110615,42800,95
OTP,0,20110105,110627,5189,135
OTP,0,20110105,110627,5189,121
OTP,0,20110105,110627,5189,194
OTP,0,20110105,110631,5189,26
OTP,0,20110105,110631,5189,110
OTP,0,20110105,110631,5189,200
OTP,0,20110105,110631,5189,1000
BUX1112,0,20110105,110635,22442,3
OTP,0,20110105,110636,5189,327
OTP,0,20110105,110651,5185,40
MTELEKOM,0,20110105,110707,543,128
MTELEKOM,0,20110105,110707,543,172
MOL,0,20110105,110751,21175,27
MOL,0,20110105,110804,21195,1
RFV,0,20110105,110811,8400,69
OTP,0,20110105,110833,5186,16
MOL,0,20110105,110840,21175,52
MOL,0,20110105,110840,21165,48
OTP,0,20110105,110858,5186,4
OTP,0,20110105,110858,5186,2
OTP,0,20110105,110923,5186,115
OTP,0,20110105,110923,5185,185
GENESIS,0,20110105,110945,246,50
MTELEKOM,0,20110105,110945,542,58
MTELEKOM,0,20110105,110945,542,189
MTELEKOM,0,20110105,110945,542,153
MTELEKOM,0,20110105,110946,542,1162
MTELEKOM,0,20110105,110946,542,392
MTELEKOM,0,20110105,110946,542,250
MTELEKOM,0,20110105,110946,541,1000
MTELEKOM,0,20110105,110946,541,1410
MTELEKOM,0,20110105,110946,541,200
MTELEKOM,0,20110105,110946,541,600
MTELEKOM,0,20110105,110946,541,1986
MTELEKOM,0,20110105,110948,541,340
MTELEKOM,0,20110105,110953,541,34
MTELEKOM,0,20110105,110953,541,550
MTELEKOM,0,20110105,110953,541,424
MTELEKOM,0,20110105,110956,541,373
MTELEKOM,0,20110105,110956,541,805
EGIS,0,20110105,111032,20150,2
BUX1112,0,20110105,111037,22442,1
BUX1112,0,20110105,111037,22440,9
BUX1112,0,20110105,111109,22440,10
ECONET,0,20110105,111116,89,20
BUX1112,0,20110105,111121,22433,10
EGIS,0,20110105,111123,20150,8
EGIS,0,20110105,111129,20105,1
EGIS,0,20110105,111129,20105,9
EGIS,0,20110105,111129,20100,8
MTELEKOM,0,20110105,111131,541,5000
MTELEKOM,0,20110105,111137,541,3398
MTELEKOM,0,20110105,111137,541,20
MTELEKOM,0,20110105,111137,541,153
MTELEKOM,0,20110105,111137,541,1287
GENESIS,0,20110105,111150,245,20
GENESIS,0,20110105,111150,245,380
GENESIS,0,20110105,111150,244,14
GENESIS,0,20110105,111150,244,411
BUX1112,0,20110105,111200,22430,3
OTP,0,20110105,111209,5185,60
RICHTER,0,20110105,111226,42800,2
RICHTER,0,20110105,111226,42710,48
BUX1112,0,20110105,111228,22430,5
BUX1112,0,20110105,111228,22430,5
BUX1112,0,20110105,111234,22430,1
MTELEKOM,0,20110105,111259,541,800
MTELEKOM,0,20110105,111301,540,13
MTELEKOM,0,20110105,111301,540,230
MTELEKOM,0,20110105,111301,540,211
GENESIS,0,20110105,111304,244,89
GENESIS,0,20110105,111304,244,311
MTELEKOM,0,20110105,111308,540,765
MTELEKOM,0,20110105,111308,540,524
MTELEKOM,0,20110105,111308,540,600
MTELEKOM,0,20110105,111308,540,983
MTELEKOM,0,20110105,111310,540,17
MTELEKOM,0,20110105,111310,540,266
MTELEKOM,0,20110105,111310,540,779
RICHTER,0,20110105,111318,42710,2
RICHTER,0,20110105,111318,42705,10
RICHTER,0,20110105,111318,42705,68
BUX1112,0,20110105,111318,22430,1
BUX1112,0,20110105,111323,22430,2
OTP,0,20110105,111333,5185,16
PANNUNION,0,20110105,111339,145,250
EGIS,0,20110105,111349,20100,8
BUX1112,0,20110105,111358,22430,6
PHYLAXIA,0,20110105,111406,45,50
BUX1112,0,20110105,111424,22430,3
MTELEKOM,0,20110105,111428,540,1000
OTP,0,20110105,111434,5188,20
OTP,0,20110105,111434,5188,15
BUX1112,0,20110105,111438,22430,4
OTP,0,20110105,111440,5189,280
OTP,0,20110105,111446,5190,48
BUX1112,0,20110105,111448,22425,4
OTP,0,20110105,111451,5190,82
GENESIS,0,20110105,111513,244,189
OTP,0,20110105,111521,5188,113
OTP,0,20110105,111521,5188,109
GENESIS,0,20110105,111528,244,211
OTP,0,20110105,111530,5190,180
GENESIS,0,20110105,111536,244,189
GENESIS,0,20110105,111536,243,173
GENESIS,0,20110105,111536,243,148
BUX1112,0,20110105,111601,22425,23
BUX1112,0,20110105,111601,22425,8
BUX1112,0,20110105,111601,22420,30
BUX1112,0,20110105,111601,22402,2
BUX1112,0,20110105,111601,22402,4
BUX1112,0,20110105,111601,22401,10
BUX1112,0,20110105,111601,22400,23
PHYLAXIA,0,20110105,111612,45,2000
OTP,0,20110105,111626,5189,5
BUX1112,0,20110105,111628,22400,2
GENESIS,0,20110105,111712,243,670
MOL,0,20110105,111735,21175,41
MOL,0,20110105,111735,21175,81
MOL,0,20110105,111756,21175,19
MOL,0,20110105,111820,21190,54
OTP,0,20110105,111833,5186,17
RICHTER,0,20110105,111859,42710,3
OTP,0,20110105,111910,5186,83
OTP,0,20110105,111910,5186,57
GSPARK,0,20110105,111919,799,100
GSPARK,0,20110105,111919,800,250
BUX1112,0,20110105,111920,22410,1
ECONET,0,20110105,111945,89,1698
ECONET,0,20110105,111945,89,302
MTELEKOM,0,20110105,112020,541,2000
MTELEKOM,0,20110105,112034,541,1000
MTELEKOM,0,20110105,112054,540,2100
OTP,0,20110105,112146,5189,193
OTP,0,20110105,112146,5190,306
OTP,0,20110105,112146,5190,50
OTP,0,20110105,112146,5190,300
BUX1112,0,20110105,112158,22410,4
BUX1112,0,20110105,112158,22402.5,1
GENESIS,0,20110105,112201,245,30
MTELEKOM,0,20110105,112206,541,142
RICHTER,0,20110105,112216,42890,16
RABA,0,20110105,112235,817,70
MTELEKOM,0,20110105,112240,541,808
OTP,0,20110105,112250,5191,51
OTP,0,20110105,112250,5189,18
OTP,0,20110105,112250,5189,105
OTP,0,20110105,112308,5187,826
OTP,0,20110105,112333,5186,16
GENESIS,0,20110105,112345,245,150
KEG,0,20110105,112350,136,100
KEG,0,20110105,112350,136,1933
MOL,0,20110105,112408,21170,55
BUX1112,0,20110105,112505,22439.5,2
BUX1112,0,20110105,112505,22440,90
MTELEKOM,0,20110105,112526,541,392
MTELEKOM,0,20110105,112526,541,608
OTP,0,20110105,112535,5186,66
OTP,0,20110105,112535,5186,134
OTP,0,20110105,112540,5188,100
OTP,0,20110105,112540,5189,600
OTP,0,20110105,112540,5190,300
OTP,0,20110105,112540,5190,540
OTP,0,20110105,112553,5190,1460
MTELEKOM,0,20110105,112555,541,330
CSEPEL,0,20110105,112607,242,200
CSEPEL,0,20110105,112607,241,100
CSEPEL,0,20110105,112607,241,50
OTP,0,20110105,112610,5189,300
OTP,0,20110105,112610,5189,182
OTP,0,20110105,112610,5186,166
OTP,0,20110105,112610,5186,200
OTP,0,20110105,112610,5186,152
OTP,0,20110105,112610,5190,202
OTP,0,20110105,112619,5190,98
OTP,0,20110105,112619,5190,2000
OTP,0,20110105,112713,5187,65
OTP,0,20110105,112722,5189,20
FHB,0,20110105,112737,958,1000
OTP,0,20110105,112831,5189,180
OTP,0,20110105,112831,5190,21
ZWACK,0,20110105,112837,12850,3
ZWACK,0,20110105,112837,12850,2
ZWACK,0,20110105,112837,12800,6
ZWACK,0,20110105,112837,12800,20
ZWACK,0,20110105,112837,12800,1
ZWACK,0,20110105,112837,12800,8
BUX1112,0,20110105,112837,22412.5,1
BUX1112,0,20110105,112837,22412,5
BUX1112,0,20110105,112837,22410,4
OTP,0,20110105,112838,5187,16
ZWACK,0,20110105,113003,12800,7
MTELEKOM,0,20110105,113016,541,70
MTELEKOM,0,20110105,113016,541,394
MTELEKOM,0,20110105,113016,541,536
PANNERGY,0,20110105,113025,915,210
PANNERGY,0,20110105,113025,916,490
MOL,0,20110105,113108,21170,20
OTP,0,20110105,113143,5190,610
OTP,0,20110105,113223,5190,100
MTELEKOM,0,20110105,113230,541,1253
OTP,0,20110105,113241,5190,119
GENESIS,0,20110105,113246,243,182
GENESIS,0,20110105,113246,243,250
GENESIS,0,20110105,113246,243,500
MTELEKOM,0,20110105,113258,540,1300
OTP,0,20110105,113310,5189,100
OTP,0,20110105,113310,5189,126
OTP,0,20110105,113310,5189,98
OTP,0,20110105,113310,5189,98
MOL,0,20110105,113320,21180,35
OTP,0,20110105,113321,5186,785
OTP,0,20110105,113325,5186,181
MOL,0,20110105,113326,21190,42
MOL,0,20110105,113327,21190,19
OTP,0,20110105,113343,5185,17
MOL,0,20110105,113348,21170,40
MOL,0,20110105,113348,21165,3
MOL,0,20110105,113348,21165,7
MOL,0,20110105,113354,21165,37
OTP,0,20110105,113358,5185,166
OTP,0,20110105,113358,5185,100
OTP,0,20110105,113418,5184,144
OTP,0,20110105,113446,5182,10
OTP,0,20110105,113446,5182,46
MTELEKOM,0,20110105,113515,540,1000
BUX1112,0,20110105,113523,22429,1
BUX1112,0,20110105,113523,22430,4
MTELEKOM,0,20110105,113526,540,1055
MTELEKOM,0,20110105,113526,540,1000
MTELEKOM,0,20110105,113526,540,1000
MTELEKOM,0,20110105,113526,540,1945
MTELEKOM,0,20110105,113529,540,55
MTELEKOM,0,20110105,113529,540,600
MTELEKOM,0,20110105,113529,540,433
MTELEKOM,0,20110105,113537,540,1067
MTELEKOM,0,20110105,113537,540,500
MTELEKOM,0,20110105,113537,540,887
MTELEKOM,0,20110105,113539,540,908
BUX1112,0,20110105,113556,22410,1
BUX1112,0,20110105,113556,22410,10
BUX1112,0,20110105,113556,22405,1
BUX1112,0,20110105,113556,22404,1
GENESIS,0,20110105,113611,242,1000
OTP,0,20110105,113614,5181,45
OTP,0,20110105,113614,5181,1500
OTP,0,20110105,113614,5181,110
CSEPEL,0,20110105,113623,241,150
CSEPEL,0,20110105,113623,241,200
OTP,0,20110105,113632,5180,544
OTP,0,20110105,113632,5180,38
BUX1112,0,20110105,113639,22405,1
BUX1112,0,20110105,113639,22404,9
BUX1112,0,20110105,113639,22402.5,4
BUX1112,0,20110105,113639,22402.5,15
BUX1112,0,20110105,113639,22402,4
BUX1112,0,20110105,113639,22400,40
MTELEKOM,0,20110105,113642,540,1585
MTELEKOM,0,20110105,113642,540,500
MTELEKOM,0,20110105,113642,540,463
MTELEKOM,0,20110105,113642,540,500
MTELEKOM,0,20110105,113642,540,100
MTELEKOM,0,20110105,113642,540,466
OTP,0,20110105,113646,5182,1054
OTP,0,20110105,113646,5182,50
OTP,0,20110105,113646,5182,396
OTP,0,20110105,113656,5182,100
BUX1112,0,20110105,113704,22401,1
BUX1112,0,20110105,113704,22400,2
MOL,0,20110105,113715,21175,45
MOL,0,20110105,113718,21175,50
MOL,0,20110105,113719,21175,105
MOL,0,20110105,113719,21175,29
BUX1112,0,20110105,113722,22400,8
OTP,0,20110105,113739,5182,82
MTELEKOM,0,20110105,113740,540,6386
MTELEKOM,0,20110105,113740,540,614
MTELEKOM,0,20110105,113741,540,144
OTP,0,20110105,113754,5181,1450
OTP,0,20110105,113754,5180,50
OTP,0,20110105,113806,5180,74
MOL,0,20110105,113821,21190,10
MOL,0,20110105,113831,21195,61
MOL,0,20110105,113837,21195,59
MOL,0,20110105,113837,21195,90
MOL,0,20110105,113837,21200,84
MOL,0,20110105,113837,21200,5
MOL,0,20110105,113837,21200,200
MOL,0,20110105,113837,21200,3
MOL,0,20110105,113837,21200,15
MOL,0,20110105,113837,21200,2
MOL,0,20110105,113837,21200,300
MOL,0,20110105,113837,21200,30
MOL,0,20110105,113837,21200,212
OTP,0,20110105,113848,5181,16
HUMET,0,20110105,113902,9,3911
KEG,0,20110105,113922,136,30
MTELEKOM,0,20110105,113939,540,400
MOL,0,20110105,113956,21200,88
MOL,0,20110105,113956,21200,12
OTP,0,20110105,114013,5181,77
OTP,0,20110105,114013,5181,23
RABA,0,20110105,114044,818,100
OTP,0,20110105,114053,5182,37
OTP,0,20110105,114053,5182,1069
ZWACK,0,20110105,114103,12800,3
OTP,0,20110105,114117,5183,100
OTP,0,20110105,114117,5182,546
PHYLAXIA,0,20110105,114141,45,530
BUX1112,0,20110105,114144,22400,1
RICHTER,0,20110105,114216,42800,3
RICHTER,0,20110105,114218,42890,13
RICHTER,0,20110105,114218,42890,2
RICHTER,0,20110105,114226,42895,10
RICHTER,0,20110105,114227,42900,14
MTELEKOM,0,20110105,114230,540,438
MTELEKOM,0,20110105,114230,540,349
RICHTER,0,20110105,114236,42940,3
MTELEKOM,0,20110105,114302,540,300
PHYLAXIA,0,20110105,114323,44,10000
PHYLAXIA,0,20110105,114323,44,10000
PHYLAXIA,0,20110105,114323,44,2000
PHYLAXIA,0,20110105,114323,44,3000
PHYLAXIA,0,20110105,114323,44,1010
PHYLAXIA,0,20110105,114323,44,10000
PHYLAXIA,0,20110105,114323,44,11000
PHYLAXIA,0,20110105,114323,44,3000
PHYLAXIA,0,20110105,114323,44,6000
PHYLAXIA,0,20110105,114323,44,3000
PHYLAXIA,0,20110105,114323,44,4630
PHYLAXIA,0,20110105,114323,44,1465
PHYLAXIA,0,20110105,114323,44,5000
PHYLAXIA,0,20110105,114323,44,39000
PHYLAXIA,0,20110105,114323,44,5000
PHYLAXIA,0,20110105,114323,44,227
PHYLAXIA,0,20110105,114323,44,11111
PHYLAXIA,0,20110105,114323,44,2000
PHYLAXIA,0,20110105,114323,44,1200
PHYLAXIA,0,20110105,114323,44,2000
PHYLAXIA,0,20110105,114323,44,2613
PHYLAXIA,0,20110105,114323,44,870
PHYLAXIA,0,20110105,114323,44,5000
PHYLAXIA,0,20110105,114323,44,874
PHYLAXIA,0,20110105,114323,44,510
OTP,0,20110105,114330,5185,40
OTP,0,20110105,114348,5184,16
OTP,0,20110105,114424,5186,34
OTP,0,20110105,114430,5188,200
OTP,0,20110105,114430,5188,11
BUX1112,0,20110105,114442,22400.5,1
BUX1112,0,20110105,114442,22400,9
OTP,0,20110105,114502,5188,77
MOL,0,20110105,114506,21200,8
MOL,0,20110105,114506,21200,192
MOL,0,20110105,114528,21200,208
MOL,0,20110105,114528,21200,24
GENESIS,0,20110105,114529,243,200
OTP,0,20110105,114532,5188,2
OTP,0,20110105,114532,5189,98
BUX1112,0,20110105,114552,22419,4
BUX1112,0,20110105,114552,22420,1
BUX1112,0,20110105,114552,22420,7
RFV,0,20110105,114552,8400,140
MOL,0,20110105,114553,21200,99
RABA,0,20110105,114604,817,283
RABA,0,20110105,114604,816,417
MTELEKOM,0,20110105,114614,540,100
ZWACK,0,20110105,114636,12900,6
ZWACK,0,20110105,114636,12900,14
MTELEKOM,0,20110105,114655,540,40
RICHTER,0,20110105,114658,42900,4
OTP,0,20110105,114659,5189,2372
OTP,0,20110105,114659,5189,164
OTP,0,20110105,114659,5190,77
OTP,0,20110105,114704,5190,200
MTELEKOM,0,20110105,114819,540,371
MTELEKOM,0,20110105,114819,540,226
MTELEKOM,0,20110105,114819,540,788
MTELEKOM,0,20110105,114819,540,1116
MTELEKOM,0,20110105,114821,540,1140
BUX1112,0,20110105,114833,22420,10
OTP,0,20110105,114853,5189,17
ZWACK,0,20110105,114859,12860,2
EGIS,0,20110105,114935,20190,8
EGIS,0,20110105,114935,20195,10
EGIS,0,20110105,114935,20200,2
BUX1112,0,20110105,115006,22437,3
BUX1112,0,20110105,115006,22439,1
BUX1112,0,20110105,115006,22448,6
BUX1112,0,20110105,115013,22447.5,1
BUX1112,0,20110105,115013,22448,4
BUX1112,0,20110105,115013,22450,1
BUX1112,0,20110105,115031,22450,24
RICHTER,0,20110105,115052,42890,3
MOL,0,20110105,115132,21200,5
MOL,0,20110105,115132,21200,100
OTP,0,20110105,115136,5190,56
OTP,0,20110105,115140,5190,87
MTELEKOM,0,20110105,115235,541,1360
RICHTER,0,20110105,115245,42890,10
MTELEKOM,0,20110105,115250,541,1
OTP,0,20110105,115302,5190,145
RFV,0,20110105,115314,8400,300
MTELEKOM,0,20110105,115328,541,70
OTP,0,20110105,115330,5190,279
OTP,0,20110105,115353,5189,16
OTP,0,20110105,115400,5189,75
OTP,0,20110105,115400,5189,25
FHB,0,20110105,115422,959,232
MTELEKOM,0,20110105,115450,541,500
RFV,0,20110105,115505,8400,12
GENESIS,0,20110105,115517,241,288
GENESIS,0,20110105,115517,241,12
OTP,0,20110105,115527,5189,70
GENESIS,0,20110105,115537,242,10
BUX1112,0,20110105,115557,22450,1
BUX1112,0,20110105,115557,22450,10
OTP,0,20110105,115624,5189,105
OTP,0,20110105,115624,5189,84
BUX1112,0,20110105,115638,22454.5,2
BUX1112,0,20110105,115638,22455,1
BUX1112,0,20110105,115638,22457,1
BUX1112,0,20110105,115638,22457,5
OTP,0,20110105,115707,5186,200
OTP,0,20110105,115707,5186,65
GENESIS,0,20110105,115734,242,100
MOL,0,20110105,115820,21200,50
BUX1112,0,20110105,115822,22445,3
MOL,0,20110105,115827,21205,20
RFV,0,20110105,115828,8400,310
BUX1112,0,20110105,115835,22450,17
BUX1112,0,20110105,115843,22450,1
BUX1112,0,20110105,115843,22450,20
OTP,0,20110105,115853,5186,16
RFV,0,20110105,115917,8400,30
BUX1112,0,20110105,115932,22450,5
GENESIS,0,20110105,115958,242,190
BUX1112,0,20110105,120008,22450,20
BUX1112,0,20110105,120010,22450,4
BUX1112,0,20110105,120010,22450,1
BUX1112,0,20110105,120016,22450,5
OTP,0,20110105,120021,5189,19
BUX1112,0,20110105,120021,22450,1
MTELEKOM,0,20110105,120036,540,919
MTELEKOM,0,20110105,120036,540,81
BUX1112,0,20110105,120037,22450,5
MOL,0,20110105,120040,21180,20
MOL,0,20110105,120040,21180,180
MOL,0,20110105,120045,21180,50
RICHTER,0,20110105,120048,42800,5
OTP,0,20110105,120051,5189,60
BUX1112,0,20110105,120056,22450,1
MOL,0,20110105,120100,21180,24
MOL,0,20110105,120100,21180,108
BUX1112,0,20110105,120102,22450,5
MOL,0,20110105,120106,21180,10
OTP,0,20110105,120109,5188,1
BUX1112,0,20110105,120111,22450,1
BOOK,0,20110105,120119,478,1
OTP,0,20110105,120119,5189,1
BOOK,0,20110105,120138,462,149
BUX1112,0,20110105,120145,22450,1
GENESIS,0,20110105,120152,241,988
GENESIS,0,20110105,120152,241,932
GENESIS,0,20110105,120152,240,4000
GENESIS,0,20110105,120152,240,1822
ZWACK,0,20110105,120152,12900,36
GENESIS,0,20110105,120205,240,178
MTELEKOM,0,20110105,120206,541,143
ZWACK,0,20110105,120210,12950,4
