<TICKER>,<PER>,<DTYYYYMMDD>,<TIME>,<CLOSE>,<VOLUME>
BUX1112,0,20110112,090015,22901,1
BUX1112,0,20110112,090015,22901,4
BUX1112,0,20110112,090015,22901,1
BUX1112,0,20110112,090015,22901,1
BUX1112,0,20110112,090015,22901,1
BUX1112,0,20110112,090015,22901,1
BUX1112,0,20110112,090015,22901,8
BUX1112,0,20110112,090015,22901,2
BUX1112,0,20110112,090015,22901,7
BUX1112,0,20110112,090015,22901,1
BUX1112,0,20110112,090015,22901,10
ANY,0,20110112,090025,760,200
ECONET,0,20110112,090025,89,2200
ECONET,0,20110112,090025,89,2800
ECONET,0,20110112,090025,89,100
ECONET,0,20110112,090025,89,900
ECONET,0,20110112,090025,89,1500
ECONET,0,20110112,090025,89,1600
ECONET,0,20110112,090025,89,1000
ECONET,0,20110112,090025,89,1000
ECONET,0,20110112,090025,89,700
ECONET,0,20110112,090025,89,400
ECONET,0,20110112,090025,89,2600
ECONET,0,20110112,090025,89,1000
ECONET,0,20110112,090025,89,4296
ECONET,0,20110112,090025,89,5000
ECONET,0,20110112,090025,89,1400
ECONET,0,20110112,090025,89,704
ECONET,0,20110112,090025,89,2496
ECONET,0,20110112,090025,89,50
ECONET,0,20110112,090025,89,1100
ECONET,0,20110112,090025,89,1354
ECONET,0,20110112,090025,89,1146
ECONET,0,20110112,090025,89,3300
ECONET,0,20110112,090025,89,500
ECONET,0,20110112,090025,89,2100
ECONET,0,20110112,090025,89,3330
ECONET,0,20110112,090025,89,3624
ECONET,0,20110112,090025,89,1376
ECONET,0,20110112,090025,89,350
FOTEX,0,20110112,090025,384,20
GENESIS,0,20110112,090025,210,30
GENESIS,0,20110112,090025,210,940
HUMET,0,20110112,090025,9,500
HUMET,0,20110112,090025,9,3000
HUMET,0,20110112,090025,9,10000
MOL,0,20110112,090025,21750,4
MOL,0,20110112,090025,21750,40
MOL,0,20110112,090025,21750,5
MOL,0,20110112,090025,21750,5
MOL,0,20110112,090025,21750,2
MOL,0,20110112,090025,21750,13
MTELEKOM,0,20110112,090025,550,120
MTELEKOM,0,20110112,090025,550,620
MTELEKOM,0,20110112,090025,550,950
MTELEKOM,0,20110112,090025,550,200
MTELEKOM,0,20110112,090025,550,4230
MTELEKOM,0,20110112,090025,550,770
MTELEKOM,0,20110112,090025,550,4000
OTP,0,20110112,090025,5325,94
OTP,0,20110112,090025,5325,10
OTP,0,20110112,090025,5325,46
OTP,0,20110112,090025,5325,50
OTP,0,20110112,090025,5325,19
OTP,0,20110112,090025,5325,100
OTP,0,20110112,090025,5325,400
OTP,0,20110112,090025,5325,1020
OTP,0,20110112,090025,5325,365
OTP,0,20110112,090025,5325,1000
OTP,0,20110112,090025,5325,3635
OTP,0,20110112,090025,5325,1500
OTP,0,20110112,090025,5325,1000
OTP,0,20110112,090025,5325,1500
OTP,0,20110112,090025,5325,1500
OTP,0,20110112,090025,5325,865
OTP,0,20110112,090025,5325,635
OTP,0,20110112,090025,5325,1500
OTP,0,20110112,090025,5325,1500
OTP,0,20110112,090025,5325,1500
OTP,0,20110112,090025,5325,1500
OTP,0,20110112,090025,5325,304
OTP,0,20110112,090025,5325,20
OTP,0,20110112,090025,5325,1085
OTP,0,20110112,090025,5325,500
OTP,0,20110112,090025,5325,101
OTP,0,20110112,090025,5325,23
OTP,0,20110112,090025,5325,100
OTP,0,20110112,090025,5325,1000
OTP,0,20110112,090025,5325,50
OTP,0,20110112,090025,5325,50
OTP,0,20110112,090025,5325,200
OTP,0,20110112,090025,5325,210
OTP,0,20110112,090025,5325,200
OTP,0,20110112,090025,5325,25
OTP,0,20110112,090025,5325,50
OTP,0,20110112,090025,5325,60
OTP,0,20110112,090025,5325,400
OTP,0,20110112,090025,5325,306
OTP,0,20110112,090025,5325,221
OTP,0,20110112,090025,5325,65
OTP,0,20110112,090025,5325,200
OTP,0,20110112,090025,5325,21
OTP,0,20110112,090025,5325,24
OTP,0,20110112,090025,5325,10
OTP,0,20110112,090025,5325,200
OTP,0,20110112,090025,5325,200
OTP,0,20110112,090025,5325,104
OTP,0,20110112,090025,5325,150
OTP,0,20110112,090025,5325,20
OTP,0,20110112,090025,5325,30
OTP,0,20110112,090025,5325,12
OTP,0,20110112,090025,5325,11
OTP,0,20110112,090025,5325,150
OTP,0,20110112,090025,5325,400
OTP,0,20110112,090025,5325,700
OTP,0,20110112,090025,5325,9
OTP,0,20110112,090025,5325,5000
OTP,0,20110112,090025,5325,1000
OTP,0,20110112,090025,5325,500
PANNERGY,0,20110112,090025,937,80
PANNERGY,0,20110112,090025,937,50
PANNERGY,0,20110112,090025,937,25
PANNERGY,0,20110112,090025,937,550
PANNERGY,0,20110112,090025,937,252
PANNERGY,0,20110112,090025,937,100
PANNERGY,0,20110112,090025,937,1058
PANNERGY,0,20110112,090025,937,442
PANNERGY,0,20110112,090025,937,896
PANNERGY,0,20110112,090025,937,40
PANNERGY,0,20110112,090025,937,220
PANNERGY,0,20110112,090025,937,100
PANNERGY,0,20110112,090025,937,802
PANNERGY,0,20110112,090025,937,1000
PANNERGY,0,20110112,090025,937,100
PANNERGY,0,20110112,090025,937,220
PANNERGY,0,20110112,090025,937,50
PANNERGY,0,20110112,090025,937,53
PANNERGY,0,20110112,090025,937,50
PANNERGY,0,20110112,090025,937,86
RICHTER,0,20110112,090025,43490,7
SYNERGON,0,20110112,090025,481,50
SYNERGON,0,20110112,090025,481,100
SYNERGON,0,20110112,090025,481,200
SYNERGON,0,20110112,090025,481,150
ZWACK,0,20110112,090025,12685,3
GENESIS,0,20110112,090200,210,1060
GENESIS,0,20110112,090200,210,58
GENESIS,0,20110112,090200,210,180
GENESIS,0,20110112,090200,205,300
GENESIS,0,20110112,090200,204,202
OTP,0,20110112,090200,5325,6000
PANNERGY,0,20110112,090200,938,100
PANNERGY,0,20110112,090200,938,1000
PANNERGY,0,20110112,090200,939,100
PANNERGY,0,20110112,090200,939,100
OTP,0,20110112,090201,5325,3654
OTP,0,20110112,090201,5325,380
DANUBIUS,0,20110112,090202,4420,100
ZWACK,0,20110112,090202,12685,17
PANNERGY,0,20110112,090204,940,50
OTP,0,20110112,090210,5325,200
OTP,0,20110112,090210,5301,250
OTP,0,20110112,090210,5300,809
PANNERGY,0,20110112,090213,940,850
PANNERGY,0,20110112,090214,944,60
PANNERGY,0,20110112,090214,944,250
RICHTER,0,20110112,090214,43600,1
OTP,0,20110112,090219,5320,15
OTP,0,20110112,090219,5320,235
OTP,0,20110112,090219,5325,65
ECONET,0,20110112,090221,88,1280
ECONET,0,20110112,090221,88,720
OTP,0,20110112,090223,5325,1000
OTP,0,20110112,090224,5310,90
BUX1112,0,20110112,090228,22910,2
ECONET,0,20110112,090230,88,1280
ECONET,0,20110112,090230,88,1000
ECONET,0,20110112,090230,88,715
PANNERGY,0,20110112,090234,942,800
PANNERGY,0,20110112,090234,943,200
OTP,0,20110112,090234,5320,910
TVK,0,20110112,090236,3445,6
TVK,0,20110112,090236,3490,1
BUX1112,0,20110112,090237,22910,3
MTELEKOM,0,20110112,090238,550,14
BUX1112,0,20110112,090240,22910,1
OTP,0,20110112,090241,5320,1000
OTP,0,20110112,090241,5320,1290
PANNERGY,0,20110112,090243,942,300
GENESIS,0,20110112,090243,206,66
BUX1112,0,20110112,090244,22919,2
BUX1112,0,20110112,090244,22920,2
BUX1112,0,20110112,090244,22920,2
BUX1112,0,20110112,090244,22920,10
BUX1112,0,20110112,090244,22927,1
BUX1112,0,20110112,090244,22929,10
BUX1112,0,20110112,090244,22930,15
BUX1112,0,20110112,090244,22930,5
BUX1112,0,20110112,090244,22937.5,2
BUX1112,0,20110112,090244,22940,5
BUX1112,0,20110112,090244,22942,1
BUX1112,0,20110112,090244,22949.5,2
BUX1112,0,20110112,090244,22950,4
BUX1112,0,20110112,090244,22959,3
BUX1112,0,20110112,090244,22959.5,1
BUX1112,0,20110112,090244,22960,2
BUX1112,0,20110112,090244,22961,1
BUX1112,0,20110112,090244,22980,5
BUX1112,0,20110112,090244,22980,1
BUX1112,0,20110112,090244,22980,2
BUX1112,0,20110112,090244,22980,3
BUX1112,0,20110112,090244,22980,10
BUX1112,0,20110112,090244,22985,3
BUX1112,0,20110112,090244,22990,4
BUX1112,0,20110112,090244,22997,1
BUX1112,0,20110112,090244,22998,2
BUX1112,0,20110112,090244,22998,1
BUX1112,0,20110112,090244,22998,4
BUX1112,0,20110112,090244,22999,1
BUX1112,0,20110112,090244,22999,9
BUX1112,0,20110112,090244,23000,11
BUX1112,0,20110112,090244,23000,1
BUX1112,0,20110112,090244,23000,13
BUX1112,0,20110112,090244,23000,2
BUX1112,0,20110112,090244,23000,1
BUX1112,0,20110112,090244,23000,1
BUX1112,0,20110112,090244,23010,8
BUX1112,0,20110112,090244,22995,1
OTP,0,20110112,090245,5310,910
BUX1112,0,20110112,090247,22995,5
BUX1112,0,20110112,090247,22991,5
OTP,0,20110112,090248,5310,1000
PANNERGY,0,20110112,090249,940,1150
PANNERGY,0,20110112,090249,940,300
PANNERGY,0,20110112,090249,940,500
PANNERGY,0,20110112,090249,940,200
PANNERGY,0,20110112,090253,940,500
PANNERGY,0,20110112,090253,940,1000
OTP,0,20110112,090253,5310,1000
BUX1112,0,20110112,090256,22991,10
PANNERGY,0,20110112,090300,940,300
PANNERGY,0,20110112,090301,940,550
PANNERGY,0,20110112,090301,941,150
BUX1112,0,20110112,090303,23000,1
MOL,0,20110112,090304,21700,14
RICHTER,0,20110112,090304,43500,1
OTP,0,20110112,090304,5307,50
OTP,0,20110112,090304,5301,250
OTP,0,20110112,090304,5301,19
OTP,0,20110112,090304,5301,400
OTP,0,20110112,090304,5300,1191
OTP,0,20110112,090304,5300,90
OTP,0,20110112,090304,5300,1000
OTP,0,20110112,090304,5300,1000
OTP,0,20110112,090304,5300,100
MOL,0,20110112,090310,21700,5
OTP,0,20110112,090310,5310,200
OTP,0,20110112,090310,5310,53
OTP,0,20110112,090310,5310,20
PANNERGY,0,20110112,090311,938,400
BUX1112,0,20110112,090319,22988,4
BUX1112,0,20110112,090319,22999,1
PANNERGY,0,20110112,090320,937,500
OTP,0,20110112,090321,5310,1000
OTP,0,20110112,090322,5301,50
OTP,0,20110112,090322,5300,50
OTP,0,20110112,090324,5300,600
PANNERGY,0,20110112,090330,939,200
OTP,0,20110112,090331,5300,200
PANNERGY,0,20110112,090335,937,311
PANNERGY,0,20110112,090335,936,900
PANNERGY,0,20110112,090335,936,70
PANNERGY,0,20110112,090335,935,330
PANNERGY,0,20110112,090335,935,389
PANNERGY,0,20110112,090339,935,366
PANNERGY,0,20110112,090339,935,150
PANNERGY,0,20110112,090339,935,1000
PANNERGY,0,20110112,090342,935,200
OTP,0,20110112,090343,5303,10
PANNERGY,0,20110112,090347,933,80
PANNERGY,0,20110112,090347,933,359
PANNERGY,0,20110112,090347,931,330
PANNERGY,0,20110112,090347,931,100
PANNERGY,0,20110112,090347,930,2150
PANNERGY,0,20110112,090347,930,150
PANNERGY,0,20110112,090347,930,170
PANNERGY,0,20110112,090347,930,280
PANNERGY,0,20110112,090347,930,1000
BUX1112,0,20110112,090347,22980,2
MOL,0,20110112,090351,21705,5
MOL,0,20110112,090351,21700,7
OTP,0,20110112,090352,5310,400
OTP,0,20110112,090352,5303,20
OTP,0,20110112,090352,5300,150
OTP,0,20110112,090353,5300,830
MOL,0,20110112,090355,21700,14
OTP,0,20110112,090359,5310,2301
PANNERGY,0,20110112,090407,933,100
OTP,0,20110112,090408,5310,2301
OTP,0,20110112,090409,5315,265
OTP,0,20110112,090409,5318,50
OTP,0,20110112,090409,5319,37
OTP,0,20110112,090409,5319,50
OTP,0,20110112,090409,5319,100
OTP,0,20110112,090409,5320,197
BUX1112,0,20110112,090411,22980,8
OTP,0,20110112,090413,5310,20
OTP,0,20110112,090413,5305,10
BUX1112,0,20110112,090415,22980,1
BUX1112,0,20110112,090416,22980,4
PANNERGY,0,20110112,090420,929,600
BUX1112,0,20110112,090423,22980,7
OTP,0,20110112,090428,5310,3000
BUX1112,0,20110112,090430,22980,3
BUX1112,0,20110112,090430,22970,2
PANNERGY,0,20110112,090435,932,200
HUMET,0,20110112,090436,9,10000
KEG,0,20110112,090436,138,850
KEG,0,20110112,090436,139,10
PANNERGY,0,20110112,090438,932,400
BUX1112,0,20110112,090446,22975,1
PANNERGY,0,20110112,090446,932,100
OTP,0,20110112,090451,5306,130
BUX1112,0,20110112,090455,22975,5
BUX1112,0,20110112,090457,22980,2
PANNERGY,0,20110112,090501,930,400
OTP,0,20110112,090502,5310,2000
OTP,0,20110112,090502,5310,49
OTP,0,20110112,090502,5310,2951
PANNERGY,0,20110112,090503,932,100
PANNERGY,0,20110112,090503,932,100
OTP,0,20110112,090505,5306,50
GENESIS,0,20110112,090507,211,234
BUX1112,0,20110112,090510,22980,3
BUX1112,0,20110112,090510,22975,2
OTP,0,20110112,090513,5310,49
MTELEKOM,0,20110112,090517,550,216
MTELEKOM,0,20110112,090517,550,78
MTELEKOM,0,20110112,090517,550,4706
OTP,0,20110112,090518,5310,951
OTP,0,20110112,090533,5311,8
OTP,0,20110112,090534,5311,22
MOL,0,20110112,090535,21700,86
MOL,0,20110112,090535,21700,20
MOL,0,20110112,090535,21700,23
MOL,0,20110112,090535,21700,20
PANNERGY,0,20110112,090540,932,700
PANNERGY,0,20110112,090540,934,300
PANNERGY,0,20110112,090540,935,1800
PANNERGY,0,20110112,090540,939,300
PANNERGY,0,20110112,090540,939,285
PANNERGY,0,20110112,090540,939,59
OTP,0,20110112,090540,5311,8
MTELEKOM,0,20110112,090541,550,294
MTELEKOM,0,20110112,090541,550,706
RABA,0,20110112,090554,824,110
MOL,0,20110112,090600,21700,50
OTP,0,20110112,090600,5310,17
OTP,0,20110112,090600,5313,33
MOL,0,20110112,090605,21730,150
MOL,0,20110112,090605,21730,19
MOL,0,20110112,090608,21700,1
MOL,0,20110112,090608,21700,49
OTP,0,20110112,090611,5313,967
OTP,0,20110112,090611,5315,3000
DANUBIUS,0,20110112,090619,4400,100
OTP,0,20110112,090620,5315,250
MTELEKOM,0,20110112,090626,550,1000
OTP,0,20110112,090640,5317,50
OTP,0,20110112,090640,5317,550
OTP,0,20110112,090651,5317,10
OTP,0,20110112,090651,5317,100
MOL,0,20110112,090654,21750,10
MOL,0,20110112,090654,21750,200
MOL,0,20110112,090654,21750,87
MOL,0,20110112,090654,21750,20
MOL,0,20110112,090654,21750,10
OTP,0,20110112,090655,5316,20
BUX1112,0,20110112,090701,22976,1
BUX1112,0,20110112,090701,22975,3
BUX1112,0,20110112,090701,22975,2
MTELEKOM,0,20110112,090703,550,294
MTELEKOM,0,20110112,090703,550,79
MTELEKOM,0,20110112,090703,550,80
MTELEKOM,0,20110112,090703,550,2547
OTP,0,20110112,090705,5317,330
PANNERGY,0,20110112,090712,937,93
BUX1112,0,20110112,090718,22989,1
ECONET,0,20110112,090722,88,285
ECONET,0,20110112,090722,88,600
ECONET,0,20110112,090722,88,500
ECONET,0,20110112,090722,88,3000
ECONET,0,20110112,090722,88,515
OTP,0,20110112,090726,5317,1000
PANNERGY,0,20110112,090731,935,120
PANNERGY,0,20110112,090731,935,112
MTELEKOM,0,20110112,090739,549,2767
OTP,0,20110112,090741,5317,10
OTP,0,20110112,090741,5320,803
OTP,0,20110112,090741,5320,8
OTP,0,20110112,090741,5320,300
OTP,0,20110112,090741,5320,879
OTP,0,20110112,090748,5316,300
PANNERGY,0,20110112,090751,935,109
MOL,0,20110112,090759,21715,7
MOL,0,20110112,090800,21755,10
MOL,0,20110112,090800,21760,5
BUX1112,0,20110112,090804,22989,1
BUX1112,0,20110112,090804,22989,2
MOL,0,20110112,090804,21720,40
PANNERGY,0,20110112,090805,937,35
MOL,0,20110112,090812,21715,18
PANNERGY,0,20110112,090814,936,100
MOL,0,20110112,090814,21715,44
MOL,0,20110112,090815,21720,20
PANNERGY,0,20110112,090818,935,181
PANNERGY,0,20110112,090818,934,19
MOL,0,20110112,090827,21760,18
MOL,0,20110112,090827,21775,100
MOL,0,20110112,090827,21780,5
MOL,0,20110112,090827,21780,10
MOL,0,20110112,090827,21780,50
MOL,0,20110112,090827,21780,300
MOL,0,20110112,090827,21790,145
MOL,0,20110112,090827,21795,25
MOL,0,20110112,090827,21795,40
MOL,0,20110112,090827,21795,50
MOL,0,20110112,090827,21795,60
MOL,0,20110112,090827,21795,100
MOL,0,20110112,090827,21800,5
MOL,0,20110112,090827,21800,110
MOL,0,20110112,090827,21800,66
MOL,0,20110112,090827,21800,10
MOL,0,20110112,090827,21800,30
MOL,0,20110112,090827,21800,5
MOL,0,20110112,090827,21800,11
MOL,0,20110112,090827,21800,20
MOL,0,20110112,090827,21800,100
MOL,0,20110112,090827,21800,1000
MOL,0,20110112,090827,21800,4000
MOL,0,20110112,090827,21800,4
OTP,0,20110112,090837,5319,100
OTP,0,20110112,090837,5320,321
OTP,0,20110112,090837,5320,120
OTP,0,20110112,090837,5320,50
OTP,0,20110112,090837,5320,53
BUX1112,0,20110112,090852,22970,1
OTP,0,20110112,090900,5323,100
OTP,0,20110112,090900,5324,10
OTP,0,20110112,090900,5324,1000
OTP,0,20110112,090900,5325,1890
OTP,0,20110112,090900,5325,3110
OTP,0,20110112,090900,5325,68
PANNERGY,0,20110112,090905,937,50
OTP,0,20110112,090908,5326,10
OTP,0,20110112,090908,5326,40
MOL,0,20110112,090910,21825,20
MOL,0,20110112,090910,21830,5
MOL,0,20110112,090910,21840,300
MOL,0,20110112,090910,21840,24
MOL,0,20110112,090910,21840,110
MOL,0,20110112,090910,21850,6
MOL,0,20110112,090910,21850,10
MOL,0,20110112,090910,21850,15
MOL,0,20110112,090910,21850,20
MOL,0,20110112,090910,21850,5
MOL,0,20110112,090910,21850,47
MOL,0,20110112,090910,21850,30
MOL,0,20110112,090910,21850,5
MOL,0,20110112,090910,21850,25
MOL,0,20110112,090910,21850,43
MOL,0,20110112,090910,21850,10
MOL,0,20110112,090910,21850,27
MOL,0,20110112,090910,21850,10
MOL,0,20110112,090910,21850,2000
MOL,0,20110112,090915,21850,500
OTP,0,20110112,090922,5327,20
OTP,0,20110112,090924,5328,500
OTP,0,20110112,090924,5330,20
OTP,0,20110112,090924,5330,40
OTP,0,20110112,090924,5330,30
OTP,0,20110112,090924,5330,40
OTP,0,20110112,090924,5330,170
BUX1112,0,20110112,090926,22988,2
BUX1112,0,20110112,090926,22988,2
BUX1112,0,20110112,090926,22989,2
BUX1112,0,20110112,090926,22990,4
MOL,0,20110112,090926,21870,100
MOL,0,20110112,090927,21875,10
MOL,0,20110112,090927,21880,100
MOL,0,20110112,090927,21880,37
MOL,0,20110112,090927,21880,24
PANNUNION,0,20110112,090930,150,500
OTP,0,20110112,090931,5330,690
OTP,0,20110112,090931,5330,50
MOL,0,20110112,090939,21880,79
MOL,0,20110112,090939,21880,66
OTP,0,20110112,090939,5330,500
GENESIS,0,20110112,090940,211,35
SYNERGON,0,20110112,090943,487,50
SYNERGON,0,20110112,090943,488,50
SYNERGON,0,20110112,090943,488,100
OTP,0,20110112,090944,5331,13
PANNERGY,0,20110112,090948,937,150
MOL,0,20110112,090955,21870,5
MOL,0,20110112,090955,21885,3
MOL,0,20110112,090955,21885,155
MOL,0,20110112,090955,21890,5
MOL,0,20110112,090955,21890,7
MOL,0,20110112,090955,21895,160
MOL,0,20110112,090955,21895,50
MOL,0,20110112,090955,21895,5
MOL,0,20110112,090955,21895,7
MOL,0,20110112,090955,21900,500
MOL,0,20110112,090955,21900,500
MOL,0,20110112,090955,21900,3
MOL,0,20110112,090955,21900,10
MOL,0,20110112,090955,21900,10
MOL,0,20110112,090955,21900,40
MOL,0,20110112,090955,21900,100
MOL,0,20110112,090955,21900,150
MOL,0,20110112,090955,21900,50
MOL,0,20110112,090955,21900,15
MOL,0,20110112,090955,21900,4
MOL,0,20110112,090955,21900,25
MOL,0,20110112,090955,21900,25
MOL,0,20110112,090955,21900,20
MOL,0,20110112,090955,21900,2845
BUX1112,0,20110112,090958,22990,6
OTP,0,20110112,091002,5330,20
OTP,0,20110112,091005,5330,50
MOL,0,20110112,091005,21860,28
OTP,0,20110112,091007,5330,430
OTP,0,20110112,091007,5330,100
OTP,0,20110112,091007,5330,470
OTP,0,20110112,091008,5330,530
OTP,0,20110112,091008,5330,470
MOL,0,20110112,091009,21830,27
MOL,0,20110112,091009,21860,3
OTP,0,20110112,091010,5330,530
OTP,0,20110112,091010,5330,470
OTP,0,20110112,091015,5330,530
OTP,0,20110112,091015,5330,80
OTP,0,20110112,091015,5330,4
OTP,0,20110112,091015,5328,386
OTP,0,20110112,091016,5330,500
MOL,0,20110112,091018,21860,27
OTP,0,20110112,091020,5328,164
OTP,0,20110112,091020,5327,30
BUX1112,0,20110112,091022,22992,1
BUX1112,0,20110112,091022,22995,2
BUX1112,0,20110112,091022,22996,1
BUX1112,0,20110112,091024,22996,1
BUX1112,0,20110112,091024,22996,1
BUX1112,0,20110112,091024,22990,1
BUX1112,0,20110112,091024,22996,4
BUX1112,0,20110112,091024,22999,1
BUX1112,0,20110112,091024,22999,1
BUX1112,0,20110112,091024,22999,8
BUX1112,0,20110112,091028,22999,12
BUX1112,0,20110112,091028,22999,4
BUX1112,0,20110112,091028,23000,14
GENESIS,0,20110112,091029,211,200
BUX1112,0,20110112,091031,23000,1
BUX1112,0,20110112,091031,23000,10
BUX1112,0,20110112,091031,23000,5
BUX1112,0,20110112,091031,23000,3
BUX1112,0,20110112,091031,23010,2
BUX1112,0,20110112,091033,23015,1
BUX1112,0,20110112,091033,23019,1
PANNERGY,0,20110112,091034,937,422
PANNERGY,0,20110112,091034,938,830
PANNERGY,0,20110112,091034,940,748
PANNERGY,0,20110112,091034,940,100
BUX1112,0,20110112,091036,23019,2
BUX1112,0,20110112,091036,23025,1
RICHTER,0,20110112,091039,43500,18
BUX1112,0,20110112,091041,23029.5,2
BUX1112,0,20110112,091041,23040,1
RICHTER,0,20110112,091044,43500,4
MTELEKOM,0,20110112,091052,550,2453
MTELEKOM,0,20110112,091052,550,2547
BUX1112,0,20110112,091054,23000,8
OTP,0,20110112,091058,5327,6
OTP,0,20110112,091058,5329,94
MOL,0,20110112,091058,21850,5
MOL,0,20110112,091102,21850,195
MOL,0,20110112,091102,21850,19
BUX1112,0,20110112,091103,23000,1
BUX1112,0,20110112,091104,23000,4
ECONET,0,20110112,091107,88,485
ECONET,0,20110112,091107,88,715
OTP,0,20110112,091108,5326,200
PANNERGY,0,20110112,091109,939,100
PANNERGY,0,20110112,091109,940,52
PANNERGY,0,20110112,091109,940,98
MOL,0,20110112,091109,21860,360
PANNERGY,0,20110112,091113,940,402
PANNERGY,0,20110112,091113,940,98
BUX1112,0,20110112,091114,23000,10
MOL,0,20110112,091115,21880,23
MOL,0,20110112,091115,21895,30
MOL,0,20110112,091115,21895,200
MOL,0,20110112,091115,21895,15
MOL,0,20110112,091115,21900,155
MOL,0,20110112,091115,21900,2000
MOL,0,20110112,091115,21900,10
MTELEKOM,0,20110112,091120,550,2704
MTELEKOM,0,20110112,091120,550,81
MTELEKOM,0,20110112,091120,550,82
MOL,0,20110112,091120,21850,5
OTP,0,20110112,091122,5329,20
PANNERGY,0,20110112,091122,940,232
PANNERGY,0,20110112,091122,940,18
MOL,0,20110112,091128,21890,100
BUX1112,0,20110112,091129,22998,1
GENESIS,0,20110112,091130,211,31
OTP,0,20110112,091139,5329,96
OTP,0,20110112,091139,5329,204
MOL,0,20110112,091141,21900,60
MOL,0,20110112,091141,21860,100
MOL,0,20110112,091141,21850,340
OTP,0,20110112,091204,5326,250
OTP,0,20110112,091204,5326,1200
OTP,0,20110112,091209,5328,50
OTP,0,20110112,091209,5329,150
OTP,0,20110112,091213,5325,320
OTP,0,20110112,091213,5325,1000
OTP,0,20110112,091213,5325,65
OTP,0,20110112,091213,5325,25
OTP,0,20110112,091218,5326,60
PANNERGY,0,20110112,091219,940,70
PANNERGY,0,20110112,091220,940,500
OTP,0,20110112,091220,5321,100
OTP,0,20110112,091220,5320,1356
OTP,0,20110112,091220,5320,1500
BUX1112,0,20110112,091221,22998,1
MTELEKOM,0,20110112,091221,550,200
MOL,0,20110112,091228,21900,20
MOL,0,20110112,091228,21900,64
MOL,0,20110112,091228,21900,22
MOL,0,20110112,091228,21900,5
MOL,0,20110112,091228,21900,5
MOL,0,20110112,091228,21900,17
PANNERGY,0,20110112,091229,940,112
OTP,0,20110112,091233,5325,7
PANNERGY,0,20110112,091234,940,8
MOL,0,20110112,091235,21900,2
PANNERGY,0,20110112,091237,940,240
RABA,0,20110112,091238,830,74
RABA,0,20110112,091238,830,26
RICHTER,0,20110112,091239,43500,1
OTP,0,20110112,091239,5320,1000
OTP,0,20110112,091239,5320,560
MOL,0,20110112,091247,21900,37
MOL,0,20110112,091253,21900,24
MOL,0,20110112,091255,21900,37
PANNERGY,0,20110112,091257,939,400
MOL,0,20110112,091304,21860,45
MOL,0,20110112,091304,21900,24
PANNERGY,0,20110112,091306,939,430
BUX1112,0,20110112,091315,22999,3
PANNERGY,0,20110112,091325,939,122
KEG,0,20110112,091334,138,500
MOL,0,20110112,091335,21900,50
MOL,0,20110112,091337,21900,15
MOL,0,20110112,091338,21900,161
PANNERGY,0,20110112,091339,939,48
PANNERGY,0,20110112,091339,940,652
PANNERGY,0,20110112,091339,941,500
OTP,0,20110112,091340,5320,25
OTP,0,20110112,091340,5318,25
MOL,0,20110112,091347,21900,139
MOL,0,20110112,091347,21900,5
MOL,0,20110112,091352,21900,6
RICHTER,0,20110112,091404,43500,3
PANNERGY,0,20110112,091407,940,100
OTP,0,20110112,091414,5320,10
OTP,0,20110112,091414,5320,27
SYNERGON,0,20110112,091421,487,50
SYNERGON,0,20110112,091421,488,75
OTP,0,20110112,091423,5320,23
OTP,0,20110112,091423,5320,100
OTP,0,20110112,091423,5320,53
MOL,0,20110112,091430,21890,25
OTP,0,20110112,091431,5321,224
OTP,0,20110112,091431,5318,75
OTP,0,20110112,091431,5318,20
OTP,0,20110112,091431,5318,5
KEG,0,20110112,091432,137,500
RICHTER,0,20110112,091434,43505,1
BUX1112,0,20110112,091435,22981,4
MOL,0,20110112,091439,21890,250
MOL,0,20110112,091447,21890,1
MOL,0,20110112,091447,21890,20
MOL,0,20110112,091447,21890,50
MOL,0,20110112,091447,21895,42
MOL,0,20110112,091447,21900,50
MOL,0,20110112,091447,21900,10
MOL,0,20110112,091447,21900,45
MOL,0,20110112,091447,21900,200
MOL,0,20110112,091447,21900,10
BUX1112,0,20110112,091449,22994,10
BUX1112,0,20110112,091449,22996,5
MTELEKOM,0,20110112,091458,551,180
MOL,0,20110112,091459,21860,55
MOL,0,20110112,091459,21860,245
MOL,0,20110112,091503,21900,93
MOL,0,20110112,091507,21900,7
MOL,0,20110112,091507,21900,100
PANNERGY,0,20110112,091508,940,800
PANNERGY,0,20110112,091508,940,60
PANNERGY,0,20110112,091508,941,1150
PANNERGY,0,20110112,091508,941,100
PANNERGY,0,20110112,091508,941,300
PANNERGY,0,20110112,091508,941,100
PANNERGY,0,20110112,091508,942,1000
PANNERGY,0,20110112,091508,943,800
PANNERGY,0,20110112,091508,944,30
PANNERGY,0,20110112,091508,945,100
PANNERGY,0,20110112,091508,945,70
PANNERGY,0,20110112,091508,945,490
OTP,0,20110112,091511,5320,61
OTP,0,20110112,091511,5320,52
OTP,0,20110112,091512,5320,87
OTP,0,20110112,091512,5320,13
OTP,0,20110112,091512,5321,50
OTP,0,20110112,091512,5321,63
OTP,0,20110112,091512,5321,269
OTP,0,20110112,091518,5320,20
MOL,0,20110112,091518,21900,20
MOL,0,20110112,091518,21900,50
MOL,0,20110112,091518,21900,130
RICHTER,0,20110112,091519,43600,10
OTP,0,20110112,091520,5320,100
OTP,0,20110112,091522,5320,880
OTP,0,20110112,091532,5320,120
OTP,0,20110112,091532,5320,2
FHB,0,20110112,091536,961,50
FHB,0,20110112,091536,960,89
FHB,0,20110112,091536,960,105
FHB,0,20110112,091536,960,706
OTP,0,20110112,091536,5320,878
PANNERGY,0,20110112,091536,945,12
OTP,0,20110112,091543,5320,276
BUX1112,0,20110112,091551,22995,2
PANNERGY,0,20110112,091604,943,450
MOL,0,20110112,091606,21895,5
MOL,0,20110112,091606,21900,70
MOL,0,20110112,091606,21900,59
MOL,0,20110112,091606,21900,166
EGIS,0,20110112,091614,21095,209
EGIS,0,20110112,091614,21100,41
EGIS,0,20110112,091614,21100,2
ECONET,0,20110112,091615,89,500
PANNERGY,0,20110112,091619,943,500
PANNERGY,0,20110112,091619,943,400
MTELEKOM,0,20110112,091621,550,88
EGIS,0,20110112,091623,21100,55
PANNERGY,0,20110112,091625,943,1100
ECONET,0,20110112,091629,89,12774
ECONET,0,20110112,091629,89,1280
ECONET,0,20110112,091629,89,946
RICHTER,0,20110112,091629,43505,2
OTP,0,20110112,091631,5317,50
EGIS,0,20110112,091633,21170,8
EGIS,0,20110112,091633,21195,19
BUX1112,0,20110112,091635,22990,2
BUX1112,0,20110112,091635,22995,3
BUX1112,0,20110112,091635,22996,1
BUX1112,0,20110112,091635,22996,1
BUX1112,0,20110112,091635,22997,10
PANNERGY,0,20110112,091636,944,20
PANNERGY,0,20110112,091636,944,800
PANNERGY,0,20110112,091636,945,80
BUX1112,0,20110112,091637,22998,5
BUX1112,0,20110112,091637,23000,27
MOL,0,20110112,091637,21900,34
MOL,0,20110112,091637,21900,19
MOL,0,20110112,091637,21900,303
OTP,0,20110112,091638,5320,50
OTP,0,20110112,091638,5320,50
OTP,0,20110112,091638,5320,1000
OTP,0,20110112,091638,5320,300
OTP,0,20110112,091638,5320,49
BUX1112,0,20110112,091638,23000,1
OTP,0,20110112,091641,5321,2731
OTP,0,20110112,091641,5321,21
OTP,0,20110112,091641,5322,300
OTP,0,20110112,091641,5322,3000
MOL,0,20110112,091642,21900,9697
OTP,0,20110112,091646,5320,122
GENESIS,0,20110112,091648,213,200
OTP,0,20110112,091648,5323,250
OTP,0,20110112,091650,5323,1750
OTP,0,20110112,091650,5323,3000
OTP,0,20110112,091658,5324,120
OTP,0,20110112,091658,5324,80
OTP,0,20110112,091659,5320,429
ECONET,0,20110112,091700,89,600
ECONET,0,20110112,091701,89,954
OTP,0,20110112,091702,5320,307
BUX1112,0,20110112,091706,23000,1
PANNERGY,0,20110112,091714,944,150
MOL,0,20110112,091719,21905,5
MOL,0,20110112,091719,21905,200
MOL,0,20110112,091724,21890,14
OTP,0,20110112,091726,5324,120
OTP,0,20110112,091726,5324,3000
OTP,0,20110112,091726,5324,1880
MOL,0,20110112,091727,21865,25
OTP,0,20110112,091732,5324,1050
BUX1112,0,20110112,091734,23000,2
OTP,0,20110112,091740,5324,70
OTP,0,20110112,091740,5324,1451
MOL,0,20110112,091741,21900,10
BUX1112,0,20110112,091754,23019,5
BUX1112,0,20110112,091754,23025,4
OTP,0,20110112,091755,5324,400
BUX1112,0,20110112,091757,23025,11
BUX1112,0,20110112,091757,23030,1
OTP,0,20110112,091800,5324,200
OTP,0,20110112,091800,5324,949
OTP,0,20110112,091800,5324,2051
OTP,0,20110112,091801,5324,949
MOL,0,20110112,091805,21870,44
BUX1112,0,20110112,091805,23030,3
OTP,0,20110112,091806,5325,993
OTP,0,20110112,091806,5325,3000
OTP,0,20110112,091806,5325,220
OTP,0,20110112,091806,5325,10
OTP,0,20110112,091806,5325,105
OTP,0,20110112,091808,5325,49
OTP,0,20110112,091813,5325,1000
OTP,0,20110112,091815,5325,1000
OTP,0,20110112,091816,5325,1000
BUX1112,0,20110112,091816,23034,10
OTP,0,20110112,091816,5327,20
OTP,0,20110112,091816,5327,80
MTELEKOM,0,20110112,091819,551,820
MTELEKOM,0,20110112,091819,551,77
MTELEKOM,0,20110112,091819,551,78
MTELEKOM,0,20110112,091819,551,3700
MTELEKOM,0,20110112,091819,552,325
MTELEKOM,0,20110112,091819,552,890
OTP,0,20110112,091819,5327,20
OTP,0,20110112,091819,5327,20
OTP,0,20110112,091819,5327,3000
OTP,0,20110112,091821,5328,1000
OTP,0,20110112,091821,5328,20
OTP,0,20110112,091821,5328,76
OTP,0,20110112,091821,5329,646
OTP,0,20110112,091821,5329,100
OTP,0,20110112,091821,5329,158
OTP,0,20110112,091822,5329,842
OTP,0,20110112,091822,5329,30
OTP,0,20110112,091822,5330,300
OTP,0,20110112,091822,5330,50
OTP,0,20110112,091822,5330,100
OTP,0,20110112,091822,5330,250
OTP,0,20110112,091822,5330,550
OTP,0,20110112,091822,5330,100
MOL,0,20110112,091823,21910,40
MOL,0,20110112,091823,21910,5
MOL,0,20110112,091823,21910,12
MOL,0,20110112,091823,21910,68
MOL,0,20110112,091823,21910,19
MOL,0,20110112,091823,21910,159
OTP,0,20110112,091826,5331,50
OTP,0,20110112,091827,5330,1000
OTP,0,20110112,091827,5331,2
OTP,0,20110112,091827,5331,1250
OTP,0,20110112,091827,5331,20
OTP,0,20110112,091827,5331,50
OTP,0,20110112,091830,5330,1000
OTP,0,20110112,091832,5330,1000
BUX1112,0,20110112,091832,23037,1
BUX1112,0,20110112,091832,23039,1
BUX1112,0,20110112,091832,23039,4
BUX1112,0,20110112,091832,23039.5,2
OTP,0,20110112,091832,5330,1000
OTP,0,20110112,091833,5330,1040
PANNERGY,0,20110112,091834,943,74
BUX1112,0,20110112,091835,23040,1
BUX1112,0,20110112,091835,23047,1
OTP,0,20110112,091835,5330,2000
OTP,0,20110112,091835,5331,2000
OTP,0,20110112,091835,5331,1000
OTP,0,20110112,091839,5330,400
OTP,0,20110112,091845,5330,196
OTP,0,20110112,091847,5330,404
OTP,0,20110112,091847,5330,596
MOL,0,20110112,091850,21900,250
MOL,0,20110112,091850,21900,27
MOL,0,20110112,091850,21900,141
OTP,0,20110112,091853,5327,100
OTP,0,20110112,091853,5327,900
OTP,0,20110112,091854,5327,1000
MOL,0,20110112,091855,21900,52
OTP,0,20110112,091855,5327,600
OTP,0,20110112,091855,5325,20
OTP,0,20110112,091855,5325,100
OTP,0,20110112,091857,5325,280
OTP,0,20110112,091857,5330,4904
OTP,0,20110112,091857,5330,70
OTP,0,20110112,091857,5330,4746
MOL,0,20110112,091903,21900,5
OTP,0,20110112,091904,5329,1000
OTP,0,20110112,091904,5330,254
OTP,0,20110112,091904,5330,5000
OTP,0,20110112,091904,5330,100
KEG,0,20110112,091905,138,84
KEG,0,20110112,091905,138,16
OTP,0,20110112,091906,5330,3000
GENESIS,0,20110112,091907,218,50
MOL,0,20110112,091907,21910,41
MOL,0,20110112,091907,21910,59
OTP,0,20110112,091913,5330,10
OTP,0,20110112,091916,5330,500
OTP,0,20110112,091916,5330,20
OTP,0,20110112,091917,5330,116
MOL,0,20110112,091919,21910,41
MOL,0,20110112,091919,21910,200
MOL,0,20110112,091919,21915,5
MOL,0,20110112,091919,21915,2
MOL,0,20110112,091919,21915,9
MOL,0,20110112,091919,21915,50
MOL,0,20110112,091919,21915,100
MOL,0,20110112,091919,21915,6
MOL,0,20110112,091919,21920,5
MOL,0,20110112,091919,21920,28
MOL,0,20110112,091919,21920,300
MOL,0,20110112,091919,21920,100
MOL,0,20110112,091919,21930,6
MOL,0,20110112,091919,21930,4
MOL,0,20110112,091919,21930,500
MOL,0,20110112,091919,21930,144
OTP,0,20110112,091919,5330,530
MOL,0,20110112,091920,21930,256
MOL,0,20110112,091921,21930,20
OTP,0,20110112,091925,5330,1059
MOL,0,20110112,091929,21935,10
MOL,0,20110112,091929,21940,5
MOL,0,20110112,091929,21940,100
MOL,0,20110112,091929,21945,10
MOL,0,20110112,091929,21945,3
MOL,0,20110112,091929,21945,100
MOL,0,20110112,091929,21945,5
MOL,0,20110112,091929,21950,29
MOL,0,20110112,091929,21950,23
MOL,0,20110112,091929,21950,69
MOL,0,20110112,091929,21950,145
MOL,0,20110112,091929,21950,50
MOL,0,20110112,091929,21950,92
MOL,0,20110112,091929,21950,60
MOL,0,20110112,091929,21950,20
MOL,0,20110112,091929,21950,10
MOL,0,20110112,091929,21950,55
MOL,0,20110112,091929,21950,29
OTP,0,20110112,091929,5331,51
PANNERGY,0,20110112,091932,943,80
KEG,0,20110112,091932,138,509
OTP,0,20110112,091935,5325,100
MOL,0,20110112,091939,21945,97
MOL,0,20110112,091939,21950,21
MOL,0,20110112,091939,21950,50
MOL,0,20110112,091939,21950,26
MOL,0,20110112,091939,21950,3
MOL,0,20110112,091944,21960,200
OTP,0,20110112,091948,5331,1600
OTP,0,20110112,091948,5330,5000
OTP,0,20110112,091949,5331,299
OTP,0,20110112,091949,5331,1701
PANNERGY,0,20110112,091951,943,100
MOL,0,20110112,091958,21960,100
MOL,0,20110112,091958,21965,71
MOL,0,20110112,091958,21965,200
MOL,0,20110112,091958,21970,30
MOL,0,20110112,091958,21970,6
MOL,0,20110112,091958,21970,14
MOL,0,20110112,091958,21975,10
MOL,0,20110112,091958,21975,15
MOL,0,20110112,091958,21980,52
MOL,0,20110112,091958,21980,10
MOL,0,20110112,091958,21980,20
MOL,0,20110112,091958,21980,100
MOL,0,20110112,091958,21980,100
MOL,0,20110112,091958,21980,50
MOL,0,20110112,091958,21980,20
MOL,0,20110112,091958,21980,300
MOL,0,20110112,091958,21985,5
MOL,0,20110112,091958,21985,250
MOL,0,20110112,091958,21985,18
MOL,0,20110112,091958,21985,2
MOL,0,20110112,091958,21990,5
MOL,0,20110112,091958,21990,150
MOL,0,20110112,091958,21990,81
MOL,0,20110112,091958,21990,30
MOL,0,20110112,091958,21990,5
MOL,0,20110112,091958,21990,8
MOL,0,20110112,091958,21990,470
MOL,0,20110112,091958,21990,50
MOL,0,20110112,091958,21990,30
MOL,0,20110112,091958,21990,40
MOL,0,20110112,091958,21990,20
MOL,0,20110112,091958,21990,9
MOL,0,20110112,091958,21995,43
MOL,0,20110112,091958,21995,20
MOL,0,20110112,091958,21995,55
MOL,0,20110112,091958,21995,31
MOL,0,20110112,091958,21995,81
MOL,0,20110112,091958,21995,300
MOL,0,20110112,091958,21995,2
MOL,0,20110112,091958,21995,100
MOL,0,20110112,091958,21995,700
MOL,0,20110112,091958,22000,18
MOL,0,20110112,091958,22000,16
MOL,0,20110112,091958,22000,55
MOL,0,20110112,091958,22000,7
MOL,0,20110112,091958,22000,32
MOL,0,20110112,091958,22000,88
MOL,0,20110112,091958,22000,244
MOL,0,20110112,091958,22000,76
MOL,0,20110112,091958,22000,11
MOL,0,20110112,091958,22000,176
MOL,0,20110112,091958,22000,392
MOL,0,20110112,091958,22000,130
MOL,0,20110112,091958,22000,10
MOL,0,20110112,091958,22000,55
MOL,0,20110112,091958,22000,5000
MOL,0,20110112,091958,22000,13
MOL,0,20110112,091958,22000,50
MOL,0,20110112,091958,22000,16
MOL,0,20110112,091958,22000,92
MOL,0,20110112,091958,22000,50
MOL,0,20110112,091958,22000,50
MOL,0,20110112,091958,22000,10
MOL,0,20110112,091958,22000,45
MOL,0,20110112,091958,22000,10
MOL,0,20110112,091958,22000,942
MOL,0,20110112,091958,22000,3
MOL,0,20110112,091958,22000,5
MOL,0,20110112,091958,22000,210
MOL,0,20110112,091958,22000,100
MOL,0,20110112,091958,22000,9
MOL,0,20110112,091958,22000,10
MOL,0,20110112,091958,22000,26
MOL,0,20110112,091958,22000,30
MOL,0,20110112,091958,22000,130
MOL,0,20110112,091958,22000,200
MOL,0,20110112,091958,22000,10
MOL,0,20110112,091958,22000,50
MOL,0,20110112,091958,22000,100
MOL,0,20110112,091958,22000,149
MOL,0,20110112,091958,22000,10
MOL,0,20110112,091958,22000,500
MOL,0,20110112,091958,22000,10
MOL,0,20110112,091958,22000,60
MOL,0,20110112,091958,22000,40
MOL,0,20110112,091958,22000,60
MOL,0,20110112,091958,22000,20
MOL,0,20110112,091958,22000,187
MOL,0,20110112,091958,22000,5
MOL,0,20110112,091958,22000,18
MOL,0,20110112,091958,22000,25
MOL,0,20110112,091958,22000,48
MOL,0,20110112,091958,22000,149
MOL,0,20110112,091958,22000,10
MOL,0,20110112,091958,22000,30
MOL,0,20110112,091958,22000,50
MOL,0,20110112,091958,22000,500
MOL,0,20110112,091958,22000,25
MOL,0,20110112,091958,22000,28
MOL,0,20110112,091958,22000,3000
MOL,0,20110112,091958,22000,2000
MOL,0,20110112,091958,22000,4
MOL,0,20110112,091958,22000,5
MOL,0,20110112,091958,22000,100
MOL,0,20110112,091958,22000,200
MOL,0,20110112,091958,22000,10
MOL,0,20110112,091958,22000,24
MOL,0,20110112,091958,22000,2160
MOL,0,20110112,091959,22030,8
MOL,0,20110112,091959,22040,4
MOL,0,20110112,091959,22040,50
MOL,0,20110112,091959,22050,6
MOL,0,20110112,091959,22050,32
MOL,0,20110112,091959,22050,10
OTP,0,20110112,091959,5330,515
OTP,0,20110112,092000,5331,130
OTP,0,20110112,092004,5330,5000
MOL,0,20110112,092005,22000,499
MOL,0,20110112,092006,21950,3
BUX1112,0,20110112,092008,23049,10
BUX1112,0,20110112,092008,23050,1
MOL,0,20110112,092012,22000,1000
MOL,0,20110112,092012,22000,501
MOL,0,20110112,092012,22000,19
MOL,0,20110112,092012,22000,200
BUX1112,0,20110112,092018,23060,1
OTP,0,20110112,092019,5330,200
OTP,0,20110112,092019,5330,5000
PANNERGY,0,20110112,092020,942,150
BUX1112,0,20110112,092023,23063,2
BUX1112,0,20110112,092023,23064,4
BUX1112,0,20110112,092023,23065,1
PANNERGY,0,20110112,092024,941,300
PANNERGY,0,20110112,092024,940,100
PANNERGY,0,20110112,092024,940,100
PANNERGY,0,20110112,092024,940,570
PANNERGY,0,20110112,092024,940,1000
OTP,0,20110112,092029,5330,500
MOL,0,20110112,092035,22000,100
OTP,0,20110112,092038,5330,500
OTP,0,20110112,092038,5330,54
OTP,0,20110112,092038,5331,446
MOL,0,20110112,092041,22000,400
OTP,0,20110112,092044,5330,1000
OTP,0,20110112,092044,5330,1000
MOL,0,20110112,092046,22000,15
OTP,0,20110112,092046,5330,250
OTP,0,20110112,092046,5330,4750
OTP,0,20110112,092046,5326,600
OTP,0,20110112,092046,5326,600
OTP,0,20110112,092046,5325,900
OTP,0,20110112,092046,5325,1000
OTP,0,20110112,092046,5325,40
OTP,0,20110112,092046,5325,670
MOL,0,20110112,092050,22000,500
OTP,0,20110112,092055,5330,5000
MOL,0,20110112,092055,22000,200
BUX1112,0,20110112,092055,23050,1
OTP,0,20110112,092056,5325,1000
MTELEKOM,0,20110112,092056,552,175
OTP,0,20110112,092057,5330,130
BUX1112,0,20110112,092057,23050,9
MOL,0,20110112,092058,22000,20
BUX1112,0,20110112,092059,23015,1
OTP,0,20110112,092101,5330,870
OTP,0,20110112,092101,5330,4100
OTP,0,20110112,092101,5330,30
MOL,0,20110112,092101,22000,45
MOL,0,20110112,092101,22000,57
PANNERGY,0,20110112,092105,939,238
OTP,0,20110112,092105,5325,150
OTP,0,20110112,092106,5330,2772
OTP,0,20110112,092106,5330,1000
OTP,0,20110112,092106,5330,550
MOL,0,20110112,092111,21960,2
OTP,0,20110112,092112,5331,14
OTP,0,20110112,092112,5331,4
OTP,0,20110112,092112,5333,32
OTP,0,20110112,092113,5330,678
OTP,0,20110112,092113,5330,322
OTP,0,20110112,092114,5330,50
MOL,0,20110112,092114,22000,227
OTP,0,20110112,092116,5330,1000
PANNERGY,0,20110112,092116,938,50
PANNERGY,0,20110112,092116,938,400
OTP,0,20110112,092118,5330,15
OTP,0,20110112,092118,5330,6000
OTP,0,20110112,092119,5330,613
OTP,0,20110112,092120,5330,387
OTP,0,20110112,092120,5330,1000
OTP,0,20110112,092120,5333,68
OTP,0,20110112,092120,5333,100
OTP,0,20110112,092120,5333,31
OTP,0,20110112,092120,5334,75
OTP,0,20110112,092120,5334,104
OTP,0,20110112,092120,5334,235
MOL,0,20110112,092121,22000,671
MOL,0,20110112,092121,22000,6
MOL,0,20110112,092121,22000,200
OTP,0,20110112,092122,5334,200
OTP,0,20110112,092126,5334,565
OTP,0,20110112,092126,5334,200
OTP,0,20110112,092126,5334,50
OTP,0,20110112,092126,5335,185
MOL,0,20110112,092128,22000,123
MOL,0,20110112,092130,22000,68
OTP,0,20110112,092139,5330,112
BUX1112,0,20110112,092142,23041,1
ORC,0,20110112,092144,2050,10
ORC,0,20110112,092144,1985,20
ORC,0,20110112,092144,1980,5
OTP,0,20110112,092146,5326,100
MOL,0,20110112,092147,22000,10
PANNERGY,0,20110112,092154,937,190
MOL,0,20110112,092154,22000,377
OTP,0,20110112,092154,5330,100
OTP,0,20110112,092158,5334,40
BUX1112,0,20110112,092206,23041,3
BUX1112,0,20110112,092206,23040,3
RFV,0,20110112,092207,8250,124
RFV,0,20110112,092207,8280,166
MOL,0,20110112,092208,22000,200
OTP,0,20110112,092208,5334,261
OTP,0,20110112,092208,5335,1739
OTP,0,20110112,092211,5331,10
PANNERGY,0,20110112,092217,936,60
MOL,0,20110112,092223,22005,5
MOL,0,20110112,092225,22005,5
MTELEKOM,0,20110112,092225,551,83
OTP,0,20110112,092225,5335,76
OTP,0,20110112,092225,5335,200
OTP,0,20110112,092225,5335,40
OTP,0,20110112,092225,5335,52
ORC,0,20110112,092231,1990,15
OTP,0,20110112,092236,5336,15
OTP,0,20110112,092236,5336,8
OTP,0,20110112,092236,5338,25
OTP,0,20110112,092236,5338,20
OTP,0,20110112,092236,5339,100
OTP,0,20110112,092236,5339,100
OTP,0,20110112,092236,5339,1000
OTP,0,20110112,092236,5340,20
OTP,0,20110112,092236,5340,15
OTP,0,20110112,092236,5340,60
OTP,0,20110112,092236,5340,60
OTP,0,20110112,092236,5340,50
OTP,0,20110112,092236,5340,695
MOL,0,20110112,092238,22005,24
MOL,0,20110112,092241,22005,216
MOL,0,20110112,092241,22000,345
MOL,0,20110112,092241,22000,500
MOL,0,20110112,092245,22000,5
OTP,0,20110112,092247,5340,305
OTP,0,20110112,092247,5340,15
OTP,0,20110112,092247,5340,63
OTP,0,20110112,092247,5340,100
MOL,0,20110112,092252,22000,1934
MOL,0,20110112,092252,22000,20
OTP,0,20110112,092252,5340,1517
ORC,0,20110112,092256,1990,36
MOL,0,20110112,092258,22000,20
MOL,0,20110112,092300,22000,3
MOL,0,20110112,092302,22000,23
MOL,0,20110112,092304,21970,30
MOL,0,20110112,092308,21970,15
MOL,0,20110112,092308,22000,477
PANNERGY,0,20110112,092310,938,72
PANNERGY,0,20110112,092310,938,258
MOL,0,20110112,092313,22000,300
MOL,0,20110112,092315,22000,208
BUX1112,0,20110112,092319,23049,1
BUX1112,0,20110112,092319,23058,1
BUX1112,0,20110112,092319,23060,1
BUX1112,0,20110112,092319,23060,4
BUX1112,0,20110112,092319,23062,2
BUX1112,0,20110112,092319,23063,5
BUX1112,0,20110112,092319,23065,9
BUX1112,0,20110112,092319,23065,1
BUX1112,0,20110112,092319,23069,1
BUX1112,0,20110112,092319,23070,1
BUX1112,0,20110112,092319,23073,10
BUX1112,0,20110112,092319,23074.5,2
BUX1112,0,20110112,092319,23075,2
BUX1112,0,20110112,092319,23075,1
BUX1112,0,20110112,092319,23075,1
BUX1112,0,20110112,092319,23075,2
BUX1112,0,20110112,092319,23075,17
BUX1112,0,20110112,092319,23080,2
BUX1112,0,20110112,092319,23080,1
BUX1112,0,20110112,092319,23080,2
BUX1112,0,20110112,092319,23080,2
BUX1112,0,20110112,092319,23080,2
BUX1112,0,20110112,092319,23080,20
BUX1112,0,20110112,092319,23083,30
BUX1112,0,20110112,092319,23084.5,2
BUX1112,0,20110112,092319,23085,8
BUX1112,0,20110112,092319,23085,10
OTP,0,20110112,092322,5340,14
OTP,0,20110112,092322,5339,36
OTP,0,20110112,092322,5342,25
OTP,0,20110112,092322,5342,69
BUX1112,0,20110112,092322,23080,10
MTELEKOM,0,20110112,092324,551,2
MOL,0,20110112,092325,22000,92
MOL,0,20110112,092328,22000,1500
MOL,0,20110112,092328,22000,200
MOL,0,20110112,092329,22000,15
MOL,0,20110112,092330,22000,5
MOL,0,20110112,092332,22000,188
EGIS,0,20110112,092333,21170,23
PANNERGY,0,20110112,092336,938,542
PANNERGY,0,20110112,092336,939,246
PANNERGY,0,20110112,092336,940,1000
PANNERGY,0,20110112,092336,940,460
PANNERGY,0,20110112,092336,942,152
KEG,0,20110112,092339,137,1
OTP,0,20110112,092345,5336,15
BUX1112,0,20110112,092348,23080,5
BUX1112,0,20110112,092348,23085,10
OTP,0,20110112,092350,5340,12
OTP,0,20110112,092350,5340,483
OTP,0,20110112,092350,5342,931
OTP,0,20110112,092350,5344,500
OTP,0,20110112,092350,5344,500
OTP,0,20110112,092350,5344,50
OTP,0,20110112,092350,5345,200
OTP,0,20110112,092350,5345,3190
OTP,0,20110112,092350,5345,102
OTP,0,20110112,092350,5345,200
OTP,0,20110112,092350,5345,50
OTP,0,20110112,092350,5345,1000
OTP,0,20110112,092350,5345,210
OTP,0,20110112,092350,5346,8
OTP,0,20110112,092350,5347,42
OTP,0,20110112,092351,5345,400
OTP,0,20110112,092354,5345,352
OTP,0,20110112,092355,5347,36
OTP,0,20110112,092402,5347,922
OTP,0,20110112,092402,5347,385
OTP,0,20110112,092402,5347,15
OTP,0,20110112,092402,5347,100
OTP,0,20110112,092402,5347,50
OTP,0,20110112,092402,5347,380
OTP,0,20110112,092402,5347,150
OTP,0,20110112,092402,5348,1500
OTP,0,20110112,092402,5348,50
OTP,0,20110112,092402,5348,1448
MOL,0,20110112,092406,22000,50
MOL,0,20110112,092411,22000,450
MOL,0,20110112,092411,22000,100
OTP,0,20110112,092413,5348,310
OTP,0,20110112,092416,5347,90
ECONET,0,20110112,092420,89,600
ECONET,0,20110112,092420,89,260
ECONET,0,20110112,092420,89,1400
ECONET,0,20110112,092420,89,240
BUX1112,0,20110112,092429,23085,7
MOL,0,20110112,092430,22000,86
MTELEKOM,0,20110112,092435,551,15
MOL,0,20110112,092437,22000,12
MTELEKOM,0,20110112,092439,550,71
MOL,0,20110112,092444,22000,215
MOL,0,20110112,092444,22000,56
FHB,0,20110112,092444,963,100
BUX1112,0,20110112,092444,23087,5
BUX1112,0,20110112,092444,23088,1
BUX1112,0,20110112,092444,23088,2
BUX1112,0,20110112,092444,23088,2
OTP,0,20110112,092451,5340,550
MOL,0,20110112,092452,22000,229
MOL,0,20110112,092452,22000,20
MOL,0,20110112,092452,22000,100
OTP,0,20110112,092453,5338,10
BUX1112,0,20110112,092453,23087,10
PANNERGY,0,20110112,092457,940,1000
MOL,0,20110112,092457,22000,40
OTP,0,20110112,092458,5338,4
OTP,0,20110112,092501,5338,20
PANNERGY,0,20110112,092502,939,7
PANNERGY,0,20110112,092502,938,3200
MOL,0,20110112,092506,22000,10
OTP,0,20110112,092511,5340,276
OTP,0,20110112,092511,5340,49
OTP,0,20110112,092511,5345,1000
OTP,0,20110112,092511,5346,100
OTP,0,20110112,092511,5347,347
OTP,0,20110112,092511,5347,50
OTP,0,20110112,092511,5347,20
OTP,0,20110112,092511,5347,40
OTP,0,20110112,092511,5347,250
OTP,0,20110112,092511,5348,868
RICHTER,0,20110112,092516,43600,7
RICHTER,0,20110112,092516,43600,13
RICHTER,0,20110112,092516,43600,3
RICHTER,0,20110112,092531,43555,13
RICHTER,0,20110112,092531,43600,15
KEG,0,20110112,092539,139,500
MOL,0,20110112,092548,22000,7
MOL,0,20110112,092550,22000,24
OTP,0,20110112,092550,5340,50
OTP,0,20110112,092550,5340,50
OTP,0,20110112,092556,5340,206
RICHTER,0,20110112,092604,43600,11
OTP,0,20110112,092607,5340,200
MOL,0,20110112,092609,22000,70
MOL,0,20110112,092609,22000,430
RICHTER,0,20110112,092610,43600,14
MOL,0,20110112,092616,22000,200
BUX1112,0,20110112,092616,23080,5
BUX1112,0,20110112,092616,23086,3
BUX1112,0,20110112,092616,23087,3
BUX1112,0,20110112,092616,23088,3
BUX1112,0,20110112,092616,23089,6
MTELEKOM,0,20110112,092618,551,79
MOL,0,20110112,092623,22020,20
MOL,0,20110112,092623,22020,20
MOL,0,20110112,092623,22030,10
MOL,0,20110112,092623,22035,5
MOL,0,20110112,092623,22040,100
MOL,0,20110112,092623,22045,43
MOL,0,20110112,092623,22045,5
MOL,0,20110112,092623,22045,200
MOL,0,20110112,092623,22045,50
MOL,0,20110112,092623,22050,98
MOL,0,20110112,092623,22050,20
MOL,0,20110112,092623,22050,500
MOL,0,20110112,092623,22050,10
PANNERGY,0,20110112,092624,938,12
MOL,0,20110112,092625,22050,32
MOL,0,20110112,092628,22050,25
MOL,0,20110112,092633,22055,350
MOL,0,20110112,092635,22060,30
MOL,0,20110112,092635,22080,217
MOL,0,20110112,092636,22080,350
MOL,0,20110112,092636,22055,150
MOL,0,20110112,092640,22090,200
MOL,0,20110112,092640,22090,100
MOL,0,20110112,092640,22090,50
BUX1112,0,20110112,092641,23089,5
BUX1112,0,20110112,092641,23089,1
BUX1112,0,20110112,092641,23090,5
BUX1112,0,20110112,092641,23090,1
BUX1112,0,20110112,092641,23095,2
BUX1112,0,20110112,092641,23095,2
BUX1112,0,20110112,092641,23095,1
BUX1112,0,20110112,092641,23097,1
BUX1112,0,20110112,092641,23097,1
BUX1112,0,20110112,092641,23097,1
BUX1112,0,20110112,092641,23098,5
BUX1112,0,20110112,092641,23098,10
PANNERGY,0,20110112,092642,937,150
PANNERGY,0,20110112,092642,938,850
MOL,0,20110112,092642,22095,5
MOL,0,20110112,092642,22100,45
MOL,0,20110112,092642,22100,10
MOL,0,20110112,092642,22100,30
MOL,0,20110112,092642,22100,478
MOL,0,20110112,092642,22100,5
MOL,0,20110112,092642,22100,51
MOL,0,20110112,092642,22100,100
MOL,0,20110112,092642,22100,34
MOL,0,20110112,092642,22100,67
MOL,0,20110112,092642,22100,1350
MOL,0,20110112,092642,22100,12
MOL,0,20110112,092642,22100,16
MOL,0,20110112,092642,22100,2000
MOL,0,20110112,092642,22100,5
MOL,0,20110112,092642,22100,50
MOL,0,20110112,092642,22100,30
MOL,0,20110112,092642,22100,200
BUX1112,0,20110112,092644,23097,7
PANNERGY,0,20110112,092645,938,35
BUX1112,0,20110112,092646,23098,40
PANNERGY,0,20110112,092654,938,103
PANNERGY,0,20110112,092654,939,33
MOL,0,20110112,092656,22110,50
MOL,0,20110112,092656,22120,10
MOL,0,20110112,092656,22120,50
MOL,0,20110112,092656,22140,23
MOL,0,20110112,092656,22145,17
MTELEKOM,0,20110112,092702,551,200
MTELEKOM,0,20110112,092704,552,510
MTELEKOM,0,20110112,092704,552,70
MTELEKOM,0,20110112,092704,552,1000
MTELEKOM,0,20110112,092704,552,77
MTELEKOM,0,20110112,092704,552,1343
MOL,0,20110112,092704,22100,10
BUX1112,0,20110112,092705,23087,2
MOL,0,20110112,092709,22100,18
MOL,0,20110112,092711,22100,322
MOL,0,20110112,092711,22100,678
BUX1112,0,20110112,092711,23088,1
BUX1112,0,20110112,092711,23088,5
OTP,0,20110112,092713,5340,94
OTP,0,20110112,092713,5340,50
OTP,0,20110112,092713,5340,49
OTP,0,20110112,092713,5340,807
BUX1112,0,20110112,092715,23098,1
BUX1112,0,20110112,092718,23098,5
BUX1112,0,20110112,092723,23075,20
MOL,0,20110112,092724,22100,322
MOL,0,20110112,092724,22100,50
BUX1112,0,20110112,092724,23075,20
MOL,0,20110112,092724,22055,104
ORC,0,20110112,092726,1990,99
MOL,0,20110112,092726,22140,50
BUX1112,0,20110112,092730,23098,10
OTP,0,20110112,092732,5338,2
RICHTER,0,20110112,092735,43650,8
MOL,0,20110112,092736,22100,300
MOL,0,20110112,092740,22100,300
OTP,0,20110112,092742,5340,50
MOL,0,20110112,092742,22100,15
EGIS,0,20110112,092749,21195,1
EGIS,0,20110112,092749,21195,12
EGIS,0,20110112,092749,21200,6
EGIS,0,20110112,092749,21200,4
EGIS,0,20110112,092749,21200,7
EGIS,0,20110112,092749,21200,20
EGIS,0,20110112,092751,21190,10
MOL,0,20110112,092756,22100,185
MOL,0,20110112,092756,22100,300
MOL,0,20110112,092756,22100,15
RICHTER,0,20110112,092759,43650,7
MOL,0,20110112,092800,22100,10
MOL,0,20110112,092801,22100,275
MOL,0,20110112,092801,22100,4
MOL,0,20110112,092801,22100,21
HUMET,0,20110112,092804,9,86500
MOL,0,20110112,092809,22100,45
PANNERGY,0,20110112,092810,939,100
MTELEKOM,0,20110112,092817,552,3657
MTELEKOM,0,20110112,092817,552,82
MTELEKOM,0,20110112,092817,553,840
MTELEKOM,0,20110112,092817,553,1200
MTELEKOM,0,20110112,092817,553,1000
MTELEKOM,0,20110112,092817,553,3600
MTELEKOM,0,20110112,092817,553,950
MTELEKOM,0,20110112,092817,553,750
MTELEKOM,0,20110112,092817,553,5000
MTELEKOM,0,20110112,092817,553,740
MTELEKOM,0,20110112,092817,553,5000
MTELEKOM,0,20110112,092817,553,2181
MOL,0,20110112,092819,22100,21
BUX1112,0,20110112,092823,23090,1
MOL,0,20110112,092827,22100,47
BUX1112,0,20110112,092832,23080,5
MTELEKOM,0,20110112,092836,553,1819
MTELEKOM,0,20110112,092836,553,20
MOL,0,20110112,092839,22105,120
MOL,0,20110112,092842,22105,2
MOL,0,20110112,092845,22100,35
BUX1112,0,20110112,092845,23070,1
BUX1112,0,20110112,092847,23070.5,15
MOL,0,20110112,092848,22105,19
MTELEKOM,0,20110112,092848,553,110
OTP,0,20110112,092854,5338,14
OTP,0,20110112,092854,5337,250
OTP,0,20110112,092854,5337,250
OTP,0,20110112,092854,5336,486
MOL,0,20110112,092900,22130,27
MOL,0,20110112,092900,22130,55
MOL,0,20110112,092900,22140,380
MOL,0,20110112,092900,22145,3
MOL,0,20110112,092900,22145,5
MOL,0,20110112,092900,22145,30
MOL,0,20110112,092902,22145,20
MOL,0,20110112,092902,22150,6
MOL,0,20110112,092902,22150,474
MOL,0,20110112,092905,22130,5
MOL,0,20110112,092905,22105,40
MOL,0,20110112,092905,22150,26
MOL,0,20110112,092905,22150,20
MOL,0,20110112,092905,22150,23
MOL,0,20110112,092905,22150,3
MOL,0,20110112,092905,22150,15
MOL,0,20110112,092905,22150,43
MOL,0,20110112,092905,22160,100
MOL,0,20110112,092905,22160,50
MTELEKOM,0,20110112,092906,553,3051
OTP,0,20110112,092909,5336,76
OTP,0,20110112,092909,5336,450
OTP,0,20110112,092909,5335,15
OTP,0,20110112,092909,5335,206
BUX1112,0,20110112,092909,23070,14
BUX1112,0,20110112,092909,23070,1
BUX1112,0,20110112,092909,23070,1
BUX1112,0,20110112,092909,23067,14
MOL,0,20110112,092910,22135,5
OTP,0,20110112,092914,5335,253
OTP,0,20110112,092914,5335,52
OTP,0,20110112,092914,5339,195
MOL,0,20110112,092916,22105,3
MOL,0,20110112,092916,22105,47
MOL,0,20110112,092926,22170,6
MOL,0,20110112,092926,22170,50
MOL,0,20110112,092926,22180,10
MOL,0,20110112,092926,22180,100
MOL,0,20110112,092926,22185,100
MOL,0,20110112,092926,22190,50
MOL,0,20110112,092926,22190,50
MOL,0,20110112,092926,22190,1000
MOL,0,20110112,092926,22190,100
MOL,0,20110112,092926,22190,50
MOL,0,20110112,092926,22195,50
MOL,0,20110112,092926,22195,50
MOL,0,20110112,092926,22195,100
MOL,0,20110112,092926,22200,10
MOL,0,20110112,092926,22200,1
MOL,0,20110112,092926,22200,500
MOL,0,20110112,092926,22200,2
MOL,0,20110112,092926,22200,20
MOL,0,20110112,092926,22200,50
MOL,0,20110112,092926,22200,20
MOL,0,20110112,092926,22220,9
BUX1112,0,20110112,092931,23079,2
BUX1112,0,20110112,092931,23085,5
BUX1112,0,20110112,092931,23087,10
MTELEKOM,0,20110112,092932,553,1949
MTELEKOM,0,20110112,092932,553,81
MTELEKOM,0,20110112,092932,554,500
MTELEKOM,0,20110112,092932,554,100
MTELEKOM,0,20110112,092932,554,650
MTELEKOM,0,20110112,092932,554,130
MTELEKOM,0,20110112,092932,554,370
MTELEKOM,0,20110112,092932,554,50
MTELEKOM,0,20110112,092932,554,570
MOL,0,20110112,092933,22185,10
MTELEKOM,0,20110112,092938,554,4430
MTELEKOM,0,20110112,092938,554,9700
MTELEKOM,0,20110112,092938,554,870
MOL,0,20110112,092949,22200,10
MOL,0,20110112,092950,22200,490
RICHTER,0,20110112,092954,43650,1
MOL,0,20110112,092955,22200,141
MOL,0,20110112,092956,22200,283
MTELEKOM,0,20110112,092957,554,630
MTELEKOM,0,20110112,092957,554,300
MTELEKOM,0,20110112,092957,554,70
MOL,0,20110112,093000,22200,141
PANNERGY,0,20110112,093000,937,50
PANNERGY,0,20110112,093000,937,65
PANNERGY,0,20110112,093000,936,2
OTP,0,20110112,093003,5339,55
OTP,0,20110112,093003,5339,110
MOL,0,20110112,093008,22200,24
MOL,0,20110112,093009,22200,50
MOL,0,20110112,093015,22200,250
MOL,0,20110112,093015,22200,20
MOL,0,20110112,093015,22200,1230
MOL,0,20110112,093016,22200,1000
PANNERGY,0,20110112,093016,938,800
PANNERGY,0,20110112,093016,939,200
MOL,0,20110112,093017,22165,70
MOL,0,20110112,093019,22200,770
MTELEKOM,0,20110112,093020,554,50
PANNERGY,0,20110112,093022,939,200
PANNERGY,0,20110112,093022,940,180
BUX1112,0,20110112,093022,23090,19
MTELEKOM,0,20110112,093023,554,4421
BUX1112,0,20110112,093025,23090,1
BUX1112,0,20110112,093025,23071,1
MTELEKOM,0,20110112,093034,554,2200
PANNERGY,0,20110112,093036,940,320
PANNERGY,0,20110112,093036,940,110
OTP,0,20110112,093037,5331,315
MOL,0,20110112,093039,22200,20
MOL,0,20110112,093039,22200,20
MOL,0,20110112,093047,22200,460
MOL,0,20110112,093047,22200,40
BUX1112,0,20110112,093054,23093,2
BUX1112,0,20110112,093054,23095,9
BUX1112,0,20110112,093054,23096,8
BUX1112,0,20110112,093054,23097,1
BUX1112,0,20110112,093059,23097,14
BUX1112,0,20110112,093059,23098,29
BUX1112,0,20110112,093059,23099,5
BUX1112,0,20110112,093059,23099,1
BUX1112,0,20110112,093059,23100,2
BUX1112,0,20110112,093059,23100,49
BUX1112,0,20110112,093059,23100,1
BUX1112,0,20110112,093059,23100,14
BUX1112,0,20110112,093059,23100,20
BUX1112,0,20110112,093059,23100,1
BUX1112,0,20110112,093059,23100,4
BUX1112,0,20110112,093059,23100,1
EGIS,0,20110112,093100,21075,38
FHB,0,20110112,093100,962,299
MOL,0,20110112,093100,22200,125
MOL,0,20110112,093100,22200,193
MTELEKOM,0,20110112,093100,552,300
MTELEKOM,0,20110112,093100,552,2000
MTELEKOM,0,20110112,093100,552,2463
OTP,0,20110112,093100,5332,200
OTP,0,20110112,093100,5331,458
OTP,0,20110112,093100,5330,630
RICHTER,0,20110112,093101,43650,99
OTP,0,20110112,093102,5330,27
RICHTER,0,20110112,093102,43650,20
MOL,0,20110112,093104,22200,9
RICHTER,0,20110112,093104,43650,15
RICHTER,0,20110112,093108,43600,14
BUX1112,0,20110112,093108,23095,5
MTELEKOM,0,20110112,093108,553,1000
MTELEKOM,0,20110112,093110,553,81
MTELEKOM,0,20110112,093110,554,1259
MTELEKOM,0,20110112,093110,554,350
MTELEKOM,0,20110112,093110,554,3226
MTELEKOM,0,20110112,093110,554,500
MTELEKOM,0,20110112,093110,554,5000
MTELEKOM,0,20110112,093110,554,830
MTELEKOM,0,20110112,093110,555,200
MTELEKOM,0,20110112,093110,555,900
MTELEKOM,0,20110112,093110,555,1100
MTELEKOM,0,20110112,093110,555,81
MTELEKOM,0,20110112,093110,555,900
MTELEKOM,0,20110112,093110,555,2000
MTELEKOM,0,20110112,093110,555,130
MTELEKOM,0,20110112,093110,555,8000
MTELEKOM,0,20110112,093110,555,443
RICHTER,0,20110112,093111,43505,1
MOL,0,20110112,093112,22215,15
MOL,0,20110112,093113,22200,298
MOL,0,20110112,093113,22200,2
BUX1112,0,20110112,093115,23100,5
RICHTER,0,20110112,093116,43600,1
MOL,0,20110112,093116,22200,40
BUX1112,0,20110112,093116,23100,15
BUX1112,0,20110112,093116,23100,15
BUX1112,0,20110112,093116,23100,5
MTELEKOM,0,20110112,093116,555,1057
MTELEKOM,0,20110112,093116,555,400
MTELEKOM,0,20110112,093116,555,4000
MTELEKOM,0,20110112,093116,555,1800
OTP,0,20110112,093121,5339,90
OTP,0,20110112,093121,5339,110
BUX1112,0,20110112,093121,23110,1
BUX1112,0,20110112,093121,23110,2
BUX1112,0,20110112,093121,23110,3
BUX1112,0,20110112,093121,23110,1
BUX1112,0,20110112,093121,23110,1
BUX1112,0,20110112,093121,23111,1
BUX1112,0,20110112,093121,23113,5
BUX1112,0,20110112,093121,23120,2
BUX1112,0,20110112,093121,23120,1
BUX1112,0,20110112,093121,23120,2
PANNERGY,0,20110112,093122,940,90
MOL,0,20110112,093125,22200,12
MOL,0,20110112,093128,22200,40
MOL,0,20110112,093128,22200,25
OTP,0,20110112,093130,5331,100
BUX1112,0,20110112,093135,23111,1
ORC,0,20110112,093141,2030,10
BUX1112,0,20110112,093143,23090,2
MOL,0,20110112,093145,22200,181
MOL,0,20110112,093145,22200,13
MOL,0,20110112,093145,22200,26
OTP,0,20110112,093146,5335,20
OTP,0,20110112,093146,5330,30
OTP,0,20110112,093146,5339,390
OTP,0,20110112,093146,5339,110
MOL,0,20110112,093147,22200,21
MOL,0,20110112,093149,22200,168
RICHTER,0,20110112,093149,43505,10
FOTEX,0,20110112,093150,384,980
FOTEX,0,20110112,093201,385,160
MOL,0,20110112,093203,22220,14
MOL,0,20110112,093203,22220,22
MOL,0,20110112,093203,22235,10
MOL,0,20110112,093203,22235,90
MOL,0,20110112,093203,22240,100
MOL,0,20110112,093203,22245,5
MOL,0,20110112,093203,22245,50
MOL,0,20110112,093203,22245,10
MOL,0,20110112,093203,22250,5
MOL,0,20110112,093203,22250,6
MOL,0,20110112,093203,22250,61
MOL,0,20110112,093203,22250,203
MOL,0,20110112,093203,22250,5
MOL,0,20110112,093203,22250,250
MOL,0,20110112,093203,22250,150
MOL,0,20110112,093203,22250,6
OTP,0,20110112,093204,5333,11
BUX1112,0,20110112,093205,23082,1
FOTEX,0,20110112,093207,385,40
BUX1112,0,20110112,093216,23120,2
BUX1112,0,20110112,093216,23120,2
BUX1112,0,20110112,093216,23120,1
OTP,0,20110112,093219,5339,600
BUX1112,0,20110112,093219,23120,1
BUX1112,0,20110112,093220,23120,3
BUX1112,0,20110112,093220,23120,1
BUX1112,0,20110112,093223,23121,1
BUX1112,0,20110112,093223,23124,1
BUX1112,0,20110112,093223,23125,2
OTP,0,20110112,093226,5335,500
OTP,0,20110112,093228,5335,500
OTP,0,20110112,093228,5339,290
OTP,0,20110112,093228,5339,200
OTP,0,20110112,093228,5340,143
OTP,0,20110112,093228,5340,30
OTP,0,20110112,093228,5340,837
MOL,0,20110112,093235,22210,5
BUX1112,0,20110112,093236,23120,2
MOL,0,20110112,093236,22250,200
MOL,0,20110112,093236,22250,20
OTP,0,20110112,093238,5335,20
OTP,0,20110112,093239,5334,357
OTP,0,20110112,093240,5335,32
OTP,0,20110112,093240,5335,52
OTP,0,20110112,093240,5340,163
OTP,0,20110112,093240,5340,233
BUX1112,0,20110112,093240,23120,1
MOL,0,20110112,093243,22250,100
FHB,0,20110112,093243,964,100
OTP,0,20110112,093247,5340,67
OTP,0,20110112,093247,5340,500
OTP,0,20110112,093247,5340,18
OTP,0,20110112,093247,5340,20
OTP,0,20110112,093247,5340,1000
OTP,0,20110112,093247,5344,100
OTP,0,20110112,093247,5344,45
OTP,0,20110112,093247,5344,99
OTP,0,20110112,093247,5345,6
OTP,0,20110112,093247,5345,1000
OTP,0,20110112,093247,5345,1000
OTP,0,20110112,093247,5345,105
OTP,0,20110112,093247,5347,1000
OTP,0,20110112,093247,5347,2
OTP,0,20110112,093247,5347,300
OTP,0,20110112,093247,5348,4674
OTP,0,20110112,093247,5348,388
OTP,0,20110112,093247,5348,200
OTP,0,20110112,093247,5348,50
OTP,0,20110112,093247,5348,15
OTP,0,20110112,093247,5349,400
OTP,0,20110112,093247,5349,150
OTP,0,20110112,093247,5349,100
OTP,0,20110112,093247,5349,100
OTP,0,20110112,093247,5349,250
OTP,0,20110112,093247,5349,5019
OTP,0,20110112,093247,5349,100
OTP,0,20110112,093247,5349,240
OTP,0,20110112,093247,5349,33
OTP,0,20110112,093247,5350,102
OTP,0,20110112,093247,5350,50
OTP,0,20110112,093247,5350,300
OTP,0,20110112,093247,5350,200
OTP,0,20110112,093247,5350,156
OTP,0,20110112,093247,5350,110
OTP,0,20110112,093247,5350,235
OTP,0,20110112,093247,5350,50
OTP,0,20110112,093247,5350,20
OTP,0,20110112,093247,5350,76
OTP,0,20110112,093247,5350,20
OTP,0,20110112,093247,5350,80
OTP,0,20110112,093247,5350,440
OTP,0,20110112,093247,5350,95
OTP,0,20110112,093247,5350,50
OTP,0,20110112,093247,5350,200
OTP,0,20110112,093247,5350,153
OTP,0,20110112,093247,5350,62
OTP,0,20110112,093247,5350,100
OTP,0,20110112,093247,5350,100
OTP,0,20110112,093247,5350,125
OTP,0,20110112,093247,5350,25
OTP,0,20110112,093247,5350,96
OTP,0,20110112,093247,5350,120
OTP,0,20110112,093247,5350,54
OTP,0,20110112,093247,5350,50
BUX1112,0,20110112,093250,23125,1
MOL,0,20110112,093251,22255,13
MOL,0,20110112,093251,22260,3
MOL,0,20110112,093251,22275,19
MOL,0,20110112,093251,22280,20
MOL,0,20110112,093251,22280,100
MOL,0,20110112,093251,22280,25
MOL,0,20110112,093251,22280,10
BUX1112,0,20110112,093252,23120,1
MOL,0,20110112,093252,22285,5
MOL,0,20110112,093252,22285,100
MOL,0,20110112,093252,22285,1000
MOL,0,20110112,093252,22285,24
MOL,0,20110112,093252,22290,61
MOL,0,20110112,093252,22290,50
MOL,0,20110112,093252,22290,50
MOL,0,20110112,093252,22290,50
MOL,0,20110112,093252,22290,300
MOL,0,20110112,093252,22290,500
MOL,0,20110112,093252,22295,668
MOL,0,20110112,093252,22295,20
MOL,0,20110112,093252,22295,20
MOL,0,20110112,093252,22300,50
MOL,0,20110112,093252,22300,28
MOL,0,20110112,093252,22300,30
MOL,0,20110112,093252,22300,44
BUX1112,0,20110112,093253,23125,2
MOL,0,20110112,093254,22300,101
MOL,0,20110112,093254,22300,170
MOL,0,20110112,093254,22300,200
MOL,0,20110112,093254,22300,53
MOL,0,20110112,093254,22300,50
MOL,0,20110112,093254,22300,5
MOL,0,20110112,093254,22300,20
MOL,0,20110112,093254,22300,92
MOL,0,20110112,093254,22300,100
MOL,0,20110112,093254,22300,100
MOL,0,20110112,093254,22300,10
MOL,0,20110112,093254,22300,5
MOL,0,20110112,093254,22300,20
MOL,0,20110112,093254,22300,500
BUX1112,0,20110112,093254,23120,20
BUX1112,0,20110112,093257,23135,2
MOL,0,20110112,093300,22310,5
MOL,0,20110112,093300,22310,100
MOL,0,20110112,093300,22300,5
MOL,0,20110112,093300,22300,69
MOL,0,20110112,093302,22250,50
PANNERGY,0,20110112,093304,940,300
BUX1112,0,20110112,093305,23140,20
BUX1112,0,20110112,093305,23144,1
BUX1112,0,20110112,093305,23144,5
BUX1112,0,20110112,093305,23144,50
MOL,0,20110112,093309,22250,31
MOL,0,20110112,093309,22250,19
MOL,0,20110112,093309,22250,26
MOL,0,20110112,093309,22280,5
BUX1112,0,20110112,093309,23145,1
MOL,0,20110112,093312,22280,5
BUX1112,0,20110112,093312,23144,7
OTP,0,20110112,093314,5345,1000
OTP,0,20110112,093314,5349,1000
OTP,0,20110112,093314,5349,1000
OTP,0,20110112,093314,5350,6
OTP,0,20110112,093314,5350,75
OTP,0,20110112,093314,5350,200
OTP,0,20110112,093314,5350,96
OTP,0,20110112,093314,5350,260
OTP,0,20110112,093314,5350,300
OTP,0,20110112,093314,5350,50
OTP,0,20110112,093314,5350,200
OTP,0,20110112,093314,5350,300
OTP,0,20110112,093314,5350,36
OTP,0,20110112,093314,5350,150
OTP,0,20110112,093314,5350,80
OTP,0,20110112,093314,5350,520
OTP,0,20110112,093314,5350,2500
OTP,0,20110112,093314,5350,30
OTP,0,20110112,093314,5350,1000
OTP,0,20110112,093314,5350,4000
BUX1112,0,20110112,093316,23145,2
BUX1112,0,20110112,093316,23145,2
BUX1112,0,20110112,093316,23147,1
BUX1112,0,20110112,093321,23150,1
BUX1112,0,20110112,093321,23150,2
BUX1112,0,20110112,093321,23150,1
PANNERGY,0,20110112,093322,940,50
RICHTER,0,20110112,093325,43600,12
RICHTER,0,20110112,093325,43600,12
MOL,0,20110112,093326,22280,195
RABA,0,20110112,093330,830,406
RABA,0,20110112,093330,830,40
RABA,0,20110112,093330,830,61
MTELEKOM,0,20110112,093331,554,15
MTELEKOM,0,20110112,093331,554,83
MTELEKOM,0,20110112,093331,554,902
MOL,0,20110112,093335,22280,28
MOL,0,20110112,093335,22280,5
MOL,0,20110112,093335,22280,4
MOL,0,20110112,093335,22280,33
MOL,0,20110112,093335,22300,4
BUX1112,0,20110112,093338,23149,2
BUX1112,0,20110112,093338,23149,2
BUX1112,0,20110112,093338,23150,1
BUX1112,0,20110112,093338,23150,5
MTELEKOM,0,20110112,093340,553,240
BUX1112,0,20110112,093340,23150,2
BUX1112,0,20110112,093341,23144,8
MOL,0,20110112,093342,22295,1000
RICHTER,0,20110112,093344,43700,6
MOL,0,20110112,093344,22290,100
MOL,0,20110112,093344,22295,50
MOL,0,20110112,093344,22300,227
MOL,0,20110112,093344,22300,2623
MOL,0,20110112,093346,22255,143
MOL,0,20110112,093351,22255,100
MOL,0,20110112,093353,22290,20
MOL,0,20110112,093353,22300,280
FHB,0,20110112,093359,964,400
MOL,0,20110112,093359,22260,44
MOL,0,20110112,093359,22255,189
MOL,0,20110112,093359,22255,67
BUX1112,0,20110112,093400,23144,1
MOL,0,20110112,093401,22255,45
BUX1112,0,20110112,093404,23150,1
ZWACK,0,20110112,093410,12690,5
MOL,0,20110112,093416,22300,97
MOL,0,20110112,093416,22300,300
MOL,0,20110112,093416,22300,4
MOL,0,20110112,093416,22300,10
MOL,0,20110112,093416,22300,4
ETFBUXOTP,0,20110112,093417,940,515
EGIS,0,20110112,093418,21090,1
MTELEKOM,0,20110112,093418,552,112
BUX1112,0,20110112,093418,23150,1
OTP,0,20110112,093418,5341,27
MOL,0,20110112,093419,22300,7
RICHTER,0,20110112,093419,43700,2
MOL,0,20110112,093422,22300,40
MOL,0,20110112,093423,22300,30
MOL,0,20110112,093423,22300,100
MOL,0,20110112,093427,22300,3
MOL,0,20110112,093437,22305,5
OTP,0,20110112,093442,5348,20
OTP,0,20110112,093442,5348,500
OTP,0,20110112,093442,5348,1000
OTP,0,20110112,093442,5349,480
RICHTER,0,20110112,093444,43700,5
BUX1112,0,20110112,093449,23149,1
BUX1112,0,20110112,093449,23150,1
MOL,0,20110112,093452,22330,27
MOL,0,20110112,093452,22330,19
MOL,0,20110112,093452,22335,50
OTP,0,20110112,093456,5345,100
HUMET,0,20110112,093503,9,650
MOL,0,20110112,093504,22320,50
MOL,0,20110112,093509,22305,439
MOL,0,20110112,093509,22305,49
MOL,0,20110112,093509,22300,237
MOL,0,20110112,093509,22300,70
BUX1112,0,20110112,093517,23145.5,1
BUX1112,0,20110112,093517,23145,9
HUMET,0,20110112,093517,8,1
MOL,0,20110112,093521,22300,98
MOL,0,20110112,093521,22300,19
BUX1112,0,20110112,093521,23145,1
BUX1112,0,20110112,093521,23144,8
OTP,0,20110112,093528,5341,173
OTP,0,20110112,093528,5340,827
OTP,0,20110112,093530,5340,1000
MOL,0,20110112,093530,22305,100
OTP,0,20110112,093532,5340,173
OTP,0,20110112,093532,5340,15
MOL,0,20110112,093535,22305,234
MOL,0,20110112,093535,22300,181
MOL,0,20110112,093535,22300,500
MOL,0,20110112,093535,22300,1000
OTP,0,20110112,093535,5340,89
RICHTER,0,20110112,093539,43700,2
MOL,0,20110112,093542,22300,85
MOL,0,20110112,093543,22305,50
MOL,0,20110112,093545,22305,95
MOL,0,20110112,093546,22305,100
MTELEKOM,0,20110112,093548,552,425
MTELEKOM,0,20110112,093548,552,575
MOL,0,20110112,093548,22320,4
MOL,0,20110112,093554,22305,5
HUMET,0,20110112,093554,9,10000
MOL,0,20110112,093554,22305,15
MOL,0,20110112,093558,22305,10
PANNERGY,0,20110112,093601,940,400
MOL,0,20110112,093601,22305,396
MOL,0,20110112,093601,22305,300
MOL,0,20110112,093601,22300,304
MOL,0,20110112,093607,22300,96
MOL,0,20110112,093607,22300,4
MOL,0,20110112,093610,22300,24
MTELEKOM,0,20110112,093611,552,425
MTELEKOM,0,20110112,093611,552,1000
OTP,0,20110112,093611,5340,600
BUX1112,0,20110112,093612,23125.5,1
BUX1112,0,20110112,093615,23124,1
BUX1112,0,20110112,093616,23120,2
BUX1112,0,20110112,093616,23120,1
MOL,0,20110112,093617,22310,13
BUX1112,0,20110112,093619,23120.5,2
MTELEKOM,0,20110112,093619,552,250
MOL,0,20110112,093621,22305,344
MOL,0,20110112,093621,22305,2
BUX1112,0,20110112,093622,23110,2
PANNERGY,0,20110112,093624,940,150
PANNERGY,0,20110112,093624,940,300
PANNERGY,0,20110112,093624,940,50
OTP,0,20110112,093629,5334,150
MOL,0,20110112,093632,22310,37
MOL,0,20110112,093632,22305,13
MOL,0,20110112,093635,22310,28
MOL,0,20110112,093635,22310,19
MOL,0,20110112,093644,22320,21
MOL,0,20110112,093644,22320,50
MOL,0,20110112,093644,22335,50
MOL,0,20110112,093644,22340,10
MOL,0,20110112,093644,22340,2
MOL,0,20110112,093644,22340,29
MOL,0,20110112,093644,22345,5
MOL,0,20110112,093644,22350,6
MOL,0,20110112,093644,22350,4
MOL,0,20110112,093644,22350,50
MOL,0,20110112,093644,22350,25
MOL,0,20110112,093644,22350,30
MOL,0,20110112,093644,22355,50
MOL,0,20110112,093644,22360,4
MOL,0,20110112,093644,22360,1
MOL,0,20110112,093644,22365,40
MOL,0,20110112,093644,22370,6
MOL,0,20110112,093644,22375,46
MOL,0,20110112,093644,22380,24
MOL,0,20110112,093644,22380,10
MOL,0,20110112,093644,22380,250
MOL,0,20110112,093644,22390,50
MOL,0,20110112,093644,22390,50
MOL,0,20110112,093644,22390,800
MOL,0,20110112,093644,22395,29
MOL,0,20110112,093644,22395,15
PANNERGY,0,20110112,093644,940,300
MOL,0,20110112,093644,22310,6
BUX1112,0,20110112,093649,23123,2
MOL,0,20110112,093649,22350,341
MOL,0,20110112,093650,22310,3
BUX1112,0,20110112,093651,23124,2
MOL,0,20110112,093652,22400,2
MOL,0,20110112,093652,22400,5
MOL,0,20110112,093652,22400,1
MOL,0,20110112,093652,22400,100
MOL,0,20110112,093652,22400,4
MOL,0,20110112,093652,22400,750
MOL,0,20110112,093652,22400,638
PANNERGY,0,20110112,093655,941,450
MOL,0,20110112,093709,22400,500
MOL,0,20110112,093718,22360,31
PANNERGY,0,20110112,093719,940,130
PANNERGY,0,20110112,093719,940,260
MOL,0,20110112,093719,22360,19
MOL,0,20110112,093719,22350,50
MOL,0,20110112,093719,22350,31
MOL,0,20110112,093722,22400,1000
OTP,0,20110112,093727,5340,123
OTP,0,20110112,093727,5340,53
OTP,0,20110112,093727,5340,25
OTP,0,20110112,093727,5340,50
OTP,0,20110112,093727,5340,40
MOL,0,20110112,093735,22350,51
MOL,0,20110112,093736,22400,862
MOL,0,20110112,093736,22400,250
MOL,0,20110112,093736,22400,53
MOL,0,20110112,093737,22400,250
MOL,0,20110112,093741,22400,150
MOL,0,20110112,093741,22400,1
BUX1112,0,20110112,093742,23135,1
MOL,0,20110112,093745,22400,10
BUX1112,0,20110112,093745,23135,1
ORC,0,20110112,093747,2010,9
OTP,0,20110112,093749,5345,318
BUX1112,0,20110112,093753,23140,1
OTP,0,20110112,093754,5345,682
OTP,0,20110112,093754,5345,600
MOL,0,20110112,093756,22400,483
BUX1112,0,20110112,093756,23140,1
TVK,0,20110112,093758,3405,10
TVK,0,20110112,093758,3400,24
TVK,0,20110112,093758,3400,34
TVK,0,20110112,093758,3400,150
BUX1112,0,20110112,093801,23144,1
PANNERGY,0,20110112,093801,940,140
MOL,0,20110112,093801,22400,20
MOL,0,20110112,093802,22415,6
MOL,0,20110112,093802,22415,10
PANNERGY,0,20110112,093804,938,1220
MOL,0,20110112,093805,22415,5
TVK,0,20110112,093807,3400,200
MOL,0,20110112,093809,22415,29
MOL,0,20110112,093811,22400,78
MOL,0,20110112,093811,22400,50
TVK,0,20110112,093812,3400,82
MOL,0,20110112,093814,22400,10
MOL,0,20110112,093815,22400,15
PANNERGY,0,20110112,093815,940,284
MOL,0,20110112,093820,22400,183
MOL,0,20110112,093820,22400,151
MOL,0,20110112,093820,22400,200
EGIS,0,20110112,093821,21170,20
MOL,0,20110112,093826,22380,10
OTP,0,20110112,093834,5340,318
OTP,0,20110112,093845,5340,200
TVK,0,20110112,093849,3395,100
TVK,0,20110112,093849,3390,10
TVK,0,20110112,093849,3390,90
OTP,0,20110112,093850,5345,15
BUX1112,0,20110112,093853,23144,1
BUX1112,0,20110112,093853,23144,10
BUX1112,0,20110112,093853,23145,3
BUX1112,0,20110112,093853,23145,1
BUX1112,0,20110112,093853,23148,10
BUX1112,0,20110112,093853,23149,3
BUX1112,0,20110112,093853,23150,10
BUX1112,0,20110112,093853,23150,20
BUX1112,0,20110112,093853,23150,4
BUX1112,0,20110112,093853,23150,5
BUX1112,0,20110112,093853,23150,6
MTELEKOM,0,20110112,093854,551,84
EGIS,0,20110112,093858,21080,38
FHB,0,20110112,093858,963,200
FHB,0,20110112,093858,962,1
FHB,0,20110112,093858,962,70
FHB,0,20110112,093858,962,28
MOL,0,20110112,093858,22370,10
MOL,0,20110112,093858,22360,3
MOL,0,20110112,093858,22360,62
MOL,0,20110112,093858,22355,25
MOL,0,20110112,093858,22355,218
KEG,0,20110112,093858,138,1270
MTELEKOM,0,20110112,093858,551,1916
MTELEKOM,0,20110112,093858,551,2847
OTP,0,20110112,093858,5340,691
OTP,0,20110112,093858,5340,245
OTP,0,20110112,093858,5340,92
OTP,0,20110112,093858,5335,260
RICHTER,0,20110112,093858,43700,11
RICHTER,0,20110112,093858,43605,50
RICHTER,0,20110112,093858,43520,20
RICHTER,0,20110112,093858,43510,18
BUX1112,0,20110112,093900,23150,27
TVK,0,20110112,093904,3390,10
MOL,0,20110112,093905,22355,50
OTP,0,20110112,093920,5340,100
OTP,0,20110112,093920,5345,185
MTELEKOM,0,20110112,093922,551,1153
MTELEKOM,0,20110112,093922,551,1000
MTELEKOM,0,20110112,093922,551,250
MTELEKOM,0,20110112,093922,551,500
MTELEKOM,0,20110112,093922,551,5000
MTELEKOM,0,20110112,093922,551,300
MTELEKOM,0,20110112,093922,550,1000
MTELEKOM,0,20110112,093922,550,500
MTELEKOM,0,20110112,093922,550,50
MTELEKOM,0,20110112,093922,550,10000
MTELEKOM,0,20110112,093923,550,5000
MTELEKOM,0,20110112,093924,550,5000
EGIS,0,20110112,093925,21150,5
RICHTER,0,20110112,093929,43510,20
MOL,0,20110112,093931,22355,100
OTP,0,20110112,093935,5340,51
OTP,0,20110112,093935,5345,427
MOL,0,20110112,093936,22355,87
MOL,0,20110112,093936,22355,444
MOL,0,20110112,093936,22355,50
MOL,0,20110112,093936,22360,207
RABA,0,20110112,093937,825,80
RABA,0,20110112,093937,825,272
RABA,0,20110112,093937,825,348
BUX1112,0,20110112,093941,23140,5
MTELEKOM,0,20110112,093941,550,10000
MOL,0,20110112,093950,22350,50
MOL,0,20110112,093950,22350,40
MOL,0,20110112,093953,22350,15
RICHTER,0,20110112,093957,43700,24
RICHTER,0,20110112,093957,43700,12
MOL,0,20110112,094004,22350,237
MOL,0,20110112,094007,22350,20
MOL,0,20110112,094018,22315,1
MOL,0,20110112,094026,22315,426
MOL,0,20110112,094026,22310,500
MOL,0,20110112,094026,22305,74
MOL,0,20110112,094030,22305,5
MOL,0,20110112,094030,22305,50
BUX1112,0,20110112,094031,23111,3
MOL,0,20110112,094032,22305,10
MOL,0,20110112,094037,22310,500
MTELEKOM,0,20110112,094042,550,10000
OTP,0,20110112,094044,5336,80
PANNERGY,0,20110112,094050,936,98
PANNERGY,0,20110112,094050,936,500
PANNERGY,0,20110112,094050,935,50
PANNERGY,0,20110112,094050,935,100
PANNERGY,0,20110112,094050,935,100
PANNERGY,0,20110112,094050,935,80
PANNERGY,0,20110112,094050,935,485
PANNERGY,0,20110112,094050,935,587
MOL,0,20110112,094057,22310,60
MOL,0,20110112,094058,22310,200
HUMET,0,20110112,094058,9,13960
MOL,0,20110112,094101,22310,103
MOL,0,20110112,094104,22305,5
MTELEKOM,0,20110112,094105,549,86
MOL,0,20110112,094106,22310,97
MOL,0,20110112,094106,22310,100
MOL,0,20110112,094106,22310,19
MOL,0,20110112,094106,22310,20
MOL,0,20110112,094108,22310,298
MOL,0,20110112,094108,22305,256
MOL,0,20110112,094108,22305,200
MOL,0,20110112,094108,22305,500
MOL,0,20110112,094108,22300,472
MOL,0,20110112,094108,22300,274
MOL,0,20110112,094110,22300,326
MOL,0,20110112,094110,22300,374
BUX1112,0,20110112,094111,23139,6
BUX1112,0,20110112,094111,23139,2
MOL,0,20110112,094111,22300,126
MOL,0,20110112,094111,22300,100
MOL,0,20110112,094111,22300,600
MOL,0,20110112,094112,22270,10
MOL,0,20110112,094112,22270,15
MOL,0,20110112,094123,22300,174
RICHTER,0,20110112,094124,43700,11
MOL,0,20110112,094124,22300,50
MOL,0,20110112,094126,22300,137
MOL,0,20110112,094126,22300,33
MOL,0,20110112,094128,22300,50
OTP,0,20110112,094132,5340,120
BUX1112,0,20110112,094133,23111,1
MOL,0,20110112,094139,22300,56
MOL,0,20110112,094139,22300,144
BUX1112,0,20110112,094140,23111,1
BUX1112,0,20110112,094140,23110,2
BUX1112,0,20110112,094140,23110,1
BUX1112,0,20110112,094140,23105,7
BUX1112,0,20110112,094140,23105,5
BUX1112,0,20110112,094140,23105,10
MTELEKOM,0,20110112,094145,550,247
MTELEKOM,0,20110112,094145,550,76
MTELEKOM,0,20110112,094145,550,81
MTELEKOM,0,20110112,094145,550,796
BUX1112,0,20110112,094148,23105,10
BUX1112,0,20110112,094149,23105,14
MOL,0,20110112,094154,22300,20
BUX1112,0,20110112,094159,23130,3
MOL,0,20110112,094159,22310,19
MOL,0,20110112,094159,22310,50
PANNUNION,0,20110112,094202,150,500
MOL,0,20110112,094204,22305,7
MOL,0,20110112,094218,22310,500
MOL,0,20110112,094223,22305,530
MOL,0,20110112,094223,22300,336
MOL,0,20110112,094223,22300,134
PANNERGY,0,20110112,094225,936,310
MTELEKOM,0,20110112,094225,550,9204
MOL,0,20110112,094228,22300,50
MOL,0,20110112,094229,22340,48
OTP,0,20110112,094229,5336,15
MOL,0,20110112,094230,22300,200
MOL,0,20110112,094230,22300,15
MOL,0,20110112,094232,22300,1
MOL,0,20110112,094232,22300,107
MOL,0,20110112,094232,22300,8
PANNERGY,0,20110112,094234,936,326
MOL,0,20110112,094234,22305,300
OTP,0,20110112,094235,5339,100
MOL,0,20110112,094241,22305,200
MOL,0,20110112,094241,22300,385
BUX1112,0,20110112,094243,23130,4
PANNERGY,0,20110112,094244,936,214
KARPOT,0,20110112,094244,425,400
MOL,0,20110112,094246,22300,220
MOL,0,20110112,094246,22300,20
MOL,0,20110112,094249,22300,260
MOL,0,20110112,094259,22290,42
MOL,0,20110112,094259,22270,108
MOL,0,20110112,094300,22270,50
MOL,0,20110112,094314,22280,46
BUX1112,0,20110112,094317,23110,1
RICHTER,0,20110112,094319,43700,2
MOL,0,20110112,094320,22300,500
MOL,0,20110112,094322,22300,240
MOL,0,20110112,094322,22300,200
BUX1112,0,20110112,094327,23110,4
MOL,0,20110112,094327,22300,60
MOL,0,20110112,094329,22315,20
FHB,0,20110112,094330,963,1000
PANNERGY,0,20110112,094332,937,250
OTP,0,20110112,094332,5336,905
OTP,0,20110112,094332,5336,1000
OTP,0,20110112,094332,5335,95
MOL,0,20110112,094336,22300,1000
MOL,0,20110112,094336,22300,100
BUX1112,0,20110112,094336,23110,10
KEG,0,20110112,094339,139,5
OTP,0,20110112,094344,5335,145
OTP,0,20110112,094344,5335,855
OTP,0,20110112,094345,5335,645
BUX1112,0,20110112,094346,23110,5
FHB,0,20110112,094352,962,72
FHB,0,20110112,094352,961,928
BUX1112,0,20110112,094402,23110,3
MOL,0,20110112,094410,22280,154
MOL,0,20110112,094410,22280,200
MOL,0,20110112,094410,22280,50
MOL,0,20110112,094410,22270,317
MOL,0,20110112,094410,22270,150
OTP,0,20110112,094410,5333,50
RICHTER,0,20110112,094414,43700,30
MOL,0,20110112,094415,22255,10
MOL,0,20110112,094416,22270,10
MOL,0,20110112,094423,22270,20
MOL,0,20110112,094434,22255,90
MOL,0,20110112,094435,22255,120
MOL,0,20110112,094442,22270,50
MOL,0,20110112,094442,22255,238
MOL,0,20110112,094442,22255,51
MOL,0,20110112,094442,22255,300
MOL,0,20110112,094442,22255,200
MOL,0,20110112,094442,22250,80
MOL,0,20110112,094442,22250,600
BUX1112,0,20110112,094444,23112,1
BUX1112,0,20110112,094444,23110,1
MOL,0,20110112,094444,22255,5
MOL,0,20110112,094445,22255,19
BUX1112,0,20110112,094445,23110,1
BUX1112,0,20110112,094445,23101,1
BUX1112,0,20110112,094445,23101,5
BUX1112,0,20110112,094445,23101,7
BUX1112,0,20110112,094446,23101,3
BUX1112,0,20110112,094446,23100,50
BUX1112,0,20110112,094446,23100,5
BUX1112,0,20110112,094446,23099.5,8
MOL,0,20110112,094448,22255,439
MOL,0,20110112,094448,22210,61
MOL,0,20110112,094450,22210,417
MOL,0,20110112,094450,22205,83
MOL,0,20110112,094451,22255,79
RICHTER,0,20110112,094455,43700,10
MOL,0,20110112,094500,22210,100
MOL,0,20110112,094503,22210,200
RICHTER,0,20110112,094514,43700,8
PANNERGY,0,20110112,094523,937,300
BUX1112,0,20110112,094526,23070.5,1
MOL,0,20110112,094529,22250,500
MOL,0,20110112,094533,22250,300
MOL,0,20110112,094533,22220,40
MOL,0,20110112,094536,22220,260
MOL,0,20110112,094536,22210,178
MOL,0,20110112,094536,22210,259
MOL,0,20110112,094536,22210,100
MOL,0,20110112,094536,22205,251
MOL,0,20110112,094536,22205,200
MOL,0,20110112,094536,22205,10
MOL,0,20110112,094536,22205,10
MOL,0,20110112,094536,22205,1000
MOL,0,20110112,094536,22205,200
MOL,0,20110112,094536,22200,200
MOL,0,20110112,094536,22200,1000
MOL,0,20110112,094536,22200,300
MOL,0,20110112,094536,22200,500
MOL,0,20110112,094536,22200,200
MOL,0,20110112,094536,22180,20
MOL,0,20110112,094536,22180,10
MOL,0,20110112,094536,22180,100
MOL,0,20110112,094536,22180,100
MOL,0,20110112,094538,22200,300
MOL,0,20110112,094539,22200,32
OTP,0,20110112,094542,5333,950
OTP,0,20110112,094542,5332,550
BUX1112,0,20110112,094543,23070.5,2
MOL,0,20110112,094545,22210,12
MOL,0,20110112,094545,22200,188
BUX1112,0,20110112,094547,23070.5,1
MOL,0,20110112,094553,22200,12
MOL,0,20110112,094553,22200,500
MOL,0,20110112,094554,22210,12
OTP,0,20110112,094554,5333,20
OTP,0,20110112,094554,5335,30
MOL,0,20110112,094557,22210,40
OTP,0,20110112,094602,5332,50
MOL,0,20110112,094602,22210,148
MOL,0,20110112,094606,22200,23
MOL,0,20110112,094606,22200,9
MOL,0,20110112,094608,22200,200
PANNERGY,0,20110112,094609,937,250
PANNERGY,0,20110112,094609,937,700
PANNERGY,0,20110112,094609,939,50
MOL,0,20110112,094614,22205,79
OTP,0,20110112,094616,5332,30
MOL,0,20110112,094621,22210,350
OTP,0,20110112,094622,5335,325
OTP,0,20110112,094622,5335,50
OTP,0,20110112,094622,5335,53
OTP,0,20110112,094622,5335,48
OTP,0,20110112,094622,5339,26
OTP,0,20110112,094622,5339,1498
OTP,0,20110112,094624,5332,45
BUX1112,0,20110112,094624,23080,7
BUX1112,0,20110112,094624,23090,25
BUX1112,0,20110112,094624,23090,2
BUX1112,0,20110112,094624,23095,18
BUX1112,0,20110112,094632,23099,5
MOL,0,20110112,094634,22230,10
MTELEKOM,0,20110112,094636,551,400
MOL,0,20110112,094638,22230,19
BUX1112,0,20110112,094639,23099,2
BUX1112,0,20110112,094639,23100,10
BUX1112,0,20110112,094639,23100,3
MOL,0,20110112,094642,22230,1
MOL,0,20110112,094642,22230,19
MOL,0,20110112,094642,22215,180
BUX1112,0,20110112,094645,23100,17
BUX1112,0,20110112,094652,23100,1
MOL,0,20110112,094703,22250,5
RICHTER,0,20110112,094713,43520,2
BUX1112,0,20110112,094714,23075,3
PANNERGY,0,20110112,094716,936,286
PANNERGY,0,20110112,094716,935,263
PANNERGY,0,20110112,094716,935,85
PANNERGY,0,20110112,094716,935,200
PANNERGY,0,20110112,094716,935,1000
PANNERGY,0,20110112,094716,935,100
MOL,0,20110112,094720,22250,35
MOL,0,20110112,094720,22250,130
MOL,0,20110112,094720,22250,103
PANNERGY,0,20110112,094721,934,100
PANNERGY,0,20110112,094721,934,300
PANNERGY,0,20110112,094721,933,40
PANNERGY,0,20110112,094721,933,2000
OTP,0,20110112,094721,5337,39
MTELEKOM,0,20110112,094722,550,85
PANNERGY,0,20110112,094722,935,66
BUX1112,0,20110112,094730,23100,1
PANNERGY,0,20110112,094733,932,650
PANNERGY,0,20110112,094733,932,67
PANNERGY,0,20110112,094733,931,200
PANNERGY,0,20110112,094733,931,330
PANNERGY,0,20110112,094733,931,300
PANNERGY,0,20110112,094733,931,93
PANNERGY,0,20110112,094733,931,600
PANNERGY,0,20110112,094733,930,200
PANNERGY,0,20110112,094733,930,860
PANNERGY,0,20110112,094733,930,300
PANNERGY,0,20110112,094733,930,100
PANNERGY,0,20110112,094733,930,1900
PANNERGY,0,20110112,094733,930,100
PANNERGY,0,20110112,094733,929,49
BUX1112,0,20110112,094739,23100,1
PANNERGY,0,20110112,094738,930,100
PANNERGY,0,20110112,094738,930,50
MOL,0,20110112,094739,22220,560
MOL,0,20110112,094739,22220,300
MOL,0,20110112,094742,22220,361
OTP,0,20110112,094745,5337,161
OTP,0,20110112,094745,5335,50
MOL,0,20110112,094746,22220,279
MTELEKOM,0,20110112,094748,551,2500
BUX1112,0,20110112,094750,23100,13
OTP,0,20110112,094750,5333,50
MOL,0,20110112,094754,22250,200
PANNERGY,0,20110112,094757,934,166
PANNERGY,0,20110112,094757,935,34
OTP,0,20110112,094801,5335,30
MOL,0,20110112,094811,22215,132
MOL,0,20110112,094811,22240,5
MOL,0,20110112,094814,22215,44
BUX1112,0,20110112,094815,23080,2
OTP,0,20110112,094831,5335,400
MOL,0,20110112,094835,22230,9
OTP,0,20110112,094838,5333,50
MOL,0,20110112,094858,22215,25
ANY,0,20110112,094901,761,94
ANY,0,20110112,094901,764,30
ANY,0,20110112,094901,764,209
BUX1112,0,20110112,094911,23090,25
BUX1112,0,20110112,094911,23097,6
BUX1112,0,20110112,094911,23098,13
BUX1112,0,20110112,094911,23099,7
BUX1112,0,20110112,094911,23100,37
BUX1112,0,20110112,094911,23100,12
EGIS,0,20110112,094912,21130,26
EGIS,0,20110112,094912,21100,12
FHB,0,20110112,094913,961,252
FHB,0,20110112,094913,960,47
MOL,0,20110112,094913,22215,119
MOL,0,20110112,094913,22215,50
MOL,0,20110112,094913,22210,149
MTELEKOM,0,20110112,094913,550,711
MTELEKOM,0,20110112,094913,550,500
MTELEKOM,0,20110112,094913,550,800
MTELEKOM,0,20110112,094913,550,2752
OTP,0,20110112,094913,5333,900
OTP,0,20110112,094913,5332,388
RICHTER,0,20110112,094913,43555,30
RICHTER,0,20110112,094913,43550,69
RICHTER,0,20110112,094919,43550,31
RICHTER,0,20110112,094919,43550,2
OTP,0,20110112,094929,5332,100
MTELEKOM,0,20110112,094933,550,86
OTP,0,20110112,094954,5332,50
MTELEKOM,0,20110112,095001,551,1600
MTELEKOM,0,20110112,095001,551,76
MTELEKOM,0,20110112,095001,551,82
OTP,0,20110112,095002,5332,387
OTP,0,20110112,095002,5332,1500
OTP,0,20110112,095002,5332,209
OTP,0,20110112,095002,5331,100
OTP,0,20110112,095002,5331,80
OTP,0,20110112,095002,5331,345
OTP,0,20110112,095002,5331,3379
PANNERGY,0,20110112,095002,930,100
PANNERGY,0,20110112,095002,930,100
PANNERGY,0,20110112,095002,930,150
PANNERGY,0,20110112,095002,930,34
PANNERGY,0,20110112,095002,930,100
PANNERGY,0,20110112,095002,929,46
OTP,0,20110112,095006,5331,1621
OTP,0,20110112,095006,5330,379
OTP,0,20110112,095006,5330,530
MOL,0,20110112,095008,22210,1
MOL,0,20110112,095008,22210,42
MOL,0,20110112,095008,22205,108
OTP,0,20110112,095009,5330,2000
OTP,0,20110112,095011,5330,97
OTP,0,20110112,095014,5330,50
MOL,0,20110112,095022,22225,76
MOL,0,20110112,095022,22225,20
MOL,0,20110112,095026,22225,180
MTELEKOM,0,20110112,095029,551,1242
MTELEKOM,0,20110112,095029,550,758
MOL,0,20110112,095030,22225,108
OTP,0,20110112,095030,5331,132
OTP,0,20110112,095031,5331,10
MOL,0,20110112,095034,22225,116
MOL,0,20110112,095035,22205,120
RFV,0,20110112,095040,8250,8
RFV,0,20110112,095040,8245,13
MOL,0,20110112,095043,22210,24
OTP,0,20110112,095048,5331,40
MOL,0,20110112,095052,22210,175
MOL,0,20110112,095057,22230,32
MOL,0,20110112,095057,22230,100
MOL,0,20110112,095057,22230,60
MOL,0,20110112,095057,22230,8
RICHTER,0,20110112,095059,43550,26
PANNERGY,0,20110112,095100,934,500
PANNERGY,0,20110112,095100,935,170
MOL,0,20110112,095102,22210,150
MOL,0,20110112,095111,22230,12
MOL,0,20110112,095111,22240,24
OTP,0,20110112,095113,5332,379
OTP,0,20110112,095115,5331,178
BUX1112,0,20110112,095120,23075,2
MTELEKOM,0,20110112,095131,551,5000
MOL,0,20110112,095134,22210,90
BUX1112,0,20110112,095135,23080,1
EGIS,0,20110112,095137,21100,38
PANNERGY,0,20110112,095145,935,60
BUX1112,0,20110112,095152,23095,1
PANNERGY,0,20110112,095153,935,200
PANNERGY,0,20110112,095201,935,100
MOL,0,20110112,095203,22230,20
MOL,0,20110112,095203,22240,76
MOL,0,20110112,095203,22250,404
OTP,0,20110112,095203,5333,1000
BUX1112,0,20110112,095205,23082,2
MOL,0,20110112,095205,22250,200
PANNERGY,0,20110112,095205,930,50
PANNERGY,0,20110112,095205,930,50
OTP,0,20110112,095205,5335,9
MOL,0,20110112,095207,22250,78
MOL,0,20110112,095207,22250,3
MOL,0,20110112,095207,22250,188
OTP,0,20110112,095212,5335,43
OTP,0,20110112,095212,5335,50
OTP,0,20110112,095212,5335,7
OTP,0,20110112,095222,5335,93
OTP,0,20110112,095222,5335,70
OTP,0,20110112,095222,5335,100
OTP,0,20110112,095222,5335,352
OTP,0,20110112,095222,5335,50
BUX1112,0,20110112,095230,23094,5
BUX1112,0,20110112,095230,23095,19
BUX1112,0,20110112,095230,23095,1
BUX1112,0,20110112,095230,23100,38
BUX1112,0,20110112,095230,23100,4
MOL,0,20110112,095232,22250,3
MOL,0,20110112,095232,22250,144
BUX1112,0,20110112,095239,23100,1
BUX1112,0,20110112,095239,23118,5
BUX1112,0,20110112,095239,23120.5,3
PANNERGY,0,20110112,095240,930,50
PANNERGY,0,20110112,095240,930,78
MOL,0,20110112,095240,22270,20
PANNERGY,0,20110112,095241,935,200
PANNERGY,0,20110112,095241,937,50
MOL,0,20110112,095242,22270,180
MOL,0,20110112,095242,22270,2
MOL,0,20110112,095242,22290,9
MOL,0,20110112,095242,22295,200
MOL,0,20110112,095242,22295,150
MOL,0,20110112,095242,22295,30
MOL,0,20110112,095242,22295,50
MOL,0,20110112,095242,22300,10
MOL,0,20110112,095242,22300,200
MOL,0,20110112,095242,22300,2669
MOL,0,20110112,095243,22270,20
MOL,0,20110112,095246,22300,331
MOL,0,20110112,095246,22300,100
MOL,0,20110112,095246,22300,2
MOL,0,20110112,095246,22300,43
MOL,0,20110112,095246,22300,30
MOL,0,20110112,095246,22300,81
MOL,0,20110112,095246,22300,4
MOL,0,20110112,095246,22300,360
BUX1112,0,20110112,095251,23120.5,5
BUX1112,0,20110112,095251,23124,2
BUX1112,0,20110112,095251,23129,3
BUX1112,0,20110112,095251,23129,40
RICHTER,0,20110112,095254,43550,5
MOL,0,20110112,095255,22300,200
MOL,0,20110112,095256,22300,250
MOL,0,20110112,095258,22300,250
MOL,0,20110112,095306,22290,4
MOL,0,20110112,095306,22295,96
PANNERGY,0,20110112,095307,934,500
PANNERGY,0,20110112,095308,931,100
PANNERGY,0,20110112,095309,931,200
PANNERGY,0,20110112,095309,930,172
PANNERGY,0,20110112,095309,930,170
PANNERGY,0,20110112,095309,930,200
PANNERGY,0,20110112,095309,930,100
PANNERGY,0,20110112,095309,930,582
PANNERGY,0,20110112,095314,930,100
MOL,0,20110112,095319,22270,45
MOL,0,20110112,095319,22270,100
PANNERGY,0,20110112,095327,930,60
PANNERGY,0,20110112,095327,930,340
MOL,0,20110112,095339,22270,60
OTP,0,20110112,095342,5335,2000
OTP,0,20110112,095342,5332,1500
OTP,0,20110112,095342,5332,2
OTP,0,20110112,095342,5331,2140
OTP,0,20110112,095342,5331,3000
BUX1112,0,20110112,095343,23124,5
EGIS,0,20110112,095344,21100,2
OTP,0,20110112,095348,5331,1000
OTP,0,20110112,095355,5331,358
PANNERGY,0,20110112,095358,930,100
MOL,0,20110112,095405,22270,24
OTP,0,20110112,095411,5332,185
PANNERGY,0,20110112,095412,935,130
BUX1112,0,20110112,095413,23100,4
OTP,0,20110112,095431,5332,4815
OTP,0,20110112,095433,5331,100
OTP,0,20110112,095433,5331,400
OTP,0,20110112,095441,5331,100
TVK,0,20110112,095441,3395,30
MTELEKOM,0,20110112,095445,550,404
MTELEKOM,0,20110112,095445,550,96
RICHTER,0,20110112,095449,43600,1
PANNERGY,0,20110112,095451,930,60
PANNERGY,0,20110112,095451,930,40
MOL,0,20110112,095458,22270,71
MOL,0,20110112,095458,22270,49
OTP,0,20110112,095500,5335,25
OTP,0,20110112,095500,5335,7
MOL,0,20110112,095500,22270,50
MOL,0,20110112,095500,22290,10
OTP,0,20110112,095504,5335,40
MOL,0,20110112,095506,22290,5
MOL,0,20110112,095506,22290,45
OTP,0,20110112,095520,5332,400
MOL,0,20110112,095521,22270,45
MTELEKOM,0,20110112,095532,550,79
KARPOT,0,20110112,095538,445,15
MOL,0,20110112,095547,22270,156
MOL,0,20110112,095547,22270,10
MOL,0,20110112,095547,22270,49
MOL,0,20110112,095547,22270,85
PANNERGY,0,20110112,095548,930,35
PANNERGY,0,20110112,095548,930,165
OTP,0,20110112,095550,5332,200
BUX1112,0,20110112,095557,23100,1
MOL,0,20110112,095604,22270,17
MOL,0,20110112,095606,22270,10
MTELEKOM,0,20110112,095608,551,82
MTELEKOM,0,20110112,095627,551,418
MTELEKOM,0,20110112,095627,551,82
OTP,0,20110112,095631,5332,90
PANNERGY,0,20110112,095632,934,90
PANNERGY,0,20110112,095632,934,410
MOL,0,20110112,095634,22270,88
MOL,0,20110112,095634,22270,152
MOL,0,20110112,095637,22270,5
MTELEKOM,0,20110112,095643,551,950
MTELEKOM,0,20110112,095705,551,800
OTP,0,20110112,095709,5332,500
MTELEKOM,0,20110112,095710,551,3010
MTELEKOM,0,20110112,095710,551,76
MTELEKOM,0,20110112,095716,551,1000
BUX1112,0,20110112,095718,23100,15
OTP,0,20110112,095720,5332,30
MOL,0,20110112,095723,22275,20
MOL,0,20110112,095749,22270,43
MOL,0,20110112,095749,22270,157
MOL,0,20110112,095750,22280,6
MOL,0,20110112,095750,22280,20
MOL,0,20110112,095750,22285,4
MOL,0,20110112,095750,22290,55
MOL,0,20110112,095750,22290,100
MOL,0,20110112,095750,22290,100
MOL,0,20110112,095750,22290,29
MOL,0,20110112,095750,22295,4
MOL,0,20110112,095750,22295,5
MOL,0,20110112,095750,22295,100
MOL,0,20110112,095750,22295,60
MOL,0,20110112,095750,22300,17
MOL,0,20110112,095752,22300,183
MOL,0,20110112,095752,22300,300
MOL,0,20110112,095752,22300,17
MOL,0,20110112,095756,22300,193
MOL,0,20110112,095756,22300,16
MOL,0,20110112,095756,22300,270
MOL,0,20110112,095808,22300,200
MOL,0,20110112,095809,22300,30
MOL,0,20110112,095809,22300,150
MOL,0,20110112,095809,22300,5
MOL,0,20110112,095809,22300,15
MOL,0,20110112,095809,22300,3
MOL,0,20110112,095809,22300,227
MOL,0,20110112,095809,22300,70
OTP,0,20110112,095810,5332,100
MOL,0,20110112,095824,22270,46
MOL,0,20110112,095839,22300,30
MOL,0,20110112,095839,22300,500
MOL,0,20110112,095839,22300,200
MOL,0,20110112,095839,22300,500
FHB,0,20110112,095845,962,150
FHB,0,20110112,095845,963,990
PANNERGY,0,20110112,095851,930,100
PANNERGY,0,20110112,095851,930,35
PANNERGY,0,20110112,095851,930,95
OTP,0,20110112,095858,5332,100
OTP,0,20110112,095900,5335,4
OTP,0,20110112,095900,5335,10
OTP,0,20110112,095900,5335,26
MOL,0,20110112,095901,22300,500
MOL,0,20110112,095901,22300,456
MOL,0,20110112,095901,22310,23
MOL,0,20110112,095901,22310,200
MOL,0,20110112,095911,22300,5
BUX1112,0,20110112,095912,23119,5
BUX1112,0,20110112,095912,23125,2
MOL,0,20110112,095914,22300,5
MOL,0,20110112,095916,22300,300
DANUBIUS,0,20110112,095916,4400,100
MOL,0,20110112,095918,22300,70
MOL,0,20110112,095920,22300,8
MOL,0,20110112,095920,22300,112
MOL,0,20110112,095920,22300,1
MOL,0,20110112,095923,22300,230
MOL,0,20110112,095925,22300,329
MOL,0,20110112,095925,22300,500
MOL,0,20110112,095927,22300,230
MOL,0,20110112,095927,22300,20
MOL,0,20110112,095928,22300,100
BUX1112,0,20110112,095931,23127,2
BUX1112,0,20110112,095931,23128.5,1
BUX1112,0,20110112,095931,23128.5,2
BUX1112,0,20110112,095932,23100,1
EGIS,0,20110112,095937,21125,28
MOL,0,20110112,095941,22300,50
MOL,0,20110112,095945,22300,9
ECONET,0,20110112,095948,89,1160
MOL,0,20110112,095949,22300,10
OTP,0,20110112,095951,5335,25
PANNERGY,0,20110112,095955,930,155
PANNERGY,0,20110112,095955,930,345
PANNERGY,0,20110112,095957,930,155
PANNERGY,0,20110112,095957,930,200
MOL,0,20110112,095957,22300,81
MOL,0,20110112,095957,22300,19
MOL,0,20110112,095959,22300,34
BUX1112,0,20110112,100001,23120,20
OTP,0,20110112,100003,5335,5
OTP,0,20110112,100003,5335,195
ECONET,0,20110112,100006,89,815
PANNERGY,0,20110112,100008,930,145
MOL,0,20110112,100010,22305,222
MOL,0,20110112,100013,22305,100
OTP,0,20110112,100015,5335,5
OTP,0,20110112,100015,5332,195
MOL,0,20110112,100018,22305,100
MOL,0,20110112,100019,22305,53
BUX1112,0,20110112,100020,23120,5
OTP,0,20110112,100035,5338,90
MOL,0,20110112,100036,22325,40
MOL,0,20110112,100036,22325,20
MOL,0,20110112,100038,22325,10
MOL,0,20110112,100038,22310,40
MOL,0,20110112,100038,22310,42
MOL,0,20110112,100041,22330,34
MOL,0,20110112,100041,22330,5
MOL,0,20110112,100041,22330,173
MOL,0,20110112,100045,22340,2
MOL,0,20110112,100045,22345,150
MOL,0,20110112,100045,22345,200
MOL,0,20110112,100045,22350,10
MOL,0,20110112,100045,22350,50
MOL,0,20110112,100045,22350,24
MOL,0,20110112,100045,22350,50
MOL,0,20110112,100045,22350,14
MOL,0,20110112,100045,22350,36
MOL,0,20110112,100045,22350,100
MOL,0,20110112,100045,22350,13
MOL,0,20110112,100045,22350,10
MOL,0,20110112,100045,22350,30
MOL,0,20110112,100045,22350,40
MOL,0,20110112,100047,22350,200
MOL,0,20110112,100049,22355,50
MOL,0,20110112,100049,22355,177
MOL,0,20110112,100051,22370,10
MOL,0,20110112,100051,22370,50
MOL,0,20110112,100051,22390,166
MOL,0,20110112,100051,22390,10
MOL,0,20110112,100051,22390,264
MOL,0,20110112,100051,22390,500
BUX1112,0,20110112,100052,23124.5,1
BUX1112,0,20110112,100052,23128.5,1
MOL,0,20110112,100054,22390,236
MOL,0,20110112,100054,22390,5
MOL,0,20110112,100054,22395,40
MOL,0,20110112,100054,22395,49
MOL,0,20110112,100054,22395,45
MOL,0,20110112,100054,22395,125
MOL,0,20110112,100055,22395,75
MOL,0,20110112,100055,22395,15
MOL,0,20110112,100055,22395,50
MOL,0,20110112,100055,22395,40
MOL,0,20110112,100055,22395,20
MOL,0,20110112,100055,22400,94
MOL,0,20110112,100055,22400,100
MOL,0,20110112,100055,22400,20
MOL,0,20110112,100055,22400,86
MOL,0,20110112,100056,22350,300
MOL,0,20110112,100056,22350,300
MOL,0,20110112,100056,22315,258
MOL,0,20110112,100056,22310,481
MOL,0,20110112,100056,22310,42
MOL,0,20110112,100056,22310,40
MOL,0,20110112,100056,22305,25
MOL,0,20110112,100056,22305,4
MOL,0,20110112,100056,22400,214
MOL,0,20110112,100056,22400,286
MOL,0,20110112,100058,22400,500
BUX1112,0,20110112,100103,23129,10
BUX1112,0,20110112,100103,23129,2
MOL,0,20110112,100105,22385,31
MOL,0,20110112,100118,22385,169
MOL,0,20110112,100118,22385,19
MOL,0,20110112,100118,22395,200
BUX1112,0,20110112,100130,23134.5,1
BUX1112,0,20110112,100130,23135,1
BUX1112,0,20110112,100130,23135,1
MOL,0,20110112,100131,22390,5
MOL,0,20110112,100131,22390,495
MOL,0,20110112,100131,22390,5
MOL,0,20110112,100131,22390,495
MOL,0,20110112,100132,22390,5
MOL,0,20110112,100132,22390,495
MOL,0,20110112,100140,22370,50
KEG,0,20110112,100141,139,1000
MTELEKOM,0,20110112,100141,551,87
PANNERGY,0,20110112,100150,933,70
PANNERGY,0,20110112,100150,934,590
BUX1112,0,20110112,100152,23135,18
BUX1112,0,20110112,100152,23135,1
BUX1112,0,20110112,100152,23138,3
BUX1112,0,20110112,100152,23139.5,1
BUX1112,0,20110112,100152,23140,18
BUX1112,0,20110112,100152,23140,5
BUX1112,0,20110112,100152,23140,2
BUX1112,0,20110112,100155,23140,26
EGIS,0,20110112,100155,21100,38
FHB,0,20110112,100155,960,247
FHB,0,20110112,100155,960,10
FHB,0,20110112,100155,960,42
MOL,0,20110112,100155,22370,289
MOL,0,20110112,100155,22355,29
MTELEKOM,0,20110112,100156,551,827
MTELEKOM,0,20110112,100156,551,3936
OTP,0,20110112,100156,5333,1200
OTP,0,20110112,100156,5333,88
RICHTER,0,20110112,100156,43625,40
RICHTER,0,20110112,100156,43620,59
OTP,0,20110112,100158,5338,10
OTP,0,20110112,100158,5339,100
RICHTER,0,20110112,100201,43620,32
RICHTER,0,20110112,100213,43700,2
RICHTER,0,20110112,100213,43700,13
RICHTER,0,20110112,100213,43700,12
RICHTER,0,20110112,100213,43700,14
MOL,0,20110112,100216,22360,100
OTP,0,20110112,100221,5333,112
OTP,0,20110112,100221,5333,10
MOL,0,20110112,100221,22360,48
OTP,0,20110112,100224,5339,70
RICHTER,0,20110112,100229,43715,34
KEG,0,20110112,100229,139,1400
KEG,0,20110112,100229,139,100
ANY,0,20110112,100238,764,41
ANY,0,20110112,100238,764,180
ANY,0,20110112,100238,764,254
ANY,0,20110112,100238,765,1000
ANY,0,20110112,100238,765,29
ANY,0,20110112,100238,765,300
ANY,0,20110112,100238,765,200
MOL,0,20110112,100243,22370,10
MTELEKOM,0,20110112,100249,552,325
MTELEKOM,0,20110112,100249,552,400
MTELEKOM,0,20110112,100249,552,3775
MOL,0,20110112,100252,22360,81
MOL,0,20110112,100252,22360,300
MOL,0,20110112,100252,22360,8
MOL,0,20110112,100252,22355,534
MOL,0,20110112,100252,22355,77
BUX1112,0,20110112,100253,23135,1
MOL,0,20110112,100255,22370,23
MOL,0,20110112,100256,22355,223
MOL,0,20110112,100300,22350,50
MOL,0,20110112,100301,22350,286
MOL,0,20110112,100301,22350,300
MOL,0,20110112,100301,22350,50
MOL,0,20110112,100302,22350,250
MOL,0,20110112,100308,22350,336
MOL,0,20110112,100308,22350,20
MOL,0,20110112,100308,22350,500
OTP,0,20110112,100311,5339,32
OTP,0,20110112,100311,5339,8
MOL,0,20110112,100312,22350,144
OTP,0,20110112,100316,5339,29
OTP,0,20110112,100316,5339,100
OTP,0,20110112,100316,5340,41
MOL,0,20110112,100318,22345,500
MOL,0,20110112,100318,22345,500
MOL,0,20110112,100320,22345,500
MOL,0,20110112,100320,22350,15
MOL,0,20110112,100320,22350,73
MOL,0,20110112,100320,22350,560
MOL,0,20110112,100321,22330,444
OTP,0,20110112,100325,5333,20
ECONET,0,20110112,100326,89,3800
MOL,0,20110112,100329,22325,45
OTP,0,20110112,100330,5333,5
BUX1112,0,20110112,100338,23139,5
BUX1112,0,20110112,100338,23140,4
BUX1112,0,20110112,100338,23140,3
BUX1112,0,20110112,100338,23145,20
BUX1112,0,20110112,100338,23145,2
BUX1112,0,20110112,100338,23149,1
BUX1112,0,20110112,100338,23149,4
BUX1112,0,20110112,100338,23150,2
BUX1112,0,20110112,100338,23150,1
BUX1112,0,20110112,100338,23150,30
BUX1112,0,20110112,100338,23150,1
BUX1112,0,20110112,100338,23150,5
BUX1112,0,20110112,100338,23150,20
BUX1112,0,20110112,100338,23150,2
EGIS,0,20110112,100339,21100,12
EGIS,0,20110112,100339,21080,5
EGIS,0,20110112,100339,21060,21
FHB,0,20110112,100339,960,68
FHB,0,20110112,100339,959,50
FHB,0,20110112,100339,958,50
FHB,0,20110112,100339,958,131
MOL,0,20110112,100340,22330,318
MTELEKOM,0,20110112,100340,551,1064
MTELEKOM,0,20110112,100340,551,500
MTELEKOM,0,20110112,100340,551,200
MTELEKOM,0,20110112,100340,551,1072
MTELEKOM,0,20110112,100340,550,725
MTELEKOM,0,20110112,100340,550,1202
OTP,0,20110112,100340,5333,65
OTP,0,20110112,100340,5332,385
OTP,0,20110112,100340,5332,347
OTP,0,20110112,100340,5331,121
OTP,0,20110112,100340,5331,370
RICHTER,0,20110112,100340,43715,48
RICHTER,0,20110112,100340,43620,9
RICHTER,0,20110112,100340,43600,42
MOL,0,20110112,100350,22330,82
MOL,0,20110112,100350,22330,456
MTELEKOM,0,20110112,100351,550,86
TVK,0,20110112,100355,3395,42
TVK,0,20110112,100355,3395,150
TVK,0,20110112,100355,3395,108
MOL,0,20110112,100359,22315,19
MOL,0,20110112,100401,22315,481
MOL,0,20110112,100401,22305,396
MOL,0,20110112,100401,22305,500
MOL,0,20110112,100401,22300,447
MOL,0,20110112,100401,22300,176
ECONET,0,20110112,100404,89,1985
ECONET,0,20110112,100404,89,2015
MOL,0,20110112,100405,22300,824
MOL,0,20110112,100405,22300,125
MOL,0,20110112,100407,22305,15
MOL,0,20110112,100410,22305,585
MOL,0,20110112,100417,22300,144
OTP,0,20110112,100417,5335,15
MOL,0,20110112,100420,22300,100
MOL,0,20110112,100420,22300,256
MOL,0,20110112,100420,22300,455
RICHTER,0,20110112,100424,43600,7
BUX1112,0,20110112,100424,23142.5,1
BUX1112,0,20110112,100424,23143,1
BUX1112,0,20110112,100424,23143,12
BUX1112,0,20110112,100424,23144,1
PANNERGY,0,20110112,100427,934,340
PANNERGY,0,20110112,100427,934,40
MOL,0,20110112,100428,22300,100
MOL,0,20110112,100428,22300,64
RICHTER,0,20110112,100430,43555,15
MOL,0,20110112,100430,22300,336
RICHTER,0,20110112,100436,43550,5
ECONET,0,20110112,100449,89,207
ECONET,0,20110112,100449,89,10
ECONET,0,20110112,100449,89,1000
ECONET,0,20110112,100449,89,600
ECONET,0,20110112,100449,89,1150
ECONET,0,20110112,100449,89,1387
MOL,0,20110112,100449,22290,4
MOL,0,20110112,100452,22280,10
MOL,0,20110112,100452,22280,100
MOL,0,20110112,100452,22280,5
ECONET,0,20110112,100455,88,1285
ECONET,0,20110112,100455,88,1140
ECONET,0,20110112,100455,88,5000
ECONET,0,20110112,100455,88,3000
ECONET,0,20110112,100455,88,330
ECONET,0,20110112,100455,88,1200
ECONET,0,20110112,100455,88,10000
ECONET,0,20110112,100455,88,5045
RICHTER,0,20110112,100456,43550,14
MOL,0,20110112,100501,22280,5
OTP,0,20110112,100508,5335,10
MOL,0,20110112,100509,22300,5
