<TICKER>,<PER>,<DTYYYYMMDD>,<TIME>,<CLOSE>,<VOLUME>
BOOK,0,20110121,090018,480,423
BOOK,0,20110121,090018,480,19
BOOK,0,20110121,090018,480,105
CSEPEL,0,20110121,090018,355,105
CSEPEL,0,20110121,090018,355,540
ECONET,0,20110121,090018,90,3000
ECONET,0,20110121,090018,90,1200
EGIS,0,20110121,090018,20695,10
EGIS,0,20110121,090018,20695,4
EGIS,0,20110121,090018,20695,11
FHB,0,20110121,090018,966,300
FHB,0,20110121,090018,966,350
FHB,0,20110121,090018,966,50
FHB,0,20110121,090018,966,300
FHB,0,20110121,090018,966,26
MOL,0,20110121,090018,22330,1
MOL,0,20110121,090018,22330,39
MOL,0,20110121,090018,22330,6
MOL,0,20110121,090018,22330,6
MOL,0,20110121,090018,22330,144
MOL,0,20110121,090018,22330,156
MOL,0,20110121,090018,22330,44
MOL,0,20110121,090018,22330,6
MOL,0,20110121,090018,22330,150
MTELEKOM,0,20110121,090018,550,100
MTELEKOM,0,20110121,090018,550,100
MTELEKOM,0,20110121,090018,550,140
MTELEKOM,0,20110121,090018,550,33
MTELEKOM,0,20110121,090018,550,427
MTELEKOM,0,20110121,090018,550,600
MTELEKOM,0,20110121,090018,550,773
ORC,0,20110121,090018,1990,10
OTP,0,20110121,090018,5620,33
OTP,0,20110121,090018,5620,7
OTP,0,20110121,090018,5620,48
OTP,0,20110121,090018,5620,24
OTP,0,20110121,090018,5620,121
OTP,0,20110121,090018,5620,55
OTP,0,20110121,090018,5620,450
OTP,0,20110121,090018,5620,60
OTP,0,20110121,090018,5620,64
OTP,0,20110121,090018,5620,94
OTP,0,20110121,090018,5620,100
OTP,0,20110121,090018,5620,120
OTP,0,20110121,090018,5620,422
OTP,0,20110121,090018,5620,78
OTP,0,20110121,090018,5620,422
OTP,0,20110121,090018,5620,78
OTP,0,20110121,090018,5620,122
OTP,0,20110121,090018,5620,143
OTP,0,20110121,090018,5620,1720
OTP,0,20110121,090018,5620,61
OTP,0,20110121,090018,5620,83
OTP,0,20110121,090018,5620,871
OTP,0,20110121,090018,5620,129
OTP,0,20110121,090018,5620,251
OTP,0,20110121,090018,5620,30
OTP,0,20110121,090018,5620,20
OTP,0,20110121,090018,5620,400
OTP,0,20110121,090018,5620,250
OTP,0,20110121,090018,5620,32
OTP,0,20110121,090018,5620,180
OTP,0,20110121,090018,5620,20
PANNERGY,0,20110121,090018,915,200
PANNERGY,0,20110121,090018,915,330
PFLAX,0,20110121,090018,685,20
PHYLAXIA,0,20110121,090018,44,20
PHYLAXIA,0,20110121,090018,44,9980
PHYLAXIA,0,20110121,090018,44,2500
PHYLAXIA,0,20110121,090018,44,2000
PHYLAXIA,0,20110121,090018,44,15520
RABA,0,20110121,090018,835,138
RICHTER,0,20110121,090018,42220,1
RICHTER,0,20110121,090018,42220,3
RICHTER,0,20110121,090018,42220,4
RICHTER,0,20110121,090018,42220,4
RICHTER,0,20110121,090018,42220,16
BUX1112,0,20110121,090018,23550,4
BUX1112,0,20110121,090018,23550,1
BUX1112,0,20110121,090018,23550,1
BUX1112,0,20110121,090018,23550,2
BUX1112,0,20110121,090018,23550,1
BUX1112,0,20110121,090018,23550,41
BUX1112,0,20110121,090018,23550,1
BUX1112,0,20110121,090018,23550,1
BUX1112,0,20110121,090018,23550,5
BUX1112,0,20110121,090018,23550,5
BUX1112,0,20110121,090018,23550,7
BUX1112,0,20110121,090018,23550,2
BUX1112,0,20110121,090018,23550,2
BUX1112,0,20110121,090018,23550,1
BUX1112,0,20110121,090200,23565,2
BUX1112,0,20110121,090200,23573,2
BUX1112,0,20110121,090200,23577,1
BUX1112,0,20110121,090200,23580,10
BUX1112,0,20110121,090200,23580,5
MOL,0,20110121,090203,22300,20
OTP,0,20110121,090205,5629,35
OTP,0,20110121,090205,5639,20
OTP,0,20110121,090206,5625,330
MTELEKOM,0,20110121,090209,550,9227
MTELEKOM,0,20110121,090209,550,2000
MTELEKOM,0,20110121,090209,550,10000
BUX1112,0,20110121,090210,23580,10
OTP,0,20110121,090212,5625,322
OTP,0,20110121,090217,5625,348
OTP,0,20110121,090217,5621,182
OTP,0,20110121,090220,5639,80
OTP,0,20110121,090224,5630,60
MTELEKOM,0,20110121,090236,550,2000
OTP,0,20110121,090241,5640,240
OTP,0,20110121,090245,5638,19
MOL,0,20110121,090303,22330,34
RICHTER,0,20110121,090304,42225,2
RICHTER,0,20110121,090304,42225,4
BUX1112,0,20110121,090304,23579,16
MOL,0,20110121,090304,22300,111
OTP,0,20110121,090304,5631,310
OTP,0,20110121,090304,5631,293
MTELEKOM,0,20110121,090304,550,455
OTP,0,20110121,090307,5631,54
OTP,0,20110121,090308,5638,60
OTP,0,20110121,090311,5638,71
OTP,0,20110121,090311,5639,50
OTP,0,20110121,090311,5640,79
OTP,0,20110121,090312,5632,100
OTP,0,20110121,090312,5631,343
OTP,0,20110121,090312,5630,430
OTP,0,20110121,090316,5630,627
OTP,0,20110121,090317,5640,81
OTP,0,20110121,090317,5640,400
BUX1112,0,20110121,090317,23560,10
BUX1112,0,20110121,090325,23560,1
OTP,0,20110121,090325,5640,20
OTP,0,20110121,090325,5638,10
OTP,0,20110121,090333,5640,50
OTP,0,20110121,090333,5632,50
OTP,0,20110121,090341,5640,130
MOL,0,20110121,090343,22300,15
EGIS,0,20110121,090344,20700,15
OTP,0,20110121,090349,5631,15
OTP,0,20110121,090349,5638,50
MOL,0,20110121,090350,22300,68
BOOK,0,20110121,090351,480,376
OTP,0,20110121,090356,5631,20
BUX1112,0,20110121,090401,23561,1
BUX1112,0,20110121,090401,23551,10
BUX1112,0,20110121,090401,23550,12
BUX1112,0,20110121,090401,23550,17
MOL,0,20110121,090402,22325,700
OTP,0,20110121,090407,5631,40
OTP,0,20110121,090418,5637,64
PANNERGY,0,20110121,090425,915,500
OTP,0,20110121,090433,5637,21
EGIS,0,20110121,090435,20700,29
OTP,0,20110121,090441,5637,115
OTP,0,20110121,090441,5637,13
OTP,0,20110121,090441,5637,1872
OTP,0,20110121,090442,5632,119
OTP,0,20110121,090442,5631,100
OTP,0,20110121,090442,5631,11
OTP,0,20110121,090453,5632,1000
OTP,0,20110121,090453,5631,200
BUX1112,0,20110121,090454,23560,2
EGIS,0,20110121,090504,20700,6
OTP,0,20110121,090507,5634,790
OTP,0,20110121,090507,5635,28
OTP,0,20110121,090507,5632,50
OTP,0,20110121,090507,5631,950
KEG,0,20110121,090508,131,2000
MOL,0,20110121,090510,22300,16
OTP,0,20110121,090514,5631,339
OTP,0,20110121,090514,5631,61
OTP,0,20110121,090517,5631,600
KEG,0,20110121,090518,131,500
BUX1112,0,20110121,090520,23560,2
OTP,0,20110121,090527,5631,160
OTP,0,20110121,090527,5635,62
MTELEKOM,0,20110121,090528,550,1000
BUX1112,0,20110121,090533,23560,5
OTP,0,20110121,090536,5631,179
OTP,0,20110121,090536,5630,71
OTP,0,20110121,090536,5630,29
OTP,0,20110121,090536,5630,50
OTP,0,20110121,090542,5625,140
OTP,0,20110121,090543,5628,20
OTP,0,20110121,090543,5630,421
OTP,0,20110121,090543,5630,1250
PANNERGY,0,20110121,090547,915,13
OTP,0,20110121,090552,5630,100
OTP,0,20110121,090553,5630,100
OTP,0,20110121,090553,5630,50
BUX1112,0,20110121,090556,23560,1
OTP,0,20110121,090556,5630,59
OTP,0,20110121,090607,5630,1
OTP,0,20110121,090611,5625,130
RABA,0,20110121,090615,835,10
RICHTER,0,20110121,090624,42300,1
OTP,0,20110121,090625,5625,100
OTP,0,20110121,090632,5630,40
OTP,0,20110121,090632,5630,100
OTP,0,20110121,090632,5630,260
BUX1112,0,20110121,090638,23573,5
BUX1112,0,20110121,090638,23574,20
MOL,0,20110121,090640,22305,3
MOL,0,20110121,090640,22300,70
MOL,0,20110121,090640,22300,277
BUX1112,0,20110121,090642,23580,5
BUX1112,0,20110121,090642,23580,4
BUX1112,0,20110121,090642,23580,5
ECONET,0,20110121,090658,90,800
ECONET,0,20110121,090658,90,4200
BUX1112,0,20110121,090701,23560,1
OTP,0,20110121,090711,5630,40
OTP,0,20110121,090711,5630,20
OTP,0,20110121,090711,5630,300
MOL,0,20110121,090725,22300,10
OTP,0,20110121,090726,5625,130
OTP,0,20110121,090726,5625,20
OTP,0,20110121,090726,5625,100
OTP,0,20110121,090726,5625,500
MOL,0,20110121,090730,22315,5
SYNERGON,0,20110121,090733,526,140
SYNERGON,0,20110121,090733,528,50
SYNERGON,0,20110121,090733,529,200
SYNERGON,0,20110121,090733,529,200
SYNERGON,0,20110121,090733,530,150
BUX1112,0,20110121,090738,23565,10
KEG,0,20110121,090738,131,300
PANNERGY,0,20110121,090752,915,57
MOL,0,20110121,090754,22300,113
MOL,0,20110121,090754,22300,87
OTP,0,20110121,090756,5622,100
OTP,0,20110121,090804,5622,50
BUX1112,0,20110121,090804,23565,1
MTELEKOM,0,20110121,090804,550,281
OTP,0,20110121,090805,5621,20
MOL,0,20110121,090809,22300,70
MOL,0,20110121,090811,22315,41
MOL,0,20110121,090811,22315,30
OTP,0,20110121,090814,5621,131
MOL,0,20110121,090817,22320,175
OTP,0,20110121,090817,5621,49
OTP,0,20110121,090817,5621,51
MOL,0,20110121,090826,22300,30
MOL,0,20110121,090826,22300,5
MTELEKOM,0,20110121,090827,550,719
MTELEKOM,0,20110121,090827,549,675
MTELEKOM,0,20110121,090827,549,1106
OTP,0,20110121,090827,5621,25
KEG,0,20110121,090829,131,500
OTP,0,20110121,090831,5621,50
OTP,0,20110121,090832,5621,20
BUX1112,0,20110121,090833,23565,2
OTP,0,20110121,090834,5625,100
MOL,0,20110121,090834,22300,35
OTP,0,20110121,090835,5621,40
OTP,0,20110121,090843,5622,8
OTP,0,20110121,090843,5621,144
OTP,0,20110121,090843,5620,126
OTP,0,20110121,090843,5620,322
OTP,0,20110121,090843,5620,50
OTP,0,20110121,090847,5620,1000
OTP,0,20110121,090850,5620,500
OTP,0,20110121,090850,5620,128
OTP,0,20110121,090850,5620,100
OTP,0,20110121,090850,5620,2200
OTP,0,20110121,090851,5620,100
OTP,0,20110121,090852,5620,20
OTP,0,20110121,090855,5619,500
OTP,0,20110121,090855,5619,50
MOL,0,20110121,090859,22300,5
OTP,0,20110121,090859,5619,2450
BUX1112,0,20110121,090859,23570,1
BUX1112,0,20110121,090859,23570,10
BUX1112,0,20110121,090901,23565,1
MOL,0,20110121,090904,22300,10
OTP,0,20110121,090907,5619,20
MOL,0,20110121,090916,22320,10
OTP,0,20110121,090918,5612,100
OTP,0,20110121,090918,5611,400
OTP,0,20110121,090918,5617,5
OTP,0,20110121,090918,5619,25
OTP,0,20110121,090920,5611,200
OTP,0,20110121,090920,5610,100
OTP,0,20110121,090920,5610,70
OTP,0,20110121,090920,5610,20
OTP,0,20110121,090924,5610,12
OTP,0,20110121,090924,5610,1000
OTP,0,20110121,090924,5607,100
BUX1112,0,20110121,090926,23565,5
MOL,0,20110121,090929,22300,20
BUX1112,0,20110121,090931,23565,10
RABA,0,20110121,090932,835,60
BUX1112,0,20110121,090933,23565,1
BUX1112,0,20110121,090934,23565,1
SYNERGON,0,20110121,090934,530,260
OTP,0,20110121,090935,5610,20
BUX1112,0,20110121,090935,23565,1
BUX1112,0,20110121,090935,23565,1
BUX1112,0,20110121,090937,23565,1
OTP,0,20110121,090939,5610,100
BUX1112,0,20110121,090940,23565,4
BUX1112,0,20110121,090942,23565,1
MOL,0,20110121,090943,22330,10
BUX1112,0,20110121,090943,23565,1
BUX1112,0,20110121,090943,23565,1
BUX1112,0,20110121,090944,23565,1
OTP,0,20110121,090944,5611,110
BUX1112,0,20110121,090946,23565,1
BUX1112,0,20110121,090947,23565,2
OTP,0,20110121,090948,5611,110
OTP,0,20110121,090951,5611,763
BUX1112,0,20110121,090957,23565,100
RICHTER,0,20110121,091000,42410,7
OTP,0,20110121,091002,5610,30
OTP,0,20110121,091005,5610,600
PHYLAXIA,0,20110121,091008,44,2000
MOL,0,20110121,091011,22320,48
BUX1112,0,20110121,091012,23565,1
BUX1112,0,20110121,091012,23560,39
BUX1112,0,20110121,091012,23551,1
OTP,0,20110121,091014,5610,300
OTP,0,20110121,091015,5610,1450
OTP,0,20110121,091015,5606,800
OTP,0,20110121,091015,5605,247
OTP,0,20110121,091015,5605,103
OTP,0,20110121,091015,5605,97
OTP,0,20110121,091015,5605,40
OTP,0,20110121,091023,5611,50
BUX1112,0,20110121,091028,23550,1
EGIS,0,20110121,091032,20770,5
OTP,0,20110121,091035,5611,20
OTP,0,20110121,091037,5611,1500
MTELEKOM,0,20110121,091039,550,5149
BUX1112,0,20110121,091044,23550,14
OTP,0,20110121,091046,5612,300
OTP,0,20110121,091046,5613,15
OTP,0,20110121,091048,5613,1500
MTELEKOM,0,20110121,091048,549,200
OTP,0,20110121,091050,5614,100
OTP,0,20110121,091050,5615,150
OTP,0,20110121,091050,5615,850
OTP,0,20110121,091050,5615,1000
OTP,0,20110121,091050,5619,5
OTP,0,20110121,091050,5619,250
OTP,0,20110121,091050,5620,318
OTP,0,20110121,091050,5620,77
MOL,0,20110121,091057,22310,50
OTP,0,20110121,091100,5616,50
OTP,0,20110121,091101,5620,1000
OTP,0,20110121,091102,5620,70
OTP,0,20110121,091104,5620,853
OTP,0,20110121,091104,5620,147
OTP,0,20110121,091131,5616,300
EGIS,0,20110121,091141,20720,15
EGIS,0,20110121,091143,20720,15
EGIS,0,20110121,091143,20750,3
EGIS,0,20110121,091143,20750,2
OTP,0,20110121,091145,5619,160
OTP,0,20110121,091145,5619,25
OTP,0,20110121,091145,5620,815
OTP,0,20110121,091145,5616,96
EGIS,0,20110121,091148,20750,15
MOL,0,20110121,091153,22300,5
OTP,0,20110121,091159,5620,20
OTP,0,20110121,091203,5620,400
GENESIS,0,20110121,091203,214,30
MOL,0,20110121,091208,22330,8
OTP,0,20110121,091214,5617,100
MOL,0,20110121,091214,22335,13
OTP,0,20110121,091227,5617,30
OTP,0,20110121,091232,5617,50
OTP,0,20110121,091233,5617,420
OTP,0,20110121,091233,5616,554
OTP,0,20110121,091233,5616,408
MOL,0,20110121,091237,22300,33
MOL,0,20110121,091237,22300,167
OTP,0,20110121,091245,5616,985
OTP,0,20110121,091245,5616,1000
OTP,0,20110121,091245,5616,20
OTP,0,20110121,091245,5615,100
OTP,0,20110121,091245,5615,395
OTP,0,20110121,091247,5615,305
OTP,0,20110121,091247,5615,1000
ETFBUXOTP,0,20110121,091252,957,1450
EGIS,0,20110121,091253,20850,2
MTELEKOM,0,20110121,091253,550,314
OTP,0,20110121,091253,5615,77
MOL,0,20110121,091253,22335,19
RICHTER,0,20110121,091253,42485,6
OTP,0,20110121,091256,5613,985
OTP,0,20110121,091256,5612,700
BUX1112,0,20110121,091258,23550,10
BUX1112,0,20110121,091258,23550,22
BUX1112,0,20110121,091302,23550,18
RICHTER,0,20110121,091304,42410,3
OTP,0,20110121,091304,5611,182
MTELEKOM,0,20110121,091304,548,282
EGIS,0,20110121,091305,20850,4
OTP,0,20110121,091305,5615,12
BUX1112,0,20110121,091305,23550,1
OTP,0,20110121,091307,5611,1000
MOL,0,20110121,091308,22300,100
MOL,0,20110121,091308,22300,76
OTP,0,20110121,091309,5611,2248
OTP,0,20110121,091309,5610,20
OTP,0,20110121,091309,5610,12
OTP,0,20110121,091309,5610,100
OTP,0,20110121,091309,5610,20
OTP,0,20110121,091309,5615,80
MOL,0,20110121,091314,22250,70
EGIS,0,20110121,091318,20850,15
BUX1112,0,20110121,091319,23550,5
BUX1112,0,20110121,091320,23550,1
BUX1112,0,20110121,091334,23550,4
BUX1112,0,20110121,091334,23550,3
OTP,0,20110121,091335,5610,203
OTP,0,20110121,091336,5610,156
MOL,0,20110121,091342,22250,27
MOL,0,20110121,091343,22250,3
MOL,0,20110121,091343,22245,12
OTP,0,20110121,091348,5610,10
MOL,0,20110121,091359,22245,10
OTP,0,20110121,091403,5615,1000
OTP,0,20110121,091404,5610,300
MOL,0,20110121,091407,22250,122
MOL,0,20110121,091407,22250,44
BUX1112,0,20110121,091409,23550,20
MOL,0,20110121,091409,22250,10
OTP,0,20110121,091412,5611,370
MTELEKOM,0,20110121,091424,550,300000
OTP,0,20110121,091440,5611,12
OTP,0,20110121,091447,5612,100
OTP,0,20110121,091449,5614,12
OTP,0,20110121,091449,5612,70
OTP,0,20110121,091457,5614,88
OTP,0,20110121,091457,5615,26
OTP,0,20110121,091457,5615,100
OTP,0,20110121,091457,5615,13
OTP,0,20110121,091458,5615,11
OTP,0,20110121,091459,5615,442
PANNERGY,0,20110121,091508,914,200
OTP,0,20110121,091512,5615,200
MTELEKOM,0,20110121,091514,550,70000
OTP,0,20110121,091526,5617,200
OTP,0,20110121,091526,5618,100
OTP,0,20110121,091536,5616,200
RICHTER,0,20110121,091537,42485,10
MOL,0,20110121,091537,22280,17
OTP,0,20110121,091541,5618,1500
OTP,0,20110121,091555,5616,50
BUX1112,0,20110121,091555,23532,1
OTP,0,20110121,091556,5616,218
OTP,0,20110121,091559,5616,100
OTP,0,20110121,091601,5616,932
OTP,0,20110121,091601,5615,120
OTP,0,20110121,091601,5615,90
OTP,0,20110121,091602,5616,68
OTP,0,20110121,091602,5618,932
RICHTER,0,20110121,091604,42490,5
RICHTER,0,20110121,091604,42490,6
RICHTER,0,20110121,091604,42490,2
RICHTER,0,20110121,091607,42485,8
BUX1112,0,20110121,091608,23530,10
RICHTER,0,20110121,091609,42490,1
RICHTER,0,20110121,091609,42495,200
RICHTER,0,20110121,091609,42500,9
RICHTER,0,20110121,091611,42485,5
OTP,0,20110121,091615,5616,10
OTP,0,20110121,091620,5616,50
RICHTER,0,20110121,091622,42500,2
RICHTER,0,20110121,091622,42500,14
RICHTER,0,20110121,091622,42500,5
RICHTER,0,20110121,091623,42420,10
OTP,0,20110121,091624,5616,2000
RICHTER,0,20110121,091628,42420,32
RICHTER,0,20110121,091630,42350,9
BUX1112,0,20110121,091635,23520,2
OTP,0,20110121,091641,5616,100
OTP,0,20110121,091646,5616,80
SYNERGON,0,20110121,091651,530,140
PHYLAXIA,0,20110121,091654,43,2429
SYNERGON,0,20110121,091714,530,40
EGIS,0,20110121,091715,20895,2
EGIS,0,20110121,091715,20900,3
OTP,0,20110121,091716,5615,400
OTP,0,20110121,091718,5615,10
OTP,0,20110121,091718,5613,100
OTP,0,20110121,091718,5613,50
MOL,0,20110121,091719,22280,33
MOL,0,20110121,091719,22245,17
OTP,0,20110121,091724,5612,50
BUX1112,0,20110121,091735,23530,1
BUX1112,0,20110121,091740,23530,3
OTP,0,20110121,091751,5612,40
MOL,0,20110121,091801,22245,9
OTP,0,20110121,091802,5614,100
MTELEKOM,0,20110121,091804,549,282
RICHTER,0,20110121,091805,42400,30
OTP,0,20110121,091807,5614,350
RICHTER,0,20110121,091808,42400,50
OTP,0,20110121,091809,5614,184
OTP,0,20110121,091813,5615,5
OTP,0,20110121,091813,5615,95
BUX1112,0,20110121,091813,23530,20
MOL,0,20110121,091814,22245,2
OTP,0,20110121,091816,5611,618
OTP,0,20110121,091816,5611,882
OTP,0,20110121,091819,5611,118
OTP,0,20110121,091819,5611,50
OTP,0,20110121,091819,5611,200
OTP,0,20110121,091819,5610,262
MOL,0,20110121,091820,22205,2
MOL,0,20110121,091820,22205,26
MOL,0,20110121,091820,22200,6
MOL,0,20110121,091820,22200,6
MOL,0,20110121,091820,22200,10
MOL,0,20110121,091820,22200,278
MOL,0,20110121,091820,22200,65
MOL,0,20110121,091820,22180,5
MOL,0,20110121,091820,22180,4
MOL,0,20110121,091820,22180,9
MOL,0,20110121,091821,22200,35
MOL,0,20110121,091821,22200,34
OTP,0,20110121,091822,5612,86
OTP,0,20110121,091822,5610,69
OTP,0,20110121,091822,5610,345
BUX1112,0,20110121,091823,23520,2
OTP,0,20110121,091825,5610,50
OTP,0,20110121,091826,5614,100
OTP,0,20110121,091826,5615,150
MOL,0,20110121,091827,22180,37
OTP,0,20110121,091827,5610,200
MOL,0,20110121,091830,22180,1
BUX1112,0,20110121,091832,23520,10
BUX1112,0,20110121,091836,23520,1
OTP,0,20110121,091838,5610,500
OTP,0,20110121,091846,5610,50
BUX1112,0,20110121,091849,23515.5,2
OTP,0,20110121,091850,5610,55
OTP,0,20110121,091850,5610,300
OTP,0,20110121,091850,5610,15
OTP,0,20110121,091850,5610,100
OTP,0,20110121,091850,5610,20
OTP,0,20110121,091850,5610,510
OTP,0,20110121,091853,5610,500
OTP,0,20110121,091854,5610,100
OTP,0,20110121,091856,5610,50
BUX1112,0,20110121,091900,23510,1
MOL,0,20110121,091903,22220,5
OTP,0,20110121,091904,5610,10
OTP,0,20110121,091905,5610,500
BUX1112,0,20110121,091907,23510,5
OTP,0,20110121,091911,5610,330
OTP,0,20110121,091911,5610,70
OTP,0,20110121,091912,5610,500
OTP,0,20110121,091915,5610,100
MOL,0,20110121,091918,22200,65
OTP,0,20110121,091922,5610,100
BUX1112,0,20110121,091926,23510,10
OTP,0,20110121,091928,5610,5
OTP,0,20110121,091929,5610,95
MTELEKOM,0,20110121,091935,549,400
OTP,0,20110121,091940,5610,5
OTP,0,20110121,091940,5614,14
RICHTER,0,20110121,091944,42400,5
RICHTER,0,20110121,091950,42360,19
OTP,0,20110121,091958,5606,50
RICHTER,0,20110121,092004,42480,2
OTP,0,20110121,092011,5607,50
OTP,0,20110121,092019,5607,11
OTP,0,20110121,092023,5607,439
OTP,0,20110121,092023,5606,51
RICHTER,0,20110121,092025,42480,50
OTP,0,20110121,092026,5606,49
OTP,0,20110121,092026,5606,51
OTP,0,20110121,092028,5606,50
OTP,0,20110121,092031,5606,149
OTP,0,20110121,092031,5606,150
OTP,0,20110121,092031,5606,207
OTP,0,20110121,092031,5605,63
OTP,0,20110121,092031,5605,1000
OTP,0,20110121,092031,5605,204
OTP,0,20110121,092031,5605,15
OTP,0,20110121,092033,5605,81
OTP,0,20110121,092033,5605,10
OTP,0,20110121,092033,5604,9
OTP,0,20110121,092033,5604,26
OTP,0,20110121,092033,5604,16
OTP,0,20110121,092033,5603,56
OTP,0,20110121,092033,5602,13
OTP,0,20110121,092033,5602,10
OTP,0,20110121,092033,5602,200
OTP,0,20110121,092033,5602,350
OTP,0,20110121,092033,5601,5
OTP,0,20110121,092033,5601,15
OTP,0,20110121,092033,5601,309
OTP,0,20110121,092040,5601,30
EGIS,0,20110121,092041,20900,5
BUX1112,0,20110121,092041,23510,14
BUX1112,0,20110121,092041,23505,10
BUX1112,0,20110121,092041,23505,10
BUX1112,0,20110121,092041,23502,5
BUX1112,0,20110121,092041,23502,1
BUX1112,0,20110121,092041,23502,10
OTP,0,20110121,092042,5609,500
OTP,0,20110121,092047,5609,100
OTP,0,20110121,092049,5609,78
EGIS,0,20110121,092055,20850,1
EGIS,0,20110121,092055,20750,4
BUX1112,0,20110121,092058,23503.5,1
BUX1112,0,20110121,092058,23503,3
BUX1112,0,20110121,092058,23502,6
OTP,0,20110121,092102,5601,700
BUX1112,0,20110121,092112,23502,2
MTELEKOM,0,20110121,092114,549,318
BUX1112,0,20110121,092118,23510,20
BUX1112,0,20110121,092128,23502.5,1
OTP,0,20110121,092136,5603,15
OTP,0,20110121,092139,5603,32
OTP,0,20110121,092140,5603,100
MOL,0,20110121,092145,22200,24
OTP,0,20110121,092154,5603,3
OTP,0,20110121,092154,5603,175
OTP,0,20110121,092154,5602,100
OTP,0,20110121,092154,5601,284
OTP,0,20110121,092158,5601,30
OTP,0,20110121,092201,5601,50
MOL,0,20110121,092213,22230,5
OTP,0,20110121,092215,5601,200
PANNERGY,0,20110121,092218,914,90
PANNERGY,0,20110121,092218,915,60
PANNERGY,0,20110121,092218,915,78
PANNERGY,0,20110121,092218,917,85
PANNERGY,0,20110121,092218,917,27
OTP,0,20110121,092222,5602,10
OTP,0,20110121,092222,5601,10
OTP,0,20110121,092233,5603,40
OTP,0,20110121,092245,5604,10
BUX1112,0,20110121,092248,23515.5,1
OTP,0,20110121,092251,5603,10
OTP,0,20110121,092251,5603,110
OTP,0,20110121,092254,5603,43
OTP,0,20110121,092256,5601,50
BUX1112,0,20110121,092258,23520,3
BUX1112,0,20110121,092258,23525,25
BUX1112,0,20110121,092301,23515,5
RICHTER,0,20110121,092304,42400,15
OTP,0,20110121,092306,5602,50
OTP,0,20110121,092309,5602,182
MTELEKOM,0,20110121,092309,548,286
OTP,0,20110121,092310,5602,900
OTP,0,20110121,092310,5603,7
OTP,0,20110121,092310,5603,33
MOL,0,20110121,092314,22200,69
OTP,0,20110121,092314,5602,80
OTP,0,20110121,092317,5603,92
OTP,0,20110121,092317,5604,5
OTP,0,20110121,092318,5604,3
OTP,0,20110121,092318,5602,181
OTP,0,20110121,092318,5602,200
OTP,0,20110121,092318,5602,83
OTP,0,20110121,092318,5601,1337
OTP,0,20110121,092318,5601,250
OTP,0,20110121,092318,5601,50
OTP,0,20110121,092318,5601,1000
OTP,0,20110121,092318,5601,1896
BUX1112,0,20110121,092318,23515,1
OTP,0,20110121,092322,5601,90
BUX1112,0,20110121,092323,23515,10
BUX1112,0,20110121,092329,23515,1
OTP,0,20110121,092334,5601,1014
OTP,0,20110121,092334,5601,986
OTP,0,20110121,092334,5601,223
OTP,0,20110121,092342,5602,4
OTP,0,20110121,092343,5602,100
OTP,0,20110121,092344,5602,379
OTP,0,20110121,092344,5601,321
MTELEKOM,0,20110121,092344,548,1432
MTELEKOM,0,20110121,092344,548,5149
MTELEKOM,0,20110121,092344,548,1919
RICHTER,0,20110121,092345,42400,6
BUX1112,0,20110121,092352,23515,3
MOL,0,20110121,092357,22210,31
MOL,0,20110121,092401,22210,3
BUX1112,0,20110121,092403,23510,10
OTP,0,20110121,092414,5601,30
BUX1112,0,20110121,092416,23510,10
BUX1112,0,20110121,092418,23510,15
BUX1112,0,20110121,092424,23510,15
OTP,0,20110121,092428,5602,90
OTP,0,20110121,092430,5602,10
OTP,0,20110121,092430,5602,136
OTP,0,20110121,092430,5601,440
OTP,0,20110121,092430,5601,14
OTP,0,20110121,092431,5601,190
MTELEKOM,0,20110121,092432,550,100000
OTP,0,20110121,092432,5601,50
OTP,0,20110121,092437,5605,200
OTP,0,20110121,092437,5605,155
OTP,0,20110121,092437,5605,75
OTP,0,20110121,092439,5605,11
OTP,0,20110121,092439,5605,359
OTP,0,20110121,092439,5605,141
BUX1112,0,20110121,092443,23510,10
BUX1112,0,20110121,092443,23515,7
OTP,0,20110121,092448,5601,240
OTP,0,20110121,092456,5602,100
OTP,0,20110121,092456,5602,100
BUX1112,0,20110121,092457,23520,2
BUX1112,0,20110121,092458,23520,50
OTP,0,20110121,092500,5602,20
OTP,0,20110121,092507,5602,10
OTP,0,20110121,092517,5605,112
MOL,0,20110121,092518,22215,10
OTP,0,20110121,092523,5605,468
OTP,0,20110121,092523,5602,30
OTP,0,20110121,092524,5602,136
OTP,0,20110121,092524,5602,342
OTP,0,20110121,092524,5602,1223
OTP,0,20110121,092524,5602,25
OTP,0,20110121,092524,5601,10
OTP,0,20110121,092524,5601,200
OTP,0,20110121,092524,5601,40
OTP,0,20110121,092524,5601,1800
OTP,0,20110121,092524,5600,10
OTP,0,20110121,092524,5600,200
OTP,0,20110121,092524,5600,100
OTP,0,20110121,092524,5600,10
OTP,0,20110121,092524,5600,50
OTP,0,20110121,092524,5600,94
OTP,0,20110121,092524,5600,66
OTP,0,20110121,092524,5600,44
OTP,0,20110121,092524,5600,35
OTP,0,20110121,092524,5600,20
OTP,0,20110121,092524,5600,75
OTP,0,20110121,092524,5600,400
OTP,0,20110121,092524,5600,312
OTP,0,20110121,092524,5600,100
OTP,0,20110121,092524,5600,5
OTP,0,20110121,092524,5600,330
PANNERGY,0,20110121,092525,908,45
PANNERGY,0,20110121,092525,908,200
PANNERGY,0,20110121,092525,907,200
PANNERGY,0,20110121,092525,906,331
PANNERGY,0,20110121,092525,906,100
PANNERGY,0,20110121,092525,906,200
PANNERGY,0,20110121,092525,906,55
PANNERGY,0,20110121,092525,905,22
PANNERGY,0,20110121,092525,905,250
PANNERGY,0,20110121,092525,905,500
PANNERGY,0,20110121,092525,905,117
PANNERGY,0,20110121,092525,905,500
PANNERGY,0,20110121,092525,905,40
PANNERGY,0,20110121,092525,904,2940
EGIS,0,20110121,092526,20750,46
EGIS,0,20110121,092526,20750,9
OTP,0,20110121,092531,5602,150
OTP,0,20110121,092536,5603,1200
OTP,0,20110121,092539,5603,178
OTP,0,20110121,092539,5602,22
OTP,0,20110121,092541,5602,28
OTP,0,20110121,092541,5600,479
OTP,0,20110121,092541,5600,373
OTP,0,20110121,092547,5600,75
BUX1112,0,20110121,092548,23520,9
OTP,0,20110121,092552,5600,4350
MTELEKOM,0,20110121,092553,549,682
MTELEKOM,0,20110121,092553,550,318
OTP,0,20110121,092555,5600,400
OTP,0,20110121,092556,5600,43
OTP,0,20110121,092556,5600,200
OTP,0,20110121,092556,5600,20
OTP,0,20110121,092556,5600,170
OTP,0,20110121,092556,5600,15
OTP,0,20110121,092556,5600,10
OTP,0,20110121,092556,5600,100
OTP,0,20110121,092556,5600,207
OTP,0,20110121,092556,5600,244
OTP,0,20110121,092557,5599,10
OTP,0,20110121,092557,5598,45
OTP,0,20110121,092557,5597,55
OTP,0,20110121,092601,5597,45
OTP,0,20110121,092605,5591,40
OTP,0,20110121,092605,5591,60
OTP,0,20110121,092605,5591,100
OTP,0,20110121,092605,5591,100
OTP,0,20110121,092605,5591,100
OTP,0,20110121,092605,5591,205
BUX1112,0,20110121,092606,23510,5
OTP,0,20110121,092606,5597,5
OTP,0,20110121,092606,5600,95
RICHTER,0,20110121,092624,42400,4
OTP,0,20110121,092628,5592,20
BUX1112,0,20110121,092628,23510,5
OTP,0,20110121,092631,5592,8
OTP,0,20110121,092637,5598,75
OTP,0,20110121,092637,5600,25
MOL,0,20110121,092643,22220,45
BUX1112,0,20110121,092647,23510,10
OTP,0,20110121,092647,5599,200
OTP,0,20110121,092647,5600,800
OTP,0,20110121,092649,5593,250
OTP,0,20110121,092649,5592,190
RICHTER,0,20110121,092718,42400,5
BUX1112,0,20110121,092724,23510,10
OTP,0,20110121,092731,5595,57
PHYLAXIA,0,20110121,092732,44,2300
OTP,0,20110121,092736,5595,5
OTP,0,20110121,092739,5595,38
OTP,0,20110121,092739,5595,12
PFLAX,0,20110121,092741,685,218
PFLAX,0,20110121,092741,688,1000
BUX1112,0,20110121,092742,23506,2
OTP,0,20110121,092749,5595,658
OTP,0,20110121,092801,5596,5
OTP,0,20110121,092802,5599,320
OTP,0,20110121,092802,5599,30
OTP,0,20110121,092803,5599,20
OTP,0,20110121,092803,5600,25
OTP,0,20110121,092807,5596,15
MTELEKOM,0,20110121,092809,548,282
BUX1112,0,20110121,092813,23525,2
OTP,0,20110121,092814,5596,184
MOL,0,20110121,092814,22210,16
OTP,0,20110121,092819,5596,6
OTP,0,20110121,092819,5596,849
BUX1112,0,20110121,092820,23525,1
MOL,0,20110121,092823,22220,10
MOL,0,20110121,092823,22240,25
MOL,0,20110121,092823,22240,150
OTP,0,20110121,092824,5595,20
EBGOLD,0,20110121,092825,2748,87
MOL,0,20110121,092825,22220,43
HUMET,0,20110121,092826,9,10000
BUX1112,0,20110121,092827,23525,2
MOL,0,20110121,092829,22250,200
MTELEKOM,0,20110121,092837,549,137
RICHTER,0,20110121,092838,42400,1
OTP,0,20110121,092847,5593,14
OTP,0,20110121,092847,5593,6
BUX1112,0,20110121,092850,23520,10
OTP,0,20110121,092853,5595,5
BUX1112,0,20110121,092856,23513,4
OTP,0,20110121,092857,5593,500
OTP,0,20110121,092901,5593,100
OTP,0,20110121,092914,5593,394
OTP,0,20110121,092914,5593,206
OTP,0,20110121,092915,5593,391
OTP,0,20110121,092915,5592,1175
OTP,0,20110121,092920,5591,30
OTP,0,20110121,092930,5592,20
OTP,0,20110121,092940,5591,340
OTP,0,20110121,092943,5591,20
RICHTER,0,20110121,092943,42400,2
OTP,0,20110121,092944,5591,120
OTP,0,20110121,092945,5592,50
OTP,0,20110121,092948,5591,100
OTP,0,20110121,092951,5591,15
OTP,0,20110121,092957,5592,364
OTP,0,20110121,092959,5591,810
OTP,0,20110121,092959,5591,556
OTP,0,20110121,092959,5590,25
OTP,0,20110121,092959,5590,300
OTP,0,20110121,092959,5590,48
OTP,0,20110121,092959,5590,17
OTP,0,20110121,092959,5590,500
OTP,0,20110121,092959,5590,77
OTP,0,20110121,092959,5590,683
OTP,0,20110121,093007,5590,200
OTP,0,20110121,093015,5590,40
OTP,0,20110121,093015,5590,50
OTP,0,20110121,093015,5590,20
OTP,0,20110121,093015,5590,390
ZWACK,0,20110121,093021,13200,3
OTP,0,20110121,093023,5590,200
MTELEKOM,0,20110121,093025,548,1499
MTELEKOM,0,20110121,093025,548,1000
MTELEKOM,0,20110121,093025,548,2501
OTP,0,20110121,093028,5590,332
OTP,0,20110121,093028,5590,15
OTP,0,20110121,093043,5589,66
MTELEKOM,0,20110121,093046,548,2648
MTELEKOM,0,20110121,093046,548,75
MTELEKOM,0,20110121,093046,548,5000
MTELEKOM,0,20110121,093046,548,5149
MTELEKOM,0,20110121,093046,548,200
RICHTER,0,20110121,093052,42400,5
RICHTER,0,20110121,093052,42400,107
RICHTER,0,20110121,093052,42400,9
RICHTER,0,20110121,093052,42400,60
RICHTER,0,20110121,093056,42400,19
OTP,0,20110121,093056,5589,734
OTP,0,20110121,093056,5589,266
RICHTER,0,20110121,093058,42400,23
OTP,0,20110121,093101,5589,234
OTP,0,20110121,093101,5589,298
OTP,0,20110121,093103,5587,100
PANNERGY,0,20110121,093111,910,130
BUX1112,0,20110121,093111,23511,3
BUX1112,0,20110121,093111,23511,25
BUX1112,0,20110121,093111,23510,30
PHYLAXIA,0,20110121,093111,44,1400
BUX1112,0,20110121,093114,23510,42
OTP,0,20110121,093122,5586,200
PHYLAXIA,0,20110121,093122,44,5595
OTP,0,20110121,093124,5589,25
ZWACK,0,20110121,093125,13200,30
OTP,0,20110121,093125,5586,180
OTP,0,20110121,093125,5586,83
OTP,0,20110121,093125,5585,50
OTP,0,20110121,093125,5584,53
OTP,0,20110121,093125,5582,32
OTP,0,20110121,093125,5582,200
OTP,0,20110121,093125,5582,150
OTP,0,20110121,093125,5582,400
OTP,0,20110121,093125,5581,50
OTP,0,20110121,093125,5581,43
OTP,0,20110121,093125,5581,159
OTP,0,20110121,093126,5588,200
BUX1112,0,20110121,093127,23505,5
BUX1112,0,20110121,093127,23502,7
BUX1112,0,20110121,093127,23502,3
BUX1112,0,20110121,093127,23501,5
OTP,0,20110121,093155,5585,25
OTP,0,20110121,093155,5585,55
OTP,0,20110121,093155,5585,550
OTP,0,20110121,093159,5585,100
BUX1112,0,20110121,093200,23500.5,2
BUX1112,0,20110121,093200,23500,8
BUX1112,0,20110121,093200,23500,2
BUX1112,0,20110121,093200,23500,5
RICHTER,0,20110121,093201,42450,5
RICHTER,0,20110121,093201,42450,10
RICHTER,0,20110121,093201,42450,75
RICHTER,0,20110121,093203,42400,19
RICHTER,0,20110121,093203,42400,21
MOL,0,20110121,093205,22220,37
MOL,0,20110121,093210,22285,25
BUX1112,0,20110121,093217,23500.5,4
BUX1112,0,20110121,093217,23500,11
OTP,0,20110121,093224,5588,200
OTP,0,20110121,093224,5585,100
BUX1112,0,20110121,093225,23500,34
BUX1112,0,20110121,093225,23500,4
BUX1112,0,20110121,093225,23500,30
BUX1112,0,20110121,093225,23500,1
BUX1112,0,20110121,093228,23498,20
BUX1112,0,20110121,093228,23498,1
BUX1112,0,20110121,093232,23498,10
MOL,0,20110121,093234,22250,65
OTP,0,20110121,093235,5588,25
BUX1112,0,20110121,093236,23498,9
BUX1112,0,20110121,093236,23496,1
BUX1112,0,20110121,093239,23500,6
BUX1112,0,20110121,093239,23500,4
OTP,0,20110121,093243,5585,44
BUX1112,0,20110121,093244,23500,6
BUX1112,0,20110121,093247,23500,1
OTP,0,20110121,093248,5585,100
MOL,0,20110121,093249,22250,30
BUX1112,0,20110121,093249,23500,1
OTP,0,20110121,093250,5585,51
OTP,0,20110121,093250,5585,24
RICHTER,0,20110121,093304,42400,8
OTP,0,20110121,093305,5585,368
MTELEKOM,0,20110121,093309,547,282
OTP,0,20110121,093310,5585,44
OTP,0,20110121,093310,5583,200
OTP,0,20110121,093310,5582,500
OTP,0,20110121,093310,5582,8
OTP,0,20110121,093310,5581,81
OTP,0,20110121,093310,5581,1000
OTP,0,20110121,093310,5581,100
OTP,0,20110121,093310,5581,750
OTP,0,20110121,093314,5580,15
OTP,0,20110121,093314,5580,50
OTP,0,20110121,093314,5580,100
OTP,0,20110121,093314,5580,17
OTP,0,20110121,093314,5580,3
OTP,0,20110121,093314,5580,100
OTP,0,20110121,093314,5580,197
OTP,0,20110121,093314,5580,18
OTP,0,20110121,093314,5580,350
OTP,0,20110121,093314,5580,35
OTP,0,20110121,093314,5580,10
OTP,0,20110121,093314,5579,250
OTP,0,20110121,093314,5575,5
OTP,0,20110121,093314,5575,5
OTP,0,20110121,093314,5575,53
OTP,0,20110121,093314,5575,500
OTP,0,20110121,093314,5575,100
OTP,0,20110121,093314,5575,47
OTP,0,20110121,093314,5573,150
MOL,0,20110121,093314,22250,69
OTP,0,20110121,093319,5575,50
BUX1112,0,20110121,093319,23501,1
OTP,0,20110121,093321,5575,3
BUX1112,0,20110121,093323,23501,5
BUX1112,0,20110121,093323,23500,2
BUX1112,0,20110121,093330,23500,10
OTP,0,20110121,093331,5575,100
MOL,0,20110121,093333,22250,174
EGIS,0,20110121,093342,20750,1
EGIS,0,20110121,093342,20705,3
EGIS,0,20110121,093342,20705,50
EGIS,0,20110121,093342,20700,46
OTP,0,20110121,093342,5580,162
OTP,0,20110121,093342,5575,1500
OTP,0,20110121,093343,5580,52
OTP,0,20110121,093343,5580,109
OTP,0,20110121,093346,5580,91
OTP,0,20110121,093346,5580,185
OTP,0,20110121,093346,5580,500
OTP,0,20110121,093353,5576,500
OTP,0,20110121,093353,5576,500
RICHTER,0,20110121,093354,42400,14
OTP,0,20110121,093356,5580,25
BUX1112,0,20110121,093402,23500,5
OTP,0,20110121,093404,5580,290
OTP,0,20110121,093404,5580,500
BUX1112,0,20110121,093404,23500,5
OTP,0,20110121,093406,5577,20
OTP,0,20110121,093411,5577,30
OTP,0,20110121,093411,5576,446
OTP,0,20110121,093411,5576,1000
OTP,0,20110121,093411,5575,3500
OTP,0,20110121,093411,5575,19
OTP,0,20110121,093411,5574,50
OTP,0,20110121,093411,5572,400
OTP,0,20110121,093411,5572,135
OTP,0,20110121,093412,5580,163
BUX1112,0,20110121,093414,23500,5
OTP,0,20110121,093423,5580,1287
OTP,0,20110121,093423,5580,1000
OTP,0,20110121,093423,5580,213
OTP,0,20110121,093424,5580,87
OTP,0,20110121,093433,5581,317
OTP,0,20110121,093434,5577,100
EGIS,0,20110121,093436,20700,4
EGIS,0,20110121,093436,20700,6
MOL,0,20110121,093438,22250,5
MOL,0,20110121,093438,22250,95
OTP,0,20110121,093439,5580,10
OTP,0,20110121,093444,5581,500
OTP,0,20110121,093444,5581,276
OTP,0,20110121,093444,5580,224
OTP,0,20110121,093451,5580,30
OTP,0,20110121,093454,5580,100
OTP,0,20110121,093512,5581,260
MOL,0,20110121,093513,22250,4
RICHTER,0,20110121,093514,42400,1
OTP,0,20110121,093519,5581,116
MOL,0,20110121,093526,22250,244
OTP,0,20110121,093528,5581,12
OTP,0,20110121,093533,5585,15
OTP,0,20110121,093534,5585,200
OTP,0,20110121,093535,5587,150
OTP,0,20110121,093535,5587,10
OTP,0,20110121,093537,5587,287
MOL,0,20110121,093539,22240,1
MOL,0,20110121,093539,22220,13
MOL,0,20110121,093539,22205,22
OTP,0,20110121,093539,5587,703
MTELEKOM,0,20110121,093540,547,10000
OTP,0,20110121,093547,5582,100
OTP,0,20110121,093547,5582,15
OTP,0,20110121,093547,5581,112
OTP,0,20110121,093547,5581,273
BUX1112,0,20110121,093552,23500,10
BUX1112,0,20110121,093554,23500,1
OTP,0,20110121,093558,5588,3
OTP,0,20110121,093558,5588,402
MTELEKOM,0,20110121,093603,547,1718
MTELEKOM,0,20110121,093603,547,325
MTELEKOM,0,20110121,093603,547,200
MTELEKOM,0,20110121,093603,547,7200
MTELEKOM,0,20110121,093603,547,150
MTELEKOM,0,20110121,093603,547,5149
MTELEKOM,0,20110121,093603,547,1000
OTP,0,20110121,093604,5587,500
BUX1112,0,20110121,093606,23500,34
BUX1112,0,20110121,093606,23500,20
OTP,0,20110121,093607,5588,20
BUX1112,0,20110121,093615,23500,5
OTP,0,20110121,093622,5582,100
OTP,0,20110121,093622,5582,200
RICHTER,0,20110121,093624,42400,5
RICHTER,0,20110121,093627,42400,10
EGIS,0,20110121,093631,20700,14
OTP,0,20110121,093632,5583,50
RICHTER,0,20110121,093638,42400,48
RICHTER,0,20110121,093638,42400,102
RICHTER,0,20110121,093639,42360,28
RICHTER,0,20110121,093649,42355,5
BUX1112,0,20110121,093658,23495,1
MOL,0,20110121,093659,22210,1
OTP,0,20110121,093701,5585,10
OTP,0,20110121,093701,5586,2000
OTP,0,20110121,093705,5587,60
OTP,0,20110121,093705,5587,1000
MOL,0,20110121,093706,22210,10
OTP,0,20110121,093707,5588,40
BUX1112,0,20110121,093710,23495,1
BUX1112,0,20110121,093711,23500,25
OTP,0,20110121,093719,5583,100
OTP,0,20110121,093724,5588,185
OTP,0,20110121,093727,5585,11
OTP,0,20110121,093727,5583,83
OTP,0,20110121,093732,5583,1005
OTP,0,20110121,093734,5588,50
OTP,0,20110121,093739,5588,200
BUX1112,0,20110121,093743,23500,4
OTP,0,20110121,093746,5587,280
OTP,0,20110121,093749,5587,720
OTP,0,20110121,093749,5585,200
OTP,0,20110121,093749,5585,80
OTP,0,20110121,093803,5585,420
OTP,0,20110121,093803,5585,100
OTP,0,20110121,093803,5585,946
OTP,0,20110121,093803,5585,500
PHYLAXIA,0,20110121,093808,44,3000
MOL,0,20110121,093814,22215,68
OTP,0,20110121,093814,5583,155
OTP,0,20110121,093814,5583,27
MTELEKOM,0,20110121,093814,547,287
OTP,0,20110121,093816,5583,250
MOL,0,20110121,093825,22215,9
MTELEKOM,0,20110121,093825,548,400
OTP,0,20110121,093829,5587,11
MTELEKOM,0,20110121,093830,548,314
OTP,0,20110121,093830,5587,179
OTP,0,20110121,093838,5587,707
OTP,0,20110121,093840,5587,200
OTP,0,20110121,093841,5587,93
OTP,0,20110121,093849,5585,100
MOL,0,20110121,093849,22240,8
OTP,0,20110121,093850,5588,1000
OTP,0,20110121,093850,5588,40
DANUBIUS,0,20110121,093904,4195,13
OTP,0,20110121,093905,5588,404
BUX1112,0,20110121,093911,23495,1
OTP,0,20110121,093923,5588,596
OTP,0,20110121,093926,5589,443
OTP,0,20110121,093926,5589,100
OTP,0,20110121,093929,5590,227
OTP,0,20110121,093929,5590,20
OTP,0,20110121,093931,5589,50
OTP,0,20110121,093932,5590,88
OTP,0,20110121,093932,5590,108
OTP,0,20110121,093932,5590,1000
OTP,0,20110121,093932,5590,100
OTP,0,20110121,093932,5590,530
PHYLAXIA,0,20110121,093942,44,1405
PHYLAXIA,0,20110121,093942,44,4000
PHYLAXIA,0,20110121,093942,43,556
PHYLAXIA,0,20110121,093942,43,914
RICHTER,0,20110121,093944,42355,6
OTP,0,20110121,093947,5591,60
OTP,0,20110121,093947,5591,200
OTP,0,20110121,093947,5591,240
OTP,0,20110121,093950,5591,200
RICHTER,0,20110121,093950,42355,77
BUX1112,0,20110121,093950,23500,12
BUX1112,0,20110121,093950,23500,4
BUX1112,0,20110121,093950,23500,9
OTP,0,20110121,093950,5590,1000
OTP,0,20110121,093950,5590,1000
RICHTER,0,20110121,093951,42355,17
BUX1112,0,20110121,093952,23495,5
OTP,0,20110121,093952,5591,200
BUX1112,0,20110121,093953,23500,21
OTP,0,20110121,093954,5591,360
BUX1112,0,20110121,094001,23500,4
BUX1112,0,20110121,094001,23500,1
BUX1112,0,20110121,094001,23500,1
BUX1112,0,20110121,094001,23500,1
BUX1112,0,20110121,094001,23500,1
BUX1112,0,20110121,094001,23500,1
BUX1112,0,20110121,094001,23495,1
OTP,0,20110121,094024,5595,1470
OTP,0,20110121,094024,5595,30
OTP,0,20110121,094024,5595,10
OTP,0,20110121,094024,5595,30
OTP,0,20110121,094024,5595,100
OTP,0,20110121,094027,5591,200
OTP,0,20110121,094027,5591,15
OTP,0,20110121,094027,5591,1706
OTP,0,20110121,094034,5597,10
OTP,0,20110121,094039,5597,90
OTP,0,20110121,094040,5598,290
OTP,0,20110121,094040,5599,150
OTP,0,20110121,094040,5599,300
OTP,0,20110121,094040,5599,200
OTP,0,20110121,094040,5599,96
OTP,0,20110121,094040,5600,3046
OTP,0,20110121,094040,5600,100
OTP,0,20110121,094040,5600,245
OTP,0,20110121,094040,5600,10
OTP,0,20110121,094040,5600,70
OTP,0,20110121,094040,5600,400
OTP,0,20110121,094040,5600,100
OTP,0,20110121,094040,5600,100
OTP,0,20110121,094040,5600,35
OTP,0,20110121,094040,5600,1000
OTP,0,20110121,094040,5600,50
OTP,0,20110121,094040,5600,70
OTP,0,20110121,094040,5600,40
OTP,0,20110121,094040,5600,100
OTP,0,20110121,094040,5600,750
OTP,0,20110121,094040,5600,100
OTP,0,20110121,094040,5600,30
OTP,0,20110121,094040,5600,100
OTP,0,20110121,094040,5600,500
OTP,0,20110121,094040,5600,100
OTP,0,20110121,094040,5600,18
OTP,0,20110121,094040,5600,20
OTP,0,20110121,094042,5600,362
OTP,0,20110121,094042,5600,18
OTP,0,20110121,094042,5600,20
MOL,0,20110121,094043,22235,5
HUMET,0,20110121,094044,9,335
HUMET,0,20110121,094044,9,6000
HUMET,0,20110121,094044,9,11111
HUMET,0,20110121,094044,9,20000
HUMET,0,20110121,094044,9,12554
OTP,0,20110121,094057,5597,2000
OTP,0,20110121,094108,5600,20
OTP,0,20110121,094108,5600,16
OTP,0,20110121,094108,5600,9
MTELEKOM,0,20110121,094108,548,86
OTP,0,20110121,094112,5600,31
OTP,0,20110121,094112,5600,60
OTP,0,20110121,094112,5600,19
OTP,0,20110121,094112,5600,100
OTP,0,20110121,094112,5600,1338
MTELEKOM,0,20110121,094124,548,4914
OTP,0,20110121,094124,5600,500
OTP,0,20110121,094124,5600,25
RFV,0,20110121,094125,8550,10
RFV,0,20110121,094125,8555,30
RFV,0,20110121,094125,8555,5
RFV,0,20110121,094148,8565,15
CSEPEL,0,20110121,094200,353,133
MOL,0,20110121,094203,22220,89
MOL,0,20110121,094203,22220,9
GENESIS,0,20110121,094215,211,300
MOL,0,20110121,094220,22260,50
CSEPEL,0,20110121,094222,352,67
MOL,0,20110121,094225,22280,10
MOL,0,20110121,094225,22280,60
MOL,0,20110121,094232,22280,15
MOL,0,20110121,094233,22280,39
OTP,0,20110121,094234,5595,100
OTP,0,20110121,094234,5595,170
OTP,0,20110121,094237,5595,1813
OTP,0,20110121,094237,5595,187
OTP,0,20110121,094243,5598,18
OTP,0,20110121,094246,5595,195
OTP,0,20110121,094251,5595,500
OTP,0,20110121,094255,5595,1
BUX1112,0,20110121,094259,23510,10
BUX1112,0,20110121,094303,23520,1
BUX1112,0,20110121,094303,23524,10
BUX1112,0,20110121,094303,23525,25
OTP,0,20110121,094303,5595,20
RICHTER,0,20110121,094304,42360,3
OTP,0,20110121,094309,5595,97
OTP,0,20110121,094309,5595,50
OTP,0,20110121,094309,5595,853
OTP,0,20110121,094314,5595,181
MOL,0,20110121,094314,22220,41
MOL,0,20110121,094314,22220,28
MTELEKOM,0,20110121,094314,547,281
OTP,0,20110121,094314,5595,1055
OTP,0,20110121,094314,5595,500
OTP,0,20110121,094315,5595,181
OTP,0,20110121,094315,5592,370
OTP,0,20110121,094326,5592,25
OTP,0,20110121,094338,5592,45
OTP,0,20110121,094347,5593,20
BUX1112,0,20110121,094350,23510,5
OTP,0,20110121,094352,5593,170
OTP,0,20110121,094358,5593,100
PHYLAXIA,0,20110121,094403,45,100
OTP,0,20110121,094409,5593,4
GENESIS,0,20110121,094412,211,30
GENESIS,0,20110121,094412,210,285
GENESIS,0,20110121,094412,210,10
OTP,0,20110121,094419,5593,206
OTP,0,20110121,094419,5593,259
OTP,0,20110121,094419,5593,285
OTP,0,20110121,094423,5593,80
BUX1112,0,20110121,094425,23510,1
OTP,0,20110121,094428,5595,13
OTP,0,20110121,094444,5593,18
OTP,0,20110121,094445,5593,7
OTP,0,20110121,094445,5593,146
OTP,0,20110121,094452,5592,40
OTP,0,20110121,094452,5591,200
OTP,0,20110121,094452,5591,1393
FHB,0,20110121,094458,971,15
ECONET,0,20110121,094503,89,200
BUX1112,0,20110121,094517,23520,6
OTP,0,20110121,094524,5590,50
OTP,0,20110121,094524,5590,450
OTP,0,20110121,094527,5590,750
OTP,0,20110121,094527,5590,408
MTELEKOM,0,20110121,094556,547,400
OTP,0,20110121,094557,5590,50
OTP,0,20110121,094600,5590,20
OTP,0,20110121,094612,5590,180
OTP,0,20110121,094614,5590,820
OTP,0,20110121,094614,5588,18
OTP,0,20110121,094619,5588,49
RICHTER,0,20110121,094624,42360,1
RICHTER,0,20110121,094628,42435,40
RICHTER,0,20110121,094628,42440,19
RICHTER,0,20110121,094628,42445,2
RICHTER,0,20110121,094628,42450,25
RICHTER,0,20110121,094628,42475,2
RICHTER,0,20110121,094628,42480,7
KEG,0,20110121,094636,131,400
OTP,0,20110121,094646,5590,17
BUX1112,0,20110121,094649,23510,3
MTELEKOM,0,20110121,094650,547,128
BUX1112,0,20110121,094655,23510,10
OTP,0,20110121,094710,5588,475
OTP,0,20110121,094710,5588,313
OTP,0,20110121,094710,5588,1872
BUX1112,0,20110121,094718,23510,1
BUX1112,0,20110121,094719,23510,10
BUX1112,0,20110121,094721,23510,1
OTP,0,20110121,094721,5587,200
MOL,0,20110121,094722,22285,115
BUX1112,0,20110121,094723,23510,15
OTP,0,20110121,094726,5587,100
OTP,0,20110121,094728,5587,1500
OTP,0,20110121,094728,5587,150
OTP,0,20110121,094728,5587,875
OTP,0,20110121,094728,5586,100
OTP,0,20110121,094728,5586,100
OTP,0,20110121,094728,5586,2275
OTP,0,20110121,094733,5586,30
OTP,0,20110121,094734,5586,300
OTP,0,20110121,094735,5589,197
OTP,0,20110121,094735,5590,300
OTP,0,20110121,094735,5590,1185
OTP,0,20110121,094741,5590,1318
OTP,0,20110121,094750,5590,1609
OTP,0,20110121,094803,5590,500
OTP,0,20110121,094813,5590,303
MOL,0,20110121,094814,22220,11
MOL,0,20110121,094814,22220,10
MTELEKOM,0,20110121,094814,547,282
MOL,0,20110121,094816,22220,48
OTP,0,20110121,094819,5590,185
BUX1112,0,20110121,094820,23520,10
OTP,0,20110121,094842,5590,12
OTP,0,20110121,094842,5590,1500
OTP,0,20110121,094842,5590,1000
OTP,0,20110121,094842,5590,188
OTP,0,20110121,094852,5593,150
BUX1112,0,20110121,094908,23510,4
BUX1112,0,20110121,094908,23510,1
BUX1112,0,20110121,094911,23510,2
BUX1112,0,20110121,094914,23520,9
BUX1112,0,20110121,094914,23520,25
OTP,0,20110121,094921,5590,142
OTP,0,20110121,094921,5590,858
BUX1112,0,20110121,094930,23511,3
OTP,0,20110121,094932,5593,67
OTP,0,20110121,094932,5593,100
OTP,0,20110121,094932,5594,33
MOL,0,20110121,094939,22280,100
RICHTER,0,20110121,094943,42405,2
BUX1112,0,20110121,094944,23511,2
RICHTER,0,20110121,094947,42405,17
OTP,0,20110121,095005,5591,100
OTP,0,20110121,095005,5591,400
OTP,0,20110121,095014,5591,202
BUX1112,0,20110121,095026,23520,25
OTP,0,20110121,095044,5591,100
OTP,0,20110121,095046,5594,967
MTELEKOM,0,20110121,095052,547,55
OTP,0,20110121,095120,5595,387
OTP,0,20110121,095120,5595,413
RICHTER,0,20110121,095131,42405,90
RICHTER,0,20110121,095140,42400,22
OTP,0,20110121,095141,5595,37
OTP,0,20110121,095141,5595,63
OTP,0,20110121,095155,5595,137
OTP,0,20110121,095155,5595,100
OTP,0,20110121,095155,5595,1763
OTP,0,20110121,095158,5595,20
OTP,0,20110121,095203,5592,100
OTP,0,20110121,095204,5595,217
OTP,0,20110121,095204,5597,1050
OTP,0,20110121,095204,5597,18
OTP,0,20110121,095204,5599,100
OTP,0,20110121,095204,5599,10
OTP,0,20110121,095204,5600,100
OTP,0,20110121,095204,5600,300
OTP,0,20110121,095204,5600,300
OTP,0,20110121,095204,5600,200
OTP,0,20110121,095204,5600,100
OTP,0,20110121,095204,5600,440
OTP,0,20110121,095204,5600,17
OTP,0,20110121,095204,5600,100
OTP,0,20110121,095204,5600,32
OTP,0,20110121,095204,5600,166
OTP,0,20110121,095204,5600,2500
OTP,0,20110121,095204,5600,100
BUX1112,0,20110121,095211,23520,1
MOL,0,20110121,095213,22285,60
MOL,0,20110121,095224,22290,30
MOL,0,20110121,095224,22290,79
OTP,0,20110121,095226,5600,356
OTP,0,20110121,095226,5600,134
OTP,0,20110121,095229,5600,1000
OTP,0,20110121,095229,5597,86
MOL,0,20110121,095231,22290,421
MOL,0,20110121,095231,22300,7
MOL,0,20110121,095231,22300,60
MOL,0,20110121,095231,22300,5
MOL,0,20110121,095231,22300,50
MOL,0,20110121,095231,22300,50
MOL,0,20110121,095231,22300,20
MOL,0,20110121,095231,22300,105
MOL,0,20110121,095231,22300,200
MOL,0,20110121,095231,22300,20
OTP,0,20110121,095233,5600,100
MTELEKOM,0,20110121,095234,548,15
BUX1112,0,20110121,095244,23528,5
OTP,0,20110121,095247,5600,1000
OTP,0,20110121,095249,5600,1766
RICHTER,0,20110121,095305,42400,4
MTELEKOM,0,20110121,095314,547,282
OTP,0,20110121,095317,5601,10
OTP,0,20110121,095319,5600,181
MOL,0,20110121,095319,22250,70
OTP,0,20110121,095320,5601,140
OTP,0,20110121,095320,5605,17
OTP,0,20110121,095320,5605,500
OTP,0,20110121,095321,5605,200
MTELEKOM,0,20110121,095341,548,585
OTP,0,20110121,095342,5605,75
OTP,0,20110121,095357,5601,50
OTP,0,20110121,095357,5601,10
OTP,0,20110121,095404,5605,208
OTP,0,20110121,095404,5605,21
OTP,0,20110121,095404,5605,4
OTP,0,20110121,095404,5607,11
OTP,0,20110121,095404,5607,56
OTP,0,20110121,095412,5605,50
RICHTER,0,20110121,095416,42400,51
OTP,0,20110121,095417,5605,150
OTP,0,20110121,095417,5607,444
OTP,0,20110121,095417,5609,100
OTP,0,20110121,095417,5609,125
OTP,0,20110121,095417,5609,160
MTELEKOM,0,20110121,095417,548,1415
RICHTER,0,20110121,095423,42400,25
RICHTER,0,20110121,095423,42360,15
OTP,0,20110121,095424,5609,100
OTP,0,20110121,095429,5608,20
OTP,0,20110121,095429,5601,15
OTP,0,20110121,095440,5605,73
OTP,0,20110121,095440,5605,67
BUX1112,0,20110121,095445,23527,1
RICHTER,0,20110121,095447,42360,1
RICHTER,0,20110121,095447,42360,44
SYNERGON,0,20110121,095457,530,20
SYNERGON,0,20110121,095457,529,20
SYNERGON,0,20110121,095457,524,310
BUX1112,0,20110121,095502,23525,2
OTP,0,20110121,095520,5605,100
BUX1112,0,20110121,095529,23520,1
OTP,0,20110121,095535,5605,115
RICHTER,0,20110121,095542,42470,30
RICHTER,0,20110121,095542,42470,20
OTP,0,20110121,095543,5605,73
BUX1112,0,20110121,095547,23520,4
MOL,0,20110121,095550,22250,30
MOL,0,20110121,095550,22240,1
MOL,0,20110121,095550,22230,50
MOL,0,20110121,095550,22225,19
OTP,0,20110121,095600,5605,45
OTP,0,20110121,095600,5605,55
MOL,0,20110121,095607,22300,18
BUX1112,0,20110121,095610,23524,5
BUX1112,0,20110121,095610,23525,3
OTP,0,20110121,095612,5605,5
OTP,0,20110121,095612,5605,70
OTP,0,20110121,095615,5605,73
OTP,0,20110121,095618,5605,60
RICHTER,0,20110121,095625,42370,24
EGIS,0,20110121,095626,20700,80
OTP,0,20110121,095626,5605,1184
OTP,0,20110121,095626,5605,400
OTP,0,20110121,095628,5606,400
RICHTER,0,20110121,095632,42360,14
OTP,0,20110121,095634,5601,10
OTP,0,20110121,095634,5601,600
OTP,0,20110121,095634,5601,400
OTP,0,20110121,095634,5600,315
OTP,0,20110121,095645,5600,685
OTP,0,20110121,095645,5600,2
OTP,0,20110121,095645,5600,400
OTP,0,20110121,095645,5600,366
OTP,0,20110121,095645,5600,1000
OTP,0,20110121,095645,5595,26
OTP,0,20110121,095645,5593,10
OTP,0,20110121,095645,5592,400
OTP,0,20110121,095645,5592,1000
OTP,0,20110121,095645,5591,187
OTP,0,20110121,095645,5605,200
BUX1112,0,20110121,095646,23520,15
OTP,0,20110121,095646,5605,300
OTP,0,20110121,095646,5605,500
OTP,0,20110121,095651,5600,56
OTP,0,20110121,095651,5600,68
OTP,0,20110121,095707,5600,100
OTP,0,20110121,095715,5600,210
OTP,0,20110121,095717,5600,48
OTP,0,20110121,095755,5603,150
OTP,0,20110121,095755,5603,90
OTP,0,20110121,095755,5605,18
OTP,0,20110121,095756,5605,182
OTP,0,20110121,095756,5605,33
OTP,0,20110121,095757,5605,104
OTP,0,20110121,095759,5603,74
OTP,0,20110121,095810,5603,1011
OTP,0,20110121,095810,5600,229
FHB,0,20110121,095815,968,200
FHB,0,20110121,095815,966,174
FHB,0,20110121,095815,966,200
FHB,0,20110121,095815,966,500
FHB,0,20110121,095815,966,200
FHB,0,20110121,095815,966,400
FHB,0,20110121,095815,965,5000
FHB,0,20110121,095815,965,70
FHB,0,20110121,095815,965,22
FHB,0,20110121,095815,965,234
FHB,0,20110121,095817,965,766
OTP,0,20110121,095819,5600,182
MTELEKOM,0,20110121,095819,547,286
MOL,0,20110121,095824,22230,70
OTP,0,20110121,095831,5600,107
OTP,0,20110121,095831,5600,436
OTP,0,20110121,095835,5600,464
OTP,0,20110121,095835,5600,839
BUX1112,0,20110121,095846,23528,1
BUX1112,0,20110121,095846,23530,2
BUX1112,0,20110121,095846,23537,1
BUX1112,0,20110121,095846,23540,3
BUX1112,0,20110121,095846,23550,2
BUX1112,0,20110121,095846,23550,3
BUX1112,0,20110121,095849,23550,20
BUX1112,0,20110121,095850,23550,2
BUX1112,0,20110121,095851,23550,5
BUX1112,0,20110121,095852,23550,5
BUX1112,0,20110121,095853,23550,56
OTP,0,20110121,095854,5600,161
OTP,0,20110121,095854,5600,414
FHB,0,20110121,095904,969,150
BUX1112,0,20110121,095921,23549,10
BUX1112,0,20110121,095921,23550,44
BUX1112,0,20110121,095923,23550,1
OTP,0,20110121,095925,5600,12
BUX1112,0,20110121,095926,23550,45
RICHTER,0,20110121,095944,42400,8
RICHTER,0,20110121,095949,42450,50
RICHTER,0,20110121,095949,42450,12
RICHTER,0,20110121,095949,42460,20
RICHTER,0,20110121,095949,42460,21
EGIS,0,20110121,095949,20700,6
MOL,0,20110121,095957,22300,212
MOL,0,20110121,095957,22300,38
OTP,0,20110121,100019,5605,2000
OTP,0,20110121,100036,5600,15
OTP,0,20110121,100057,5601,2
OTP,0,20110121,100057,5601,28
MOL,0,20110121,100104,22300,22
OTP,0,20110121,100107,5601,30
ANY,0,20110121,100109,755,100
OTP,0,20110121,100110,5601,181
BUX1112,0,20110121,100121,23545,25
BUX1112,0,20110121,100121,23548,5
BUX1112,0,20110121,100121,23549,5
BUX1112,0,20110121,100121,23550,55
MOL,0,20110121,100123,22315,50
MOL,0,20110121,100123,22315,125
OTP,0,20110121,100123,5606,90
OTP,0,20110121,100125,5605,20
BUX1112,0,20110121,100128,23550,10
MOL,0,20110121,100129,22300,200
BUX1112,0,20110121,100130,23550,15
OTP,0,20110121,100133,5605,850
OTP,0,20110121,100133,5607,50
OTP,0,20110121,100133,5607,110
OTP,0,20110121,100133,5608,25
OTP,0,20110121,100133,5609,150
OTP,0,20110121,100133,5609,8
OTP,0,20110121,100133,5609,13
OTP,0,20110121,100133,5609,1000
OTP,0,20110121,100133,5610,40
OTP,0,20110121,100133,5610,100
OTP,0,20110121,100133,5610,48
OTP,0,20110121,100133,5610,200
OTP,0,20110121,100133,5610,38
OTP,0,20110121,100133,5610,130
OTP,0,20110121,100133,5610,100
BUX1112,0,20110121,100133,23550,10
OTP,0,20110121,100138,5610,100
BUX1112,0,20110121,100140,23550,20
PFLAX,0,20110121,100145,688,151
OTP,0,20110121,100148,5613,1000
MOL,0,20110121,100151,22300,5
OTP,0,20110121,100153,5613,258
OTP,0,20110121,100153,5610,327
OTP,0,20110121,100153,5615,100
OTP,0,20110121,100153,5615,500
OTP,0,20110121,100155,5615,400
BOOK,0,20110121,100156,480,420
OTP,0,20110121,100207,5615,20
OTP,0,20110121,100210,5615,735
OTP,0,20110121,100210,5615,110
OTP,0,20110121,100210,5615,322
OTP,0,20110121,100210,5615,40
OTP,0,20110121,100210,5615,37
OTP,0,20110121,100210,5615,10
OTP,0,20110121,100210,5615,195
MOL,0,20110121,100221,22320,50
MOL,0,20110121,100221,22320,23
OTP,0,20110121,100224,5618,12
OTP,0,20110121,100224,5618,88
MOL,0,20110121,100227,22325,50
MOL,0,20110121,100228,22325,136
OTP,0,20110121,100236,5618,12
OTP,0,20110121,100236,5618,100
OTP,0,20110121,100236,5619,280
OTP,0,20110121,100236,5619,250
OTP,0,20110121,100236,5619,150
OTP,0,20110121,100236,5620,10
OTP,0,20110121,100236,5620,64
OTP,0,20110121,100236,5620,10
OTP,0,20110121,100236,5620,44
OTP,0,20110121,100236,5620,400
OTP,0,20110121,100236,5620,55
OTP,0,20110121,100236,5620,35
RICHTER,0,20110121,100238,42455,2
OTP,0,20110121,100240,5625,150
OTP,0,20110121,100240,5625,50
OTP,0,20110121,100240,5620,490
OTP,0,20110121,100245,5620,50
MOL,0,20110121,100247,22330,5
BUX1112,0,20110121,100248,23544,3
BOOK,0,20110121,100257,480,80
OTP,0,20110121,100301,5625,440
OTP,0,20110121,100303,5625,510
OTP,0,20110121,100304,5625,667
RICHTER,0,20110121,100304,42405,23
MOL,0,20110121,100305,22335,5
MOL,0,20110121,100309,22335,45
MOL,0,20110121,100309,22335,90
OTP,0,20110121,100312,5630,1000
OTP,0,20110121,100312,5630,57
OTP,0,20110121,100312,5630,143
OTP,0,20110121,100313,5630,501
OTP,0,20110121,100313,5630,40
OTP,0,20110121,100313,5630,50
OTP,0,20110121,100313,5630,13
OTP,0,20110121,100313,5630,50
OTP,0,20110121,100313,5630,30
OTP,0,20110121,100313,5630,10
OTP,0,20110121,100317,5630,15
OTP,0,20110121,100317,5630,10
OTP,0,20110121,100318,5630,250
OTP,0,20110121,100319,5630,181
MTELEKOM,0,20110121,100319,548,282
MOL,0,20110121,100319,22340,30
MOL,0,20110121,100319,22340,20
MOL,0,20110121,100319,22340,130
OTP,0,20110121,100323,5630,50
MOL,0,20110121,100329,22330,45
MOL,0,20110121,100329,22340,6
OTP,0,20110121,100330,5630,130
MOL,0,20110121,100332,22330,17
PFLAX,0,20110121,100333,689,90
MOL,0,20110121,100334,22325,7
OTP,0,20110121,100339,5630,600
OTP,0,20110121,100340,5630,13
OTP,0,20110121,100342,5631,53
OTP,0,20110121,100342,5632,147
OTP,0,20110121,100343,5632,53
OTP,0,20110121,100343,5634,40
OTP,0,20110121,100343,5635,100
OTP,0,20110121,100343,5635,500
OTP,0,20110121,100343,5635,200
OTP,0,20110121,100343,5635,307
MOL,0,20110121,100344,22300,1
OTP,0,20110121,100345,5630,100
GSPARK,0,20110121,100348,771,40
OTP,0,20110121,100348,5630,357
OTP,0,20110121,100348,5630,1643
OTP,0,20110121,100349,5630,100
BUX1112,0,20110121,100350,23549,2
OTP,0,20110121,100352,5630,250
OTP,0,20110121,100353,5630,40
OTP,0,20110121,100354,5630,78
OTP,0,20110121,100354,5630,250
RICHTER,0,20110121,100355,42455,18
RICHTER,0,20110121,100355,42460,29
RICHTER,0,20110121,100355,42470,50
RICHTER,0,20110121,100355,42480,6
OTP,0,20110121,100355,5628,80
OTP,0,20110121,100355,5625,75
MTELEKOM,0,20110121,100355,549,863
MTELEKOM,0,20110121,100355,549,1000
MTELEKOM,0,20110121,100355,549,2000
MTELEKOM,0,20110121,100355,549,500
OTP,0,20110121,100355,5630,40
OTP,0,20110121,100355,5630,700
MTELEKOM,0,20110121,100402,549,581
MTELEKOM,0,20110121,100404,549,834
OTP,0,20110121,100405,5630,200
OTP,0,20110121,100407,5630,260
OTP,0,20110121,100407,5630,240
OTP,0,20110121,100413,5633,100
OTP,0,20110121,100413,5635,310
OTP,0,20110121,100414,5631,15
OTP,0,20110121,100415,5631,20
OTP,0,20110121,100417,5631,1165
OTP,0,20110121,100418,5631,288
MOL,0,20110121,100420,22330,100
MOL,0,20110121,100420,22330,134
MOL,0,20110121,100420,22340,864
MOL,0,20110121,100420,22340,8
OTP,0,20110121,100421,5631,547
OTP,0,20110121,100426,5631,1000
BUX1112,0,20110121,100429,23550,2
OTP,0,20110121,100431,5631,200
OTP,0,20110121,100431,5630,760
OTP,0,20110121,100431,5630,1040
OTP,0,20110121,100432,5630,1000
MTELEKOM,0,20110121,100433,549,1415
MTELEKOM,0,20110121,100433,549,1415
OTP,0,20110121,100434,5634,15
OTP,0,20110121,100435,5630,150
OTP,0,20110121,100438,5630,850
OTP,0,20110121,100438,5630,70
OTP,0,20110121,100438,5630,200
PFLAX,0,20110121,100438,689,50
OTP,0,20110121,100440,5630,50
BUX1112,0,20110121,100441,23550,4
OTP,0,20110121,100443,5630,30
OTP,0,20110121,100445,5630,100
OTP,0,20110121,100445,5630,48
MTELEKOM,0,20110121,100448,549,998
OTP,0,20110121,100453,5630,100
OTP,0,20110121,100454,5630,50
OTP,0,20110121,100454,5630,100
OTP,0,20110121,100455,5630,60
OTP,0,20110121,100456,5630,742
OTP,0,20110121,100456,5630,164
OTP,0,20110121,100456,5625,95
OTP,0,20110121,100456,5625,905
OTP,0,20110121,100459,5625,100
OTP,0,20110121,100500,5630,94
OTP,0,20110121,100502,5630,400
OTP,0,20110121,100504,5630,25
PFLAX,0,20110121,100506,680,200
FOTEX,0,20110121,100514,382,100
OTP,0,20110121,100516,5630,100
OTP,0,20110121,100517,5631,125
OTP,0,20110121,100517,5631,100
OTP,0,20110121,100519,5633,100
OTP,0,20110121,100519,5634,135
OTP,0,20110121,100519,5635,383
OTP,0,20110121,100519,5635,200
OTP,0,20110121,100519,5635,200
OTP,0,20110121,100519,5637,45
OTP,0,20110121,100519,5637,25
OTP,0,20110121,100519,5637,112
OTP,0,20110121,100519,5637,888
OTP,0,20110121,100519,5638,312
OTP,0,20110121,100520,5631,975
OTP,0,20110121,100520,5630,581
OTP,0,20110121,100520,5630,444
OTP,0,20110121,100520,5638,1200
OTP,0,20110121,100521,5638,488
OTP,0,20110121,100521,5639,30
OTP,0,20110121,100521,5639,40
OTP,0,20110121,100521,5640,10
OTP,0,20110121,100521,5640,200
OTP,0,20110121,100521,5640,200
OTP,0,20110121,100521,5640,20
OTP,0,20110121,100521,5640,200
OTP,0,20110121,100521,5640,12
OTP,0,20110121,100521,5640,488
OTP,0,20110121,100526,5640,712
OTP,0,20110121,100547,5635,25
OTP,0,20110121,100551,5639,50
OTP,0,20110121,100551,5639,50
OTP,0,20110121,100551,5640,1000
OTP,0,20110121,100551,5640,100
KEG,0,20110121,100553,131,290
OTP,0,20110121,100554,5640,700
OTP,0,20110121,100554,5635,1175
OTP,0,20110121,100554,5635,82
OTP,0,20110121,100558,5643,13
OTP,0,20110121,100604,5633,200
OTP,0,20110121,100606,5640,58
MOL,0,20110121,100606,22310,50
MOL,0,20110121,100606,22310,100
MOL,0,20110121,100606,22310,5
OTP,0,20110121,100610,5640,500
OTP,0,20110121,100611,5640,30
OTP,0,20110121,100613,5640,15
OTP,0,20110121,100613,5640,100
OTP,0,20110121,100614,5640,297
OTP,0,20110121,100614,5635,48
BUX1112,0,20110121,100617,23550,1
BUX1112,0,20110121,100617,23550,2
OTP,0,20110121,100618,5640,703
OTP,0,20110121,100618,5635,18
RICHTER,0,20110121,100623,42405,25
OTP,0,20110121,100628,5640,20
MOL,0,20110121,100628,22310,15
OTP,0,20110121,100628,5640,1406
OTP,0,20110121,100628,5635,934
OTP,0,20110121,100628,5635,20
OTP,0,20110121,100628,5634,50
OTP,0,20110121,100628,5633,210
OTP,0,20110121,100628,5633,786
KEG,0,20110121,100629,131,1010
BUX1112,0,20110121,100630,23550,1
BUX1112,0,20110121,100634,23550,1
OTP,0,20110121,100636,5640,574
OTP,0,20110121,100636,5640,2000
OTP,0,20110121,100636,5640,100
OTP,0,20110121,100636,5640,100
OTP,0,20110121,100636,5640,100
OTP,0,20110121,100636,5640,200
OTP,0,20110121,100636,5642,48
OTP,0,20110121,100637,5640,308
OTP,0,20110121,100650,5633,300
OTP,0,20110121,100652,5635,500
OTP,0,20110121,100658,5633,1
OTP,0,20110121,100658,5632,35
OTP,0,20110121,100658,5631,14
OTP,0,20110121,100704,5631,1186
OTP,0,20110121,100704,5630,1081
OTP,0,20110121,100704,5630,733
OTP,0,20110121,100704,5630,300
OTP,0,20110121,100711,5630,150
OTP,0,20110121,100719,5631,100
OTP,0,20110121,100719,5631,829
OTP,0,20110121,100721,5631,100
OTP,0,20110121,100722,5631,25
OTP,0,20110121,100727,5631,946
OTP,0,20110121,100727,5631,1054
EGIS,0,20110121,100728,20785,58
OTP,0,20110121,100743,5631,50
OTP,0,20110121,100743,5631,100
BUX1112,0,20110121,100758,23555,1
OTP,0,20110121,100814,5631,20
BUX1112,0,20110121,100816,23555,1
OTP,0,20110121,100819,5631,182
BUX1112,0,20110121,100819,23555,1
MTELEKOM,0,20110121,100819,548,282
MTELEKOM,0,20110121,100821,549,417
MTELEKOM,0,20110121,100821,549,1415
MOL,0,20110121,100829,22310,11
MOL,0,20110121,100835,22305,57
OTP,0,20110121,100836,5631,94
OTP,0,20110121,100836,5631,6
OTP,0,20110121,100845,5631,308
OTP,0,20110121,100845,5631,692
OTP,0,20110121,100855,5631,150
OTP,0,20110121,100900,5631,50
OTP,0,20110121,100901,5631,21
OTP,0,20110121,100901,5631,29
OTP,0,20110121,100903,5631,50
OTP,0,20110121,100905,5631,20
OTP,0,20110121,100906,5631,352
OTP,0,20110121,100906,5631,218
OTP,0,20110121,100908,5631,300
OTP,0,20110121,100909,5634,41
OTP,0,20110121,100909,5634,350
PANNERGY,0,20110121,100909,908,100
RICHTER,0,20110121,100909,42410,14
OTP,0,20110121,100918,5634,9
OTP,0,20110121,100918,5634,241
HUMET,0,20110121,100919,9,2000
RICHTER,0,20110121,100919,42410,30
PANNERGY,0,20110121,100923,908,100
OTP,0,20110121,100932,5635,1000
OTP,0,20110121,100933,5635,336
OTP,0,20110121,100936,5635,451
RICHTER,0,20110121,100944,42450,14
OTP,0,20110121,100951,5634,780
OTP,0,20110121,101005,5631,74
KEG,0,20110121,101006,131,290
OTP,0,20110121,101015,5631,200
MOL,0,20110121,101020,22330,20
MOL,0,20110121,101020,22305,2
OTP,0,20110121,101040,5631,50
MTELEKOM,0,20110121,101149,548,200
OTP,0,20110121,101149,5631,158
OTP,0,20110121,101149,5631,342
MOL,0,20110121,101158,22310,20
MOL,0,20110121,101158,22305,180
OTP,0,20110121,101215,5632,300
OTP,0,20110121,101215,5634,220
OTP,0,20110121,101215,5634,480
OTP,0,20110121,101216,5634,520
OTP,0,20110121,101216,5634,100
OTP,0,20110121,101216,5634,60
OTP,0,20110121,101216,5635,2713
OTP,0,20110121,101216,5635,400
OTP,0,20110121,101216,5635,10
OTP,0,20110121,101216,5636,400
OTP,0,20110121,101216,5637,1000
OTP,0,20110121,101216,5638,1000
OTP,0,20110121,101216,5638,60
OTP,0,20110121,101216,5639,100
OTP,0,20110121,101216,5639,440
OTP,0,20110121,101218,5639,1560
OTP,0,20110121,101218,5639,160
OTP,0,20110121,101218,5639,1000
OTP,0,20110121,101218,5639,500
OTP,0,20110121,101218,5640,30
OTP,0,20110121,101218,5640,976
OTP,0,20110121,101218,5640,10
OTP,0,20110121,101218,5640,5000
OTP,0,20110121,101218,5640,50
OTP,0,20110121,101218,5640,200
OTP,0,20110121,101218,5640,100
OTP,0,20110121,101218,5640,10
OTP,0,20110121,101218,5640,100
OTP,0,20110121,101218,5640,1000
BUX1112,0,20110121,101224,23555,1
BUX1112,0,20110121,101224,23560,1
BUX1112,0,20110121,101224,23568,1
OTP,0,20110121,101227,5641,100
OTP,0,20110121,101227,5643,100
OTP,0,20110121,101235,5643,87
OTP,0,20110121,101235,5644,13
OTP,0,20110121,101240,5644,300
OTP,0,20110121,101248,5644,187
OTP,0,20110121,101248,5644,8
OTP,0,20110121,101248,5644,100
OTP,0,20110121,101248,5644,30
OTP,0,20110121,101248,5644,100
OTP,0,20110121,101251,5644,575
OTP,0,20110121,101251,5644,25
BUX1112,0,20110121,101253,23560,1
BUX1112,0,20110121,101254,23560,2
BUX1112,0,20110121,101255,23560,2
RICHTER,0,20110121,101256,42475,20
RICHTER,0,20110121,101256,42480,30
OTP,0,20110121,101259,5644,1000
EGIS,0,20110121,101302,20780,20
EGIS,0,20110121,101302,20785,7
EGIS,0,20110121,101302,20785,25
EGIS,0,20110121,101302,20790,48
OTP,0,20110121,101303,5641,200
OTP,0,20110121,101303,5641,109
OTP,0,20110121,101303,5640,261
MOL,0,20110121,101303,22325,26
MOL,0,20110121,101303,22325,127
RICHTER,0,20110121,101304,42450,12
MOL,0,20110121,101308,22330,5
BUX1112,0,20110121,101309,23569,3
BUX1112,0,20110121,101309,23578,1
BUX1112,0,20110121,101309,23578,16
BUX1112,0,20110121,101309,23578,5
OTP,0,20110121,101313,5640,100
OTP,0,20110121,101314,5645,40
OTP,0,20110121,101316,5645,1322
OTP,0,20110121,101319,5645,438
OTP,0,20110121,101319,5645,6000
OTP,0,20110121,101319,5646,1000
OTP,0,20110121,101319,5646,2600
OTP,0,20110121,101319,5647,800
OTP,0,20110121,101319,5648,50
OTP,0,20110121,101319,5649,50
OTP,0,20110121,101319,5649,400
OTP,0,20110121,101319,5649,1000
OTP,0,20110121,101319,5649,1997
OTP,0,20110121,101319,5649,40
OTP,0,20110121,101319,5649,300
OTP,0,20110121,101319,5650,300
OTP,0,20110121,101319,5650,10
OTP,0,20110121,101319,5650,30
OTP,0,20110121,101319,5650,20
OTP,0,20110121,101319,5650,100
OTP,0,20110121,101319,5650,235
OTP,0,20110121,101319,5650,10
OTP,0,20110121,101319,5650,60
OTP,0,20110121,101319,5650,850
OTP,0,20110121,101319,5650,5
OTP,0,20110121,101319,5650,200
OTP,0,20110121,101319,5650,20
OTP,0,20110121,101319,5650,700
OTP,0,20110121,101319,5650,16
OTP,0,20110121,101319,5650,542
OTP,0,20110121,101319,5650,1913
OTP,0,20110121,101319,5650,160
OTP,0,20110121,101319,5650,100
OTP,0,20110121,101319,5650,4455
OTP,0,20110121,101319,5650,15
OTP,0,20110121,101322,5650,477
OTP,0,20110121,101324,5644,184
MTELEKOM,0,20110121,101324,548,287
OTP,0,20110121,101327,5650,125
OTP,0,20110121,101327,5650,100
OTP,0,20110121,101327,5650,20
OTP,0,20110121,101327,5650,185
OTP,0,20110121,101327,5650,2
OTP,0,20110121,101327,5650,300
OTP,0,20110121,101327,5650,200
OTP,0,20110121,101327,5650,2605
OTP,0,20110121,101327,5650,1463
MOL,0,20110121,101329,22325,69
OTP,0,20110121,101333,5645,50
OTP,0,20110121,101334,5645,350
OTP,0,20110121,101345,5649,8
OTP,0,20110121,101345,5649,50
OTP,0,20110121,101345,5649,42
OTP,0,20110121,101359,5649,358
OTP,0,20110121,101359,5649,160
OTP,0,20110121,101359,5650,2982
OTP,0,20110121,101401,5650,1500
OTP,0,20110121,101401,5650,1500
MTELEKOM,0,20110121,101401,550,219
MTELEKOM,0,20110121,101401,550,691
OTP,0,20110121,101402,5648,180
OTP,0,20110121,101402,5650,1320
OTP,0,20110121,101403,5649,50
OTP,0,20110121,101403,5650,1450
OTP,0,20110121,101403,5648,16
OTP,0,20110121,101403,5650,384
OTP,0,20110121,101405,5650,500
OTP,0,20110121,101406,5648,500
OTP,0,20110121,101406,5649,33
OTP,0,20110121,101406,5650,967
OTP,0,20110121,101407,5645,50
OTP,0,20110121,101407,5645,30
OTP,0,20110121,101407,5650,5000
OTP,0,20110121,101407,5650,1000
BUX1112,0,20110121,101410,23578,4
BUX1112,0,20110121,101410,23579,2
BUX1112,0,20110121,101410,23579,5
BUX1112,0,20110121,101410,23580,10
BUX1112,0,20110121,101410,23580,10
BUX1112,0,20110121,101410,23580,2
OTP,0,20110121,101413,5649,50
OTP,0,20110121,101417,5649,2150
OTP,0,20110121,101417,5649,50
OTP,0,20110121,101417,5650,300
OTP,0,20110121,101419,5646,10
OTP,0,20110121,101419,5646,190
OTP,0,20110121,101428,5647,1000
OTP,0,20110121,101431,5646,1500
OTP,0,20110121,101433,5646,918
OTP,0,20110121,101433,5646,50
OTP,0,20110121,101437,5646,100
EGIS,0,20110121,101437,20790,39
EGIS,0,20110121,101444,20790,13
OTP,0,20110121,101445,5646,25
OTP,0,20110121,101445,5646,407
MOL,0,20110121,101447,22325,121
MOL,0,20110121,101447,22325,89
BUX1112,0,20110121,101456,23580,17
BUX1112,0,20110121,101456,23579,3
EGIS,0,20110121,101458,20800,20
BUX1112,0,20110121,101459,23579,7
OTP,0,20110121,101504,5646,73
OTP,0,20110121,101521,5646,150
OTP,0,20110121,101527,5646,15
OTP,0,20110121,101527,5649,50
OTP,0,20110121,101527,5649,50
OTP,0,20110121,101527,5650,45
OTP,0,20110121,101527,5650,50
OTP,0,20110121,101527,5650,1805
OTP,0,20110121,101528,5650,100
OTP,0,20110121,101530,5650,695
OTP,0,20110121,101530,5650,1000
OTP,0,20110121,101530,5650,200
OTP,0,20110121,101530,5650,100
OTP,0,20110121,101530,5650,400
OTP,0,20110121,101530,5650,12
OTP,0,20110121,101530,5650,20
OTP,0,20110121,101530,5650,300
OTP,0,20110121,101530,5650,20
OTP,0,20110121,101530,5650,500
OTP,0,20110121,101530,5650,20
OTP,0,20110121,101530,5650,2200
OTP,0,20110121,101534,5650,50
OTP,0,20110121,101536,5649,1000
OTP,0,20110121,101549,5652,100
OTP,0,20110121,101553,5650,400
OTP,0,20110121,101553,5653,25
OTP,0,20110121,101554,5653,75
OTP,0,20110121,101600,5651,15
OTP,0,20110121,101601,5651,200
OTP,0,20110121,101608,5655,100
OTP,0,20110121,101608,5651,100
BUX1112,0,20110121,101609,23579,1
BUX1112,0,20110121,101609,23584,2
BUX1112,0,20110121,101609,23587,2
BUX1112,0,20110121,101609,23587,1
BUX1112,0,20110121,101609,23588,5
BUX1112,0,20110121,101609,23592.5,1
BUX1112,0,20110121,101609,23595,2
BUX1112,0,20110121,101609,23595,1
BUX1112,0,20110121,101609,23597,1
BUX1112,0,20110121,101609,23600,4
BUX1112,0,20110121,101609,23600,1
BUX1112,0,20110121,101609,23600,29
BUX1112,0,20110121,101611,23600,1
MTELEKOM,0,20110121,101612,550,910
OTP,0,20110121,101619,5656,55
OTP,0,20110121,101619,5656,32
OTP,0,20110121,101619,5658,1913
BUX1112,0,20110121,101620,23608,1
BUX1112,0,20110121,101620,23620,2
BUX1112,0,20110121,101620,23620,5
BUX1112,0,20110121,101620,23620,1
BUX1112,0,20110121,101620,23625,2
BUX1112,0,20110121,101620,23629.5,2
BUX1112,0,20110121,101620,23630,3
BUX1112,0,20110121,101620,23638,1
BUX1112,0,20110121,101620,23644,2
OTP,0,20110121,101621,5658,87
OTP,0,20110121,101621,5658,252
OTP,0,20110121,101622,5658,87
RICHTER,0,20110121,101624,42450,3
BUX1112,0,20110121,101624,23621,5
BUX1112,0,20110121,101624,23621,7
OTP,0,20110121,101625,5658,306
OTP,0,20110121,101628,5658,155
OTP,0,20110121,101628,5658,800
OTP,0,20110121,101628,5658,100
OTP,0,20110121,101631,5658,100
OTP,0,20110121,101633,5658,295
OTP,0,20110121,101634,5659,100
OTP,0,20110121,101642,5658,3
OTP,0,20110121,101644,5658,517
OTP,0,20110121,101644,5658,983
OTP,0,20110121,101645,5659,400
OTP,0,20110121,101646,5658,1500
OTP,0,20110121,101647,5658,20
OTP,0,20110121,101649,5658,452
OTP,0,20110121,101701,5658,1048
OTP,0,20110121,101701,5658,70
OTP,0,20110121,101701,5658,50
OTP,0,20110121,101701,5658,100
BUX1112,0,20110121,101716,23620,10
OTP,0,20110121,101720,5658,20
BUX1112,0,20110121,101725,23620,1
KEG,0,20110121,101725,131,2210
BUX1112,0,20110121,101732,23620,5
BUX1112,0,20110121,101732,23620,24
MOL,0,20110121,101733,22335,20
MOL,0,20110121,101733,22335,30
MOL,0,20110121,101733,22335,135
MOL,0,20110121,101733,22340,146
OTP,0,20110121,101742,5655,35
EGIS,0,20110121,101800,20830,3
EGIS,0,20110121,101800,20835,27
OTP,0,20110121,101815,5658,560
OTP,0,20110121,101815,5658,25
OTP,0,20110121,101815,5658,19
OTP,0,20110121,101815,5659,4332
OTP,0,20110121,101815,5659,50
OTP,0,20110121,101815,5659,100
OTP,0,20110121,101815,5660,62
OTP,0,20110121,101815,5660,1000
OTP,0,20110121,101815,5660,1000
OTP,0,20110121,101815,5660,50
OTP,0,20110121,101815,5660,10000
OTP,0,20110121,101815,5660,200
OTP,0,20110121,101815,5660,30
OTP,0,20110121,101815,5660,500
OTP,0,20110121,101815,5660,20
OTP,0,20110121,101815,5660,400
OTP,0,20110121,101819,5660,12
OTP,0,20110121,101823,5660,3000
OTP,0,20110121,101824,5660,182
MTELEKOM,0,20110121,101824,548,281
OTP,0,20110121,101825,5660,200
MOL,0,20110121,101834,22325,20
MOL,0,20110121,101834,22325,50
MOL,0,20110121,101835,22340,4
BUX1112,0,20110121,101836,23619,2
OTP,0,20110121,101837,5660,200
OTP,0,20110121,101839,5661,100
OTP,0,20110121,101841,5662,100
OTP,0,20110121,101841,5660,50
OTP,0,20110121,101842,5664,200
OTP,0,20110121,101844,5664,244
MTELEKOM,0,20110121,101844,550,120
EGIS,0,20110121,101846,20835,12
BUX1112,0,20110121,101846,23619,1
BUX1112,0,20110121,101846,23620,3
BUX1112,0,20110121,101846,23623.5,1
OTP,0,20110121,101847,5664,356
OTP,0,20110121,101847,5664,133
OTP,0,20110121,101848,5664,500
OTP,0,20110121,101850,5660,3008
OTP,0,20110121,101850,5660,1140
OTP,0,20110121,101851,5655,385
OTP,0,20110121,101852,5660,240
OTP,0,20110121,101859,5660,1746
OTP,0,20110121,101859,5660,400
OTP,0,20110121,101901,5660,10
OTP,0,20110121,101902,5660,200
OTP,0,20110121,101903,5660,10
OTP,0,20110121,101912,5660,50
OTP,0,20110121,101915,5660,9
OTP,0,20110121,101920,5660,51
OTP,0,20110121,101921,5660,50
OTP,0,20110121,101925,5660,80
OTP,0,20110121,101933,5663,300
OTP,0,20110121,101933,5664,367
OTP,0,20110121,101933,5664,1968
OTP,0,20110121,101935,5664,851
OTP,0,20110121,101937,5664,300
OTP,0,20110121,101938,5660,2200
OTP,0,20110121,101939,5664,707
PFLAX,0,20110121,101941,689,8
OTP,0,20110121,101943,5664,25
OTP,0,20110121,101953,5664,149
OTP,0,20110121,101953,5664,500
OTP,0,20110121,101953,5665,120
OTP,0,20110121,101953,5665,205
OTP,0,20110121,101953,5665,500
OTP,0,20110121,101953,5665,1000
MOL,0,20110121,101954,22325,50
OTP,0,20110121,102001,5666,100
OTP,0,20110121,102001,5666,50
OTP,0,20110121,102001,5666,250
OTP,0,20110121,102013,5661,50
OTP,0,20110121,102013,5660,194
OTP,0,20110121,102013,5660,3756
OTP,0,20110121,102018,5660,525
OTP,0,20110121,102018,5660,2000
OTP,0,20110121,102018,5660,100
OTP,0,20110121,102018,5660,2375
OTP,0,20110121,102019,5660,30
OTP,0,20110121,102027,5660,50
OTP,0,20110121,102036,5666,50
OTP,0,20110121,102036,5666,50
OTP,0,20110121,102042,5660,100
BUX1112,0,20110121,102050,23593,1
OTP,0,20110121,102054,5667,100
OTP,0,20110121,102054,5668,1000
OTP,0,20110121,102054,5668,100
OTP,0,20110121,102054,5668,600
OTP,0,20110121,102054,5669,500
OTP,0,20110121,102054,5669,200
OTP,0,20110121,102054,5669,50
OTP,0,20110121,102054,5669,12
OTP,0,20110121,102054,5670,25
OTP,0,20110121,102054,5670,65
OTP,0,20110121,102054,5670,180
OTP,0,20110121,102054,5670,1062
OTP,0,20110121,102054,5670,20
OTP,0,20110121,102054,5670,5829
OTP,0,20110121,102054,5670,190
OTP,0,20110121,102054,5670,67
MOL,0,20110121,102101,22330,450
OTP,0,20110121,102103,5661,45
MTELEKOM,0,20110121,102107,550,50
OTP,0,20110121,102111,5669,50
OTP,0,20110121,102111,5670,433
OTP,0,20110121,102111,5670,30
OTP,0,20110121,102111,5670,50
OTP,0,20110121,102115,5670,1882
BUX1112,0,20110121,102123,23619,2
BUX1112,0,20110121,102123,23620,20
BUX1112,0,20110121,102123,23625,1
BUX1112,0,20110121,102123,23629,7
OTP,0,20110121,102127,5670,118
OTP,0,20110121,102127,5670,1000
OTP,0,20110121,102133,5670,50
OTP,0,20110121,102144,5670,500
OTP,0,20110121,102145,5670,332
OTP,0,20110121,102148,5665,300
BUX1112,0,20110121,102200,23603,14
BUX1112,0,20110121,102200,23602,5
BUX1112,0,20110121,102200,23601,14
BUX1112,0,20110121,102200,23600,15
BUX1112,0,20110121,102200,23600,14
BUX1112,0,20110121,102204,23600,24
BUX1112,0,20110121,102206,23600,14
BUX1112,0,20110121,102219,23600,5
OTP,0,20110121,102220,5668,50
OTP,0,20110121,102220,5669,25
OTP,0,20110121,102220,5670,25
MTELEKOM,0,20110121,102222,550,610
OTP,0,20110121,102223,5670,43
OTP,0,20110121,102223,5670,50
OTP,0,20110121,102223,5670,120
OTP,0,20110121,102223,5670,110
OTP,0,20110121,102223,5670,1000
OTP,0,20110121,102227,5670,30
OTP,0,20110121,102227,5670,10
BUX1112,0,20110121,102228,23600,25
OTP,0,20110121,102230,5670,50
OTP,0,20110121,102230,5670,50
OTP,0,20110121,102239,5670,50
OTP,0,20110121,102241,5670,200
BUX1112,0,20110121,102241,23590,1
OTP,0,20110121,102243,5670,1000
BUX1112,0,20110121,102244,23590,13
KEG,0,20110121,102247,131,2500
OTP,0,20110121,102248,5670,100
OTP,0,20110121,102249,5670,510
MOL,0,20110121,102255,22325,50
MOL,0,20110121,102255,22325,50
OTP,0,20110121,102259,5666,50
OTP,0,20110121,102259,5670,242
OTP,0,20110121,102259,5670,250
OTP,0,20110121,102259,5670,1000
OTP,0,20110121,102259,5670,500
OTP,0,20110121,102259,5670,50
OTP,0,20110121,102259,5670,50
OTP,0,20110121,102300,5670,20
OTP,0,20110121,102304,5670,50
BUX1112,0,20110121,102305,23590,1
OTP,0,20110121,102305,5670,200
OTP,0,20110121,102308,5670,80
OTP,0,20110121,102309,5670,2500
OTP,0,20110121,102316,5670,8
OTP,0,20110121,102318,5670,42
OTP,0,20110121,102318,5673,958
MOL,0,20110121,102322,22325,10
MTELEKOM,0,20110121,102324,549,282
OTP,0,20110121,102329,5665,184
OTP,0,20110121,102330,5665,916
PANNERGY,0,20110121,102332,913,50
MOL,0,20110121,102334,22310,69
OTP,0,20110121,102334,5665,84
OTP,0,20110121,102341,5665,37
BUX1112,0,20110121,102346,23594,1
BUX1112,0,20110121,102346,23597,7
BUX1112,0,20110121,102346,23598,5
BUX1112,0,20110121,102346,23599,4
BUX1112,0,20110121,102346,23599,5
BUX1112,0,20110121,102346,23599,20
BUX1112,0,20110121,102346,23599,20
BUX1112,0,20110121,102346,23600,13
OTP,0,20110121,102352,5665,100
OTP,0,20110121,102354,5665,200
OTP,0,20110121,102355,5670,100
OTP,0,20110121,102355,5670,500
OTP,0,20110121,102355,5670,50
OTP,0,20110121,102355,5670,150
BUX1112,0,20110121,102400,23580,1
OTP,0,20110121,102401,5670,18
OTP,0,20110121,102407,5670,100
OTP,0,20110121,102408,5670,50
BUX1112,0,20110121,102412,23600,1
OTP,0,20110121,102413,5670,32
OTP,0,20110121,102413,5670,968
OTP,0,20110121,102414,5670,25
OTP,0,20110121,102415,5670,7
KEG,0,20110121,102430,131,3000
MOL,0,20110121,102443,22325,48
OTP,0,20110121,102448,5667,4200
OTP,0,20110121,102449,5665,200
OTP,0,20110121,102512,5665,219
OTP,0,20110121,102512,5665,281
OTP,0,20110121,102518,5665,200
OTP,0,20110121,102521,5665,13
OTP,0,20110121,102524,5668,350
OTP,0,20110121,102524,5668,200
OTP,0,20110121,102524,5668,100
OTP,0,20110121,102524,5669,100
OTP,0,20110121,102524,5669,200
OTP,0,20110121,102524,5669,50
OTP,0,20110121,102524,5669,20
OTP,0,20110121,102524,5669,2000
OTP,0,20110121,102524,5669,100
OTP,0,20110121,102524,5670,45
OTP,0,20110121,102524,5670,835
OTP,0,20110121,102530,5665,6
OTP,0,20110121,102530,5665,5000
OTP,0,20110121,102536,5662,10
OTP,0,20110121,102537,5668,200
OTP,0,20110121,102537,5668,300
OTP,0,20110121,102537,5670,165
OTP,0,20110121,102537,5670,20
OTP,0,20110121,102537,5670,150
OTP,0,20110121,102537,5670,5000
OTP,0,20110121,102537,5670,1000
OTP,0,20110121,102537,5670,18
OTP,0,20110121,102537,5670,800
OTP,0,20110121,102537,5670,100
OTP,0,20110121,102540,5670,40
OTP,0,20110121,102544,5670,50
OTP,0,20110121,102548,5670,100
OTP,0,20110121,102549,5670,400
OTP,0,20110121,102557,5670,1000
OTP,0,20110121,102605,5670,657
OTP,0,20110121,102620,5665,200
OTP,0,20110121,102628,5665,178
OTP,0,20110121,102631,5654,28500
OTP,0,20110121,102631,5665,10
OTP,0,20110121,102638,5665,657
OTP,0,20110121,102643,5665,50
OTP,0,20110121,102646,5665,29
OTP,0,20110121,102646,5662,40
OTP,0,20110121,102646,5661,5
OTP,0,20110121,102646,5661,200
OTP,0,20110121,102646,5661,383
OTP,0,20110121,102646,5661,274
OTP,0,20110121,102646,5661,50
OTP,0,20110121,102646,5660,1476
OTP,0,20110121,102659,5661,15
OTP,0,20110121,102715,5664,200
OTP,0,20110121,102731,5661,485
OTP,0,20110121,102738,5660,50
OTP,0,20110121,102740,5660,48
OTP,0,20110121,102749,5663,20
OTP,0,20110121,102749,5660,95
OTP,0,20110121,102754,5660,50
OTP,0,20110121,102755,5660,281
OTP,0,20110121,102755,5660,30
OTP,0,20110121,102755,5660,200
OTP,0,20110121,102755,5660,489
RICHTER,0,20110121,102757,42460,50
OTP,0,20110121,102758,5660,100
OTP,0,20110121,102804,5660,84
MOL,0,20110121,102813,22330,30
MOL,0,20110121,102813,22330,53
OTP,0,20110121,102814,5660,641
OTP,0,20110121,102814,5660,25
OTP,0,20110121,102814,5660,288
BUX1112,0,20110121,102823,23597.5,5
OTP,0,20110121,102823,5660,100
OTP,0,20110121,102827,5660,500
OTP,0,20110121,102829,5660,112
MTELEKOM,0,20110121,102829,549,287
OTP,0,20110121,102834,5650,18366
OTP,0,20110121,102836,5662,70
EGIS,0,20110121,102838,20800,400
MOL,0,20110121,102847,22310,20
OTP,0,20110121,102859,5664,500
OTP,0,20110121,102859,5664,68
OTP,0,20110121,102859,5664,650
OTP,0,20110121,102859,5665,300
OTP,0,20110121,102859,5665,1000
OTP,0,20110121,102859,5665,100
OTP,0,20110121,102859,5665,100
OTP,0,20110121,102859,5665,256
OTP,0,20110121,102903,5665,2026
MOL,0,20110121,102908,22310,4
OTP,0,20110121,102930,5665,259
OTP,0,20110121,102935,5663,50
OTP,0,20110121,102935,5662,930
OTP,0,20110121,102935,5660,20
FHB,0,20110121,102944,967,4000
OTP,0,20110121,103001,5660,90
OTP,0,20110121,103035,5660,890
OTP,0,20110121,103035,5657,110
RICHTER,0,20110121,103050,42450,13
RICHTER,0,20110121,103050,42450,59
OTP,0,20110121,103054,5660,50
OTP,0,20110121,103100,5657,240
MOL,0,20110121,103101,22310,100
OTP,0,20110121,103115,5660,20
BUX1112,0,20110121,103120,23570,1
OTP,0,20110121,103125,5660,430
OTP,0,20110121,103125,5660,200
OTP,0,20110121,103135,5664,50
OTP,0,20110121,103135,5664,100
MTELEKOM,0,20110121,103135,550,800
OTP,0,20110121,103137,5660,370
BUX1112,0,20110121,103148,23595,5
BUX1112,0,20110121,103148,23596,1
BUX1112,0,20110121,103148,23598,4
RICHTER,0,20110121,103150,42410,6
RICHTER,0,20110121,103150,42410,10
RICHTER,0,20110121,103150,42405,157
RICHTER,0,20110121,103150,42400,5
RICHTER,0,20110121,103155,42445,15
PANNERGY,0,20110121,103155,912,5000
OTP,0,20110121,103158,5661,64
OTP,0,20110121,103158,5661,200
OTP,0,20110121,103206,5661,100
EGIS,0,20110121,103211,20835,30
OTP,0,20110121,103214,5661,130
OTP,0,20110121,103217,5663,14
OTP,0,20110121,103220,5663,86
OTP,0,20110121,103222,5661,14
OTP,0,20110121,103224,5661,200
OTP,0,20110121,103224,5661,25
MTELEKOM,0,20110121,103231,550,2819
MTELEKOM,0,20110121,103231,550,6000
MTELEKOM,0,20110121,103231,550,6000
MTELEKOM,0,20110121,103231,550,10000
MTELEKOM,0,20110121,103231,550,8181
OTP,0,20110121,103246,5661,267
OTP,0,20110121,103246,5660,33
OTP,0,20110121,103255,5661,410
OTP,0,20110121,103256,5665,40
OTP,0,20110121,103305,5668,100
OTP,0,20110121,103305,5668,400
OTP,0,20110121,103320,5665,25
OTP,0,20110121,103329,5665,181
MTELEKOM,0,20110121,103329,549,281
OTP,0,20110121,103330,5668,100
OTP,0,20110121,103330,5669,1000
OTP,0,20110121,103330,5670,100
OTP,0,20110121,103330,5670,50
OTP,0,20110121,103330,5670,600
OTP,0,20110121,103330,5670,100
OTP,0,20110121,103330,5670,340
OTP,0,20110121,103330,5670,1000
OTP,0,20110121,103330,5670,100
OTP,0,20110121,103330,5670,400
OTP,0,20110121,103330,5670,170
OTP,0,20110121,103352,5670,7
OTP,0,20110121,103352,5670,993
OTP,0,20110121,103400,5670,1000
OTP,0,20110121,103412,5670,7
OTP,0,20110121,103412,5666,31
OTP,0,20110121,103438,5669,50
OTP,0,20110121,103438,5670,1794
OTP,0,20110121,103439,5666,969
OTP,0,20110121,103439,5666,20
OTP,0,20110121,103439,5665,11
OTP,0,20110121,103448,5670,989
ECONET,0,20110121,103452,90,40
OTP,0,20110121,103453,5664,20
OTP,0,20110121,103453,5662,30
OTP,0,20110121,103503,5662,70
OTP,0,20110121,103503,5660,110
RICHTER,0,20110121,103521,42445,5
MOL,0,20110121,103542,22330,10
OTP,0,20110121,103543,5661,150
MTELEKOM,0,20110121,103626,550,900
MTELEKOM,0,20110121,103629,549,200000
PANNERGY,0,20110121,103641,913,50
PANNERGY,0,20110121,103641,914,338
PANNERGY,0,20110121,103641,915,112
OTP,0,20110121,103646,5664,150
OTP,0,20110121,103647,5661,10
OTP,0,20110121,103724,5664,18
OTP,0,20110121,103754,5661,740
OTP,0,20110121,103754,5660,260
OTP,0,20110121,103804,5660,41
MTELEKOM,0,20110121,103805,549,3050
MTELEKOM,0,20110121,103805,549,199
MTELEKOM,0,20110121,103805,549,1702
MOL,0,20110121,103818,22330,64
OTP,0,20110121,103834,5660,185
MTELEKOM,0,20110121,103834,548,287
FHB,0,20110121,103847,963,100
FHB,0,20110121,103847,963,200
OTP,0,20110121,103901,5660,50
OTP,0,20110121,103920,5660,354
OTP,0,20110121,103920,5660,516
OTP,0,20110121,103926,5660,743
OTP,0,20110121,103926,5660,257
FHB,0,20110121,103934,963,150
OTP,0,20110121,103939,5660,100
OTP,0,20110121,103943,5660,50
OTP,0,20110121,103944,5660,25
OTP,0,20110121,103945,5660,808
OTP,0,20110121,104000,5656,100
OTP,0,20110121,104000,5655,900
RICHTER,0,20110121,104000,42400,3
OTP,0,20110121,104028,5655,10
PANNERGY,0,20110121,104029,910,45000
OTP,0,20110121,104056,5655,90
OTP,0,20110121,104056,5655,15
OTP,0,20110121,104056,5655,45
OTP,0,20110121,104117,5655,955
OTP,0,20110121,104117,5654,200
MTELEKOM,0,20110121,104131,549,280
MTELEKOM,0,20110121,104131,549,50
MTELEKOM,0,20110121,104131,549,500
MTELEKOM,0,20110121,104131,549,200
OTP,0,20110121,104140,5651,62
OTP,0,20110121,104140,5651,20
OTP,0,20110121,104140,5651,21
OTP,0,20110121,104204,5651,200
MOL,0,20110121,104214,22350,30
MOL,0,20110121,104214,22350,16
OTP,0,20110121,104216,5652,50
RICHTER,0,20110121,104217,42400,92
RICHTER,0,20110121,104217,42365,28
OTP,0,20110121,104221,5652,50
OTP,0,20110121,104228,5651,100
MTELEKOM,0,20110121,104229,549,770
OTP,0,20110121,104235,5651,500
MTELEKOM,0,20110121,104244,549,1000
OTP,0,20110121,104256,5651,45
FHB,0,20110121,104258,967,100
OTP,0,20110121,104320,5651,52
OTP,0,20110121,104320,5651,50
OTP,0,20110121,104320,5650,100
OTP,0,20110121,104320,5650,98
OTP,0,20110121,104334,5651,181
MTELEKOM,0,20110121,104339,548,287
OTP,0,20110121,104403,5651,600
MTELEKOM,0,20110121,104422,549,230
RICHTER,0,20110121,104428,42385,34
RICHTER,0,20110121,104428,42400,11
RICHTER,0,20110121,104436,42400,89
OTP,0,20110121,104447,5651,219
OTP,0,20110121,104447,5650,1002
OTP,0,20110121,104447,5650,779
OTP,0,20110121,104500,5651,100
OTP,0,20110121,104518,5653,110
OTP,0,20110121,104525,5653,20
OTP,0,20110121,104536,5653,70
OTP,0,20110121,104547,5653,100
OTP,0,20110121,104549,5653,86
MTELEKOM,0,20110121,104551,549,48
OTP,0,20110121,104609,5653,11
OTP,0,20110121,104620,5653,303
OTP,0,20110121,104620,5652,10
OTP,0,20110121,104620,5651,500
OTP,0,20110121,104620,5651,187
OTP,0,20110121,104622,5654,45
OTP,0,20110121,104622,5655,15
ZWACK,0,20110121,104626,13230,10
ZWACK,0,20110121,104626,13220,8
ZWACK,0,20110121,104626,13200,2
RICHTER,0,20110121,104633,42445,10
RICHTER,0,20110121,104633,42480,5
RICHTER,0,20110121,104633,42480,20
RICHTER,0,20110121,104633,42495,20
RICHTER,0,20110121,104633,42495,10
RICHTER,0,20110121,104633,42495,56
EBGOLD,0,20110121,104636,2750,100
OTP,0,20110121,104641,5652,10
OTP,0,20110121,104642,5659,100
OTP,0,20110121,104642,5659,500
OTP,0,20110121,104642,5660,75
OTP,0,20110121,104642,5660,825
BUX1112,0,20110121,104645,23590,5
BUX1112,0,20110121,104645,23594,10
BUX1112,0,20110121,104645,23595,10
BUX1112,0,20110121,104645,23595,10
BUX1112,0,20110121,104645,23597,5
BUX1112,0,20110121,104645,23598,1
BUX1112,0,20110121,104645,23598,1
BUX1112,0,20110121,104645,23598,5
BUX1112,0,20110121,104645,23599,3
KEG,0,20110121,104646,131,500
OTP,0,20110121,104715,5656,200
PANNUNION,0,20110121,104715,142,1500
PANNUNION,0,20110121,104715,141,1000
PANNUNION,0,20110121,104715,141,500
PANNUNION,0,20110121,104715,140,1000
OTP,0,20110121,104726,5659,38
OTP,0,20110121,104726,5659,125
OTP,0,20110121,104726,5660,175
OTP,0,20110121,104726,5660,50
OTP,0,20110121,104726,5660,40
OTP,0,20110121,104726,5660,100
OTP,0,20110121,104726,5660,6
OTP,0,20110121,104726,5660,466
OTP,0,20110121,104735,5655,940
OTP,0,20110121,104737,5653,100
OTP,0,20110121,104737,5653,100
OTP,0,20110121,104743,5655,530
OTP,0,20110121,104746,5655,470
OTP,0,20110121,104746,5652,530
OTP,0,20110121,104755,5655,300
OTP,0,20110121,104759,5660,34
OTP,0,20110121,104759,5660,200
OTP,0,20110121,104759,5660,163
OTP,0,20110121,104759,5660,500
OTP,0,20110121,104809,5660,100
OTP,0,20110121,104826,5660,3
ETFBUXOTP,0,20110121,104831,950,50
RICHTER,0,20110121,104833,42490,12
MTELEKOM,0,20110121,104833,549,11
OTP,0,20110121,104834,5656,101
OTP,0,20110121,104834,5655,3
MOL,0,20110121,104834,22315,1
MTELEKOM,0,20110121,104839,549,281
OTP,0,20110121,104844,5655,81
OTP,0,20110121,104851,5660,347
OTP,0,20110121,104851,5660,500
MOL,0,20110121,104908,22315,49
MOL,0,20110121,104908,22310,50
MOL,0,20110121,104908,22310,50
MOL,0,20110121,104908,22310,4
MOL,0,20110121,104908,22305,91
MOL,0,20110121,104908,22305,20
MOL,0,20110121,104908,22305,20
MOL,0,20110121,104908,22300,102
MOL,0,20110121,104908,22300,165
MOL,0,20110121,104908,22300,200
MOL,0,20110121,104908,22300,40
MOL,0,20110121,104908,22300,200
MOL,0,20110121,104908,22300,100
MOL,0,20110121,104908,22300,6
OTP,0,20110121,104913,5660,153
OTP,0,20110121,104913,5655,47
BUX1112,0,20110121,104926,23597,2
BUX1112,0,20110121,104926,23598,1
BUX1112,0,20110121,104926,23599,10
BUX1112,0,20110121,104926,23600,7
MOL,0,20110121,104927,22300,35
OTP,0,20110121,104934,5660,25
RICHTER,0,20110121,104935,42490,28
RICHTER,0,20110121,104935,42495,22
PHYLAXIA,0,20110121,104946,44,914
GENESIS,0,20110121,104950,211,300
OTP,0,20110121,105000,5663,2
RICHTER,0,20110121,105006,42490,3
RICHTER,0,20110121,105006,42460,12
MOL,0,20110121,105023,22285,120
MOL,0,20110121,105026,22285,80
OTP,0,20110121,105033,5663,19
OTP,0,20110121,105033,5660,181
OTP,0,20110121,105038,5660,600
MTELEKOM,0,20110121,105046,550,919
MTELEKOM,0,20110121,105046,550,6581
FOTEX,0,20110121,105101,384,9000
BUX1112,0,20110121,105107,23571.5,3
OTP,0,20110121,105115,5661,200
OTP,0,20110121,105117,5661,180
BUX1112,0,20110121,105121,23597,1
BUX1112,0,20110121,105121,23598,3
BUX1112,0,20110121,105121,23599,1
BUX1112,0,20110121,105121,23599,1
BUX1112,0,20110121,105121,23600,26
RICHTER,0,20110121,105143,42400,12
RICHTER,0,20110121,105143,42400,18
OTP,0,20110121,105157,5661,200
BUX1112,0,20110121,105209,23600,5
OTP,0,20110121,105229,5661,153
OTP,0,20110121,105230,5662,200
OTP,0,20110121,105239,5661,100
OTP,0,20110121,105324,5664,20
OTP,0,20110121,105334,5661,182
MTELEKOM,0,20110121,105339,549,282
MTELEKOM,0,20110121,105341,549,198
MTELEKOM,0,20110121,105341,549,100
DANUBIUS,0,20110121,105346,4190,1100
OTP,0,20110121,105420,5661,100
BUX1112,0,20110121,105444,23598,1
BUX1112,0,20110121,105444,23599,2
BUX1112,0,20110121,105444,23600,2
BUX1112,0,20110121,105448,23600,20
KEG,0,20110121,105449,131,2500
MTELEKOM,0,20110121,105449,549,702
PFLAX,0,20110121,105452,680,25
BUX1112,0,20110121,105452,23600,1
BUX1112,0,20110121,105452,23600,1
BUX1112,0,20110121,105506,23600,10
OTP,0,20110121,105525,5664,100
MOL,0,20110121,105526,22285,120
MOL,0,20110121,105526,22285,30
OTP,0,20110121,105539,5664,100
OTP,0,20110121,105544,5664,100
OTP,0,20110121,105546,5664,180
OTP,0,20110121,105546,5665,100
OTP,0,20110121,105546,5665,155
OTP,0,20110121,105546,5665,100
OTP,0,20110121,105546,5665,10
OTP,0,20110121,105546,5665,50
MTELEKOM,0,20110121,105602,549,1298
MTELEKOM,0,20110121,105602,549,10000
OTP,0,20110121,105617,5665,90
BUX1112,0,20110121,105640,23609.5,1
BUX1112,0,20110121,105640,23610,20
OTP,0,20110121,105641,5668,20
OTP,0,20110121,105641,5668,58
OTP,0,20110121,105641,5668,20
OTP,0,20110121,105641,5669,2
OTP,0,20110121,105652,5669,98
OTP,0,20110121,105652,5669,26
OTP,0,20110121,105652,5669,100
OTP,0,20110121,105652,5669,1114
OTP,0,20110121,105654,5669,325
OTP,0,20110121,105654,5670,1675
OTP,0,20110121,105700,5665,215
ECONET,0,20110121,105701,90,2880000
OTP,0,20110121,105704,5670,542
OTP,0,20110121,105704,5670,100
OTP,0,20110121,105704,5670,300
OTP,0,20110121,105704,5670,50
OTP,0,20110121,105704,5670,20
OTP,0,20110121,105704,5670,300
OTP,0,20110121,105704,5670,1000
OTP,0,20110121,105704,5670,200
OTP,0,20110121,105704,5670,30
OTP,0,20110121,105704,5670,100
OTP,0,20110121,105704,5670,100
OTP,0,20110121,105704,5670,15
OTP,0,20110121,105704,5670,200
OTP,0,20110121,105704,5670,200
OTP,0,20110121,105704,5670,15
OTP,0,20110121,105704,5670,180
OTP,0,20110121,105704,5670,10
BUX1112,0,20110121,105706,23620,1
RICHTER,0,20110121,105708,42490,14
MTELEKOM,0,20110121,105714,550,2000
OTP,0,20110121,105720,5672,150
OTP,0,20110121,105720,5672,20
OTP,0,20110121,105720,5673,460
OTP,0,20110121,105728,5670,305
OTP,0,20110121,105729,5673,582
OTP,0,20110121,105729,5673,45
OTP,0,20110121,105729,5673,25
OTP,0,20110121,105729,5674,48
OTP,0,20110121,105729,5674,100
OTP,0,20110121,105729,5674,50
OTP,0,20110121,105729,5674,50
OTP,0,20110121,105729,5674,669
OTP,0,20110121,105738,5674,100
OTP,0,20110121,105745,5670,20
OTP,0,20110121,105746,5670,1000
RICHTER,0,20110121,105749,42405,50
OTP,0,20110121,105750,5674,231
OTP,0,20110121,105750,5675,5082
OTP,0,20110121,105750,5675,500
OTP,0,20110121,105751,5675,2418
OTP,0,20110121,105751,5675,139
OTP,0,20110121,105751,5675,7
OTP,0,20110121,105751,5675,30
OTP,0,20110121,105751,5675,100
OTP,0,20110121,105751,5675,100
OTP,0,20110121,105751,5675,206
ECONET,0,20110121,105802,90,2960
ECONET,0,20110121,105802,90,5000
ECONET,0,20110121,105802,90,1000
ECONET,0,20110121,105802,90,1040
OTP,0,20110121,105802,5673,200
OTP,0,20110121,105815,5671,15
MOL,0,20110121,105818,22295,10
OTP,0,20110121,105825,5671,185
OTP,0,20110121,105825,5670,80
OTP,0,20110121,105825,5670,588
OTP,0,20110121,105825,5670,240
OTP,0,20110121,105827,5674,1400
OTP,0,20110121,105827,5674,150
OTP,0,20110121,105827,5675,194
OTP,0,20110121,105827,5675,144
MOL,0,20110121,105829,22300,92
OTP,0,20110121,105834,5665,100
OTP,0,20110121,105837,5665,81
MOL,0,20110121,105837,22300,776
MOL,0,20110121,105837,22300,24
MTELEKOM,0,20110121,105844,549,287
FHB,0,20110121,105903,966,250
OTP,0,20110121,105921,5670,500
MOL,0,20110121,105951,22285,100
BUX1112,0,20110121,105955,23619.5,1
BUX1112,0,20110121,105955,23620,10
BUX1112,0,20110121,105955,23620,5
BUX1112,0,20110121,105955,23620,9
BUX1112,0,20110121,110007,23620,11
BUX1112,0,20110121,110010,23620,25
OTP,0,20110121,110029,5666,19
OTP,0,20110121,110029,5665,1338
OTP,0,20110121,110036,5663,500
OTP,0,20110121,110036,5663,8
OTP,0,20110121,110036,5662,1393
OTP,0,20110121,110036,5661,1270
OTP,0,20110121,110036,5660,194
OTP,0,20110121,110036,5660,1000
OTP,0,20110121,110053,5660,265
OTP,0,20110121,110100,5660,60
MTELEKOM,0,20110121,110102,549,400
OTP,0,20110121,110108,5660,100
AAA,0,20110121,110130,261,100
AAA,0,20110121,110130,261,150
RICHTER,0,20110121,110151,42405,200
BUX1112,0,20110121,110156,23600,25
OTP,0,20110121,110206,5660,5000
MTELEKOM,0,20110121,110228,549,360
OTP,0,20110121,110237,5660,210
OTP,0,20110121,110237,5660,5
OTP,0,20110121,110237,5660,40
SYNERGON,0,20110121,110242,524,450
MOL,0,20110121,110248,22285,40
OTP,0,20110121,110312,5660,50
OTP,0,20110121,110322,5660,300
OTP,0,20110121,110334,5655,100
OTP,0,20110121,110338,5655,23
OTP,0,20110121,110339,5653,59
MTELEKOM,0,20110121,110344,549,281
OTP,0,20110121,110357,5653,100
OTP,0,20110121,110408,5653,20
OTP,0,20110121,110414,5660,50
OTP,0,20110121,110414,5660,80
MTELEKOM,0,20110121,110421,549,5000
BUX1112,0,20110121,110609,23605,1
OTP,0,20110121,110701,5653,21
OTP,0,20110121,110701,5653,197
OTP,0,20110121,110712,5653,3
OTP,0,20110121,110712,5653,500
OTP,0,20110121,110712,5652,30
MTELEKOM,0,20110121,110716,549,3672
MTELEKOM,0,20110121,110716,549,2328
MTELEKOM,0,20110121,110721,549,2672
BUX1112,0,20110121,110725,23600,1
OTP,0,20110121,110729,5652,416
RICHTER,0,20110121,110729,42490,16
RICHTER,0,20110121,110729,42490,30
RICHTER,0,20110121,110729,42490,4
GENESIS,0,20110121,110744,211,100
EGIS,0,20110121,110746,20800,29600
MOL,0,20110121,110820,22300,36
MOL,0,20110121,110820,22300,10
OTP,0,20110121,110839,5652,184
OTP,0,20110121,110842,5652,36
MTELEKOM,0,20110121,110844,548,282
OTP,0,20110121,110851,5652,17
OTP,0,20110121,110908,5651,25
OTP,0,20110121,110908,5651,8
OTP,0,20110121,110908,5650,400
OTP,0,20110121,110927,5650,490
ECONET,0,20110121,110927,90,160
MOL,0,20110121,110933,22285,5
OTP,0,20110121,110939,5650,30
MTELEKOM,0,20110121,110951,548,2328
OTP,0,20110121,111046,5652,95
MTELEKOM,0,20110121,111115,548,80
OTP,0,20110121,111115,5655,12
BUX1112,0,20110121,111117,23599,3
BUX1112,0,20110121,111117,23605,9
BUX1112,0,20110121,111117,23610,10
OTP,0,20110121,111130,5660,20
OTP,0,20110121,111130,5660,20
OTP,0,20110121,111130,5660,60
BUX1112,0,20110121,111131,23580,1
FOTEX,0,20110121,111135,385,4000
OTP,0,20110121,111136,5655,188
OTP,0,20110121,111136,5655,12
OTP,0,20110121,111144,5660,5
OTP,0,20110121,111144,5660,2
MOL,0,20110121,111229,22325,60
MOL,0,20110121,111229,22325,61
EBGOLD,0,20110121,111239,2745,80
FREESOFT,0,20110121,111255,2100,2500
OTP,0,20110121,111256,5660,93
RFV,0,20110121,111305,8565,19
RFV,0,20110121,111305,8575,30
RFV,0,20110121,111305,8580,50
RFV,0,20110121,111305,8580,100
OTP,0,20110121,111322,5660,388
RICHTER,0,20110121,111336,42425,200
OTP,0,20110121,111339,5652,182
RICHTER,0,20110121,111343,42420,14
MTELEKOM,0,20110121,111344,549,282
OTP,0,20110121,111414,5652,723
OTP,0,20110121,111414,5652,100
OTP,0,20110121,111414,5651,1500
OTP,0,20110121,111414,5650,301
OTP,0,20110121,111414,5650,376
MTELEKOM,0,20110121,111431,550,1419
MTELEKOM,0,20110121,111431,550,3581
OTP,0,20110121,111446,5650,162
MTELEKOM,0,20110121,111527,549,270000
OTP,0,20110121,111531,5660,10
OTP,0,20110121,111534,5660,190
OTP,0,20110121,111534,5666,50
OTP,0,20110121,111555,5650,400
OTP,0,20110121,111600,5666,10
RICHTER,0,20110121,111601,42455,100
RICHTER,0,20110121,111601,42450,150
RICHTER,0,20110121,111606,42450,100
RICHTER,0,20110121,111612,42450,45
GENESIS,0,20110121,111647,210,40
GENESIS,0,20110121,111647,210,200
GENESIS,0,20110121,111647,210,100
GENESIS,0,20110121,111647,210,660
CSEPEL,0,20110121,111806,352,200
OTP,0,20110121,111821,5650,400
OTP,0,20110121,111844,5650,184
MTELEKOM,0,20110121,111844,549,282
RICHTER,0,20110121,111919,42450,10
KEG,0,20110121,111919,131,4000
KEG,0,20110121,111919,131,1000
MOL,0,20110121,111948,22300,50
RICHTER,0,20110121,112054,42420,36
RICHTER,0,20110121,112054,42420,50
OTP,0,20110121,112105,5665,328
MOL,0,20110121,112127,22300,19950
RICHTER,0,20110121,112141,42405,250
RICHTER,0,20110121,112159,42410,100
RICHTER,0,20110121,112202,42420,27
RICHTER,0,20110121,112202,42450,50
RICHTER,0,20110121,112202,42475,50
RICHTER,0,20110121,112202,42480,100
RICHTER,0,20110121,112202,42495,72
RICHTER,0,20110121,112202,42500,50
RICHTER,0,20110121,112202,42500,1
MOL,0,20110121,112216,22290,50
MOL,0,20110121,112216,22290,145
MOL,0,20110121,112218,22285,5
MOL,0,20110121,112218,22285,17
OTP,0,20110121,112235,5660,200
MOL,0,20110121,112236,22300,300
MOL,0,20110121,112239,22285,29
MOL,0,20110121,112248,22300,985
MOL,0,20110121,112249,22300,91
MOL,0,20110121,112255,22300,209
MOL,0,20110121,112300,22300,27
RICHTER,0,20110121,112301,42495,10
MOL,0,20110121,112310,22300,48
OTP,0,20110121,112344,5652,180
MTELEKOM,0,20110121,112349,549,286
OTP,0,20110121,112350,5651,2
RICHTER,0,20110121,112350,42490,2
OTP,0,20110121,112408,5651,98
OTP,0,20110121,112408,5650,2478
OTP,0,20110121,112409,5650,3834
GENESIS,0,20110121,112413,210,210
GENESIS,0,20110121,112413,209,150
GENESIS,0,20110121,112413,209,1240
KEG,0,20110121,112418,131,500
BUX1112,0,20110121,112419,23612,1
BUX1112,0,20110121,112426,23615,2
OTP,0,20110121,112431,5655,166
RICHTER,0,20110121,112433,42470,10
BUX1112,0,20110121,112441,23615,2
OTP,0,20110121,112520,5646,5
OTP,0,20110121,112520,5646,25
OTP,0,20110121,112520,5646,15
MOL,0,20110121,112531,22300,425
MOL,0,20110121,112531,22300,33
OTP,0,20110121,112532,5641,5
OTP,0,20110121,112532,5641,45
OTP,0,20110121,112532,5641,8
OTP,0,20110121,112532,5641,37
MOL,0,20110121,112534,22300,142
KEG,0,20110121,112538,131,1500
KEG,0,20110121,112542,131,710
MOL,0,20110121,112543,22300,43
OTP,0,20110121,112544,5645,10
MOL,0,20110121,112601,22300,215
MOL,0,20110121,112601,22300,143
MOL,0,20110121,112602,22285,43
MOL,0,20110121,112604,22300,500
MOL,0,20110121,112609,22300,42
MOL,0,20110121,112612,22300,42
OTP,0,20110121,112632,5645,11
OTP,0,20110121,112632,5645,18
OTP,0,20110121,112632,5645,471
OTP,0,20110121,112633,5645,1529
OTP,0,20110121,112716,5648,100
OTP,0,20110121,112723,5649,25
OTP,0,20110121,112723,5650,25
ECONET,0,20110121,112728,89,930
BUX1112,0,20110121,112728,23614,1
BUX1112,0,20110121,112728,23618.5,1
BUX1112,0,20110121,112728,23619,5
BUX1112,0,20110121,112728,23619.5,1
BUX1112,0,20110121,112728,23620,7
OTP,0,20110121,112731,5650,3809
OTP,0,20110121,112731,5650,191
OTP,0,20110121,112737,5645,115
MTELEKOM,0,20110121,112740,550,70
OTP,0,20110121,112809,5645,700
PANNERGY,0,20110121,112811,912,2500
OTP,0,20110121,112819,5650,25
OTP,0,20110121,112821,5650,84
OTP,0,20110121,112821,5650,416
OTP,0,20110121,112844,5645,181
RICHTER,0,20110121,112844,42470,38
RICHTER,0,20110121,112844,42475,50
PANNERGY,0,20110121,112845,910,810000
MTELEKOM,0,20110121,112849,549,282
RICHTER,0,20110121,112858,42480,150
RICHTER,0,20110121,112902,42480,50
OTP,0,20110121,112906,5649,25
OTP,0,20110121,112906,5645,475
OTP,0,20110121,112906,5645,341
OTP,0,20110121,112920,5649,5
OTP,0,20110121,112920,5650,195
OTP,0,20110121,112953,5650,61
OTP,0,20110121,112953,5650,13
OTP,0,20110121,113001,5650,56
FHB,0,20110121,113006,964,1000
OTP,0,20110121,113028,5650,44
OTP,0,20110121,113049,5645,59
OTP,0,20110121,113049,5641,153
OTP,0,20110121,113049,5641,1000
OTP,0,20110121,113049,5640,1000
OTP,0,20110121,113049,5640,30
OTP,0,20110121,113049,5636,200
OTP,0,20110121,113049,5636,40
OTP,0,20110121,113049,5635,25
OTP,0,20110121,113049,5632,20
OTP,0,20110121,113049,5632,150
OTP,0,20110121,113049,5632,16
OTP,0,20110121,113049,5631,50
OTP,0,20110121,113049,5631,100
OTP,0,20110121,113049,5631,150
OTP,0,20110121,113049,5630,136
OTP,0,20110121,113118,5640,400
OTP,0,20110121,113118,5632,200
OTP,0,20110121,113118,5631,1000
OTP,0,20110121,113118,5630,1240
KEG,0,20110121,113119,131,290
KEG,0,20110121,113119,131,3000
KEG,0,20110121,113119,132,200
KEG,0,20110121,113119,132,810
BUX1112,0,20110121,113123,23610,10
OTP,0,20110121,113133,5635,94
MOL,0,20110121,113140,22300,60
RABA,0,20110121,113146,839,50
RABA,0,20110121,113146,840,50
RABA,0,20110121,113146,840,100
MTELEKOM,0,20110121,113151,549,800
OTP,0,20110121,113209,5640,170
RABA,0,20110121,113211,837,1000
PHYLAXIA,0,20110121,113217,44,1086
PHYLAXIA,0,20110121,113217,44,1300
PHYLAXIA,0,20110121,113217,44,1000
PHYLAXIA,0,20110121,113217,44,11111
PHYLAXIA,0,20110121,113217,44,2000
OTP,0,20110121,113244,5640,20
PFLAX,0,20110121,113258,675,1000
BUX1112,0,20110121,113302,23593,3
OTP,0,20110121,113342,5649,14
OTP,0,20110121,113342,5649,20
OTP,0,20110121,113344,5641,100
OTP,0,20110121,113344,5641,82
MTELEKOM,0,20110121,113349,549,282
MOL,0,20110121,113420,22300,56
MOL,0,20110121,113420,22300,4
MOL,0,20110121,113433,22300,11
MOL,0,20110121,113433,22300,28
OTP,0,20110121,113446,5641,84
OTP,0,20110121,113446,5641,340
OTP,0,20110121,113446,5641,18
RICHTER,0,20110121,113450,42480,50
RICHTER,0,20110121,113450,42485,10
RICHTER,0,20110121,113450,42485,40
OTP,0,20110121,113453,5644,66
OTP,0,20110121,113453,5645,600
SYNERGON,0,20110121,113525,525,40
