<TICKER>,<PER>,<DTYYYYMMDD>,<TIME>,<CLOSE>,<VOLUME>
BUX1112,0,20110110,090031,22830,2
BUX1112,0,20110110,090031,22830,4
BUX1112,0,20110110,090031,22830,4
BUX1112,0,20110110,090031,22830,2
BUX1112,0,20110110,090031,22830,2
BUX1112,0,20110110,090031,22830,2
BUX1112,0,20110110,090031,22830,1
BUX1112,0,20110110,090031,22830,2
BUX1112,0,20110110,090031,22830,1
BUX1112,0,20110110,090031,22830,2
BUX1112,0,20110110,090031,22830,1
BUX1112,0,20110110,090031,22830,3
BUX1112,0,20110110,090031,22830,1
EGIS,0,20110110,090040,21170,5
EGIS,0,20110110,090040,21170,15
EGIS,0,20110110,090040,21170,85
EGIS,0,20110110,090040,21170,2
EGIS,0,20110110,090040,21170,20
EGIS,0,20110110,090040,21170,4
EGIS,0,20110110,090040,21170,6
EGIS,0,20110110,090040,21170,20
EGIS,0,20110110,090040,21170,3
EGIS,0,20110110,090040,21170,150
EGIS,0,20110110,090040,21170,8
EGIS,0,20110110,090040,21170,30
EGIS,0,20110110,090040,21170,12
FHB,0,20110110,090040,975,50
FHB,0,20110110,090040,975,50
GENESIS,0,20110110,090040,232,25
GENESIS,0,20110110,090040,232,41
GENESIS,0,20110110,090040,232,159
GENESIS,0,20110110,090040,232,100
GENESIS,0,20110110,090040,232,91
GENESIS,0,20110110,090040,232,9
GENESIS,0,20110110,090040,232,100
MOL,0,20110110,090040,21450,5
MOL,0,20110110,090040,21450,6
MOL,0,20110110,090040,21450,49
MOL,0,20110110,090040,21450,4
MTELEKOM,0,20110110,090040,547,463
MTELEKOM,0,20110110,090040,547,25
MTELEKOM,0,20110110,090040,547,182
MTELEKOM,0,20110110,090040,547,2000
MTELEKOM,0,20110110,090040,547,183
MTELEKOM,0,20110110,090040,547,150
MTELEKOM,0,20110110,090040,547,997
MTELEKOM,0,20110110,090040,547,100
MTELEKOM,0,20110110,090040,547,1895
MTELEKOM,0,20110110,090040,547,800
OTP,0,20110110,090040,5250,63
OTP,0,20110110,090040,5250,200
OTP,0,20110110,090040,5250,150
OTP,0,20110110,090040,5250,37
OTP,0,20110110,090040,5250,25
OTP,0,20110110,090040,5250,108
OTP,0,20110110,090040,5250,18
OTP,0,20110110,090040,5250,8
OTP,0,20110110,090040,5250,100
OTP,0,20110110,090040,5250,230
OTP,0,20110110,090040,5250,152
OTP,0,20110110,090040,5250,100
OTP,0,20110110,090040,5250,24
OTP,0,20110110,090040,5250,15
OTP,0,20110110,090040,5250,5
OTP,0,20110110,090040,5250,22
OTP,0,20110110,090040,5250,40
OTP,0,20110110,090040,5250,130
OTP,0,20110110,090040,5250,150
OTP,0,20110110,090040,5250,45
OTP,0,20110110,090040,5250,25
OTP,0,20110110,090040,5250,50
OTP,0,20110110,090040,5250,15
OTP,0,20110110,090040,5250,500
OTP,0,20110110,090040,5250,10
OTP,0,20110110,090040,5250,14
OTP,0,20110110,090040,5250,20
OTP,0,20110110,090040,5250,250
OTP,0,20110110,090040,5250,381
OTP,0,20110110,090040,5250,10
OTP,0,20110110,090040,5250,20
OTP,0,20110110,090040,5250,96
OTP,0,20110110,090040,5250,20
OTP,0,20110110,090040,5250,25
OTP,0,20110110,090040,5250,417
OTP,0,20110110,090040,5250,49
OTP,0,20110110,090040,5250,200
OTP,0,20110110,090040,5250,380
OTP,0,20110110,090040,5250,75
OTP,0,20110110,090040,5250,48
OTP,0,20110110,090040,5250,6
OTP,0,20110110,090040,5250,50
OTP,0,20110110,090040,5250,192
OTP,0,20110110,090040,5250,163
OTP,0,20110110,090040,5250,1337
OTP,0,20110110,090040,5250,200
OTP,0,20110110,090040,5250,1500
OTP,0,20110110,090040,5250,2500
OTP,0,20110110,090040,5250,1000
PANNERGY,0,20110110,090040,902,150
PANNERGY,0,20110110,090040,902,50
PANNUNION,0,20110110,090040,155,35
PHYLAXIA,0,20110110,090040,45,200
PHYLAXIA,0,20110110,090040,45,250
RICHTER,0,20110110,090040,44000,9
RICHTER,0,20110110,090040,44000,11
RICHTER,0,20110110,090040,44000,28
RICHTER,0,20110110,090040,44000,11
RICHTER,0,20110110,090040,44000,8
RICHTER,0,20110110,090040,44000,10
RICHTER,0,20110110,090040,44000,7
RICHTER,0,20110110,090040,44000,7
RICHTER,0,20110110,090040,44000,5
RICHTER,0,20110110,090040,44000,11
SYNERGON,0,20110110,090040,485,70
SYNERGON,0,20110110,090040,485,200
OTP,0,20110110,090200,5250,18
OTP,0,20110110,090200,5250,400
OTP,0,20110110,090200,5250,290
OTP,0,20110110,090200,5250,500
OTP,0,20110110,090200,5250,24
OTP,0,20110110,090200,5250,80
OTP,0,20110110,090200,5250,730
OTP,0,20110110,090200,5250,1000
OTP,0,20110110,090201,5250,378
OTP,0,20110110,090202,5250,43
OTP,0,20110110,090202,5250,20
OTP,0,20110110,090208,5245,150
OTP,0,20110110,090208,5245,1350
OTP,0,20110110,090208,5243,50
OTP,0,20110110,090208,5242,150
OTP,0,20110110,090208,5242,83
OTP,0,20110110,090209,5245,18
OTP,0,20110110,090209,5248,31
OTP,0,20110110,090209,5242,152
RICHTER,0,20110110,090210,44000,3
BUX1112,0,20110110,090211,22821,2
BUX1112,0,20110110,090211,22815,2
BUX1112,0,20110110,090211,22815,1
BUX1112,0,20110110,090211,22815,2
BUX1112,0,20110110,090211,22812,1
BUX1112,0,20110110,090211,22812,1
BUX1112,0,20110110,090211,22810,4
BUX1112,0,20110110,090211,22805.5,2
BUX1112,0,20110110,090211,22805,4
BUX1112,0,20110110,090211,22805,1
OTP,0,20110110,090211,5240,5
OTP,0,20110110,090211,5235,40
OTP,0,20110110,090211,5232,115
OTP,0,20110110,090211,5232,100
OTP,0,20110110,090211,5232,198
OTP,0,20110110,090211,5248,20
BUX1112,0,20110110,090212,22805,1
BUX1112,0,20110110,090212,22805,3
BUX1112,0,20110110,090212,22802,2
BUX1112,0,20110110,090212,22801,4
OTP,0,20110110,090213,5248,20
MTELEKOM,0,20110110,090215,547,378
FHB,0,20110110,090215,977,2
FHB,0,20110110,090215,980,9
FHB,0,20110110,090215,980,39
ANY,0,20110110,090216,761,100
MTELEKOM,0,20110110,090216,547,830
MTELEKOM,0,20110110,090216,546,150
MTELEKOM,0,20110110,090216,546,100
MTELEKOM,0,20110110,090216,546,420
OTP,0,20110110,090216,5248,29
OTP,0,20110110,090216,5248,1
MTELEKOM,0,20110110,090217,546,420
OTP,0,20110110,090218,5240,1
OTP,0,20110110,090219,5240,15
GENESIS,0,20110110,090220,232,700
MTELEKOM,0,20110110,090222,548,114
BUX1112,0,20110110,090223,22800,2
BUX1112,0,20110110,090226,22800,1
BUX1112,0,20110110,090226,22800,8
BUX1112,0,20110110,090226,22800,2
BUX1112,0,20110110,090226,22800,5
OTP,0,20110110,090230,5233,16
OTP,0,20110110,090232,5233,84
BUX1112,0,20110110,090232,22800,3
OTP,0,20110110,090235,5232,50
OTP,0,20110110,090236,5232,537
OTP,0,20110110,090236,5232,20
OTP,0,20110110,090236,5230,25
OTP,0,20110110,090236,5226,100
OTP,0,20110110,090236,5225,20
OTP,0,20110110,090236,5221,100
OTP,0,20110110,090236,5221,2062
OTP,0,20110110,090236,5221,15
OTP,0,20110110,090236,5220,2286
OTP,0,20110110,090236,5220,66
OTP,0,20110110,090236,5216,24
OTP,0,20110110,090236,5216,76
OTP,0,20110110,090236,5215,50
OTP,0,20110110,090236,5213,20
OTP,0,20110110,090236,5211,100
OTP,0,20110110,090236,5211,20
OTP,0,20110110,090236,5210,5
OTP,0,20110110,090236,5210,13
OTP,0,20110110,090239,5210,116
OTP,0,20110110,090239,5210,1000
OTP,0,20110110,090239,5210,94
MOL,0,20110110,090244,21400,10
BUX1112,0,20110110,090249,22800,5
OTP,0,20110110,090249,5207,10
OTP,0,20110110,090249,5206,190
OTP,0,20110110,090250,5206,360
OTP,0,20110110,090250,5206,259
OTP,0,20110110,090251,5207,100
OTP,0,20110110,090251,5206,110
OTP,0,20110110,090252,5210,140
RICHTER,0,20110110,090252,44000,2
OTP,0,20110110,090253,5214,100
OTP,0,20110110,090255,5210,60
OTP,0,20110110,090255,5210,100
RICHTER,0,20110110,090257,44000,5
BUX1112,0,20110110,090257,22790,6
BUX1112,0,20110110,090257,22780.5,2
BUX1112,0,20110110,090257,22780,1
BUX1112,0,20110110,090257,22780,2
BUX1112,0,20110110,090257,22770,30
BUX1112,0,20110110,090257,22765,2
BUX1112,0,20110110,090257,22764,2
BUX1112,0,20110110,090257,22761,3
OTP,0,20110110,090258,5207,1000
OTP,0,20110110,090259,5205,1
OTP,0,20110110,090259,5210,200
OTP,0,20110110,090259,5205,499
OTP,0,20110110,090259,5205,100
OTP,0,20110110,090259,5203,401
OTP,0,20110110,090259,5210,200
OTP,0,20110110,090259,5210,50
PANNERGY,0,20110110,090300,902,50
OTP,0,20110110,090300,5203,599
OTP,0,20110110,090300,5201,15
OTP,0,20110110,090300,5201,100
OTP,0,20110110,090300,5201,20
OTP,0,20110110,090300,5201,50
OTP,0,20110110,090300,5201,200
OTP,0,20110110,090300,5201,16
MOL,0,20110110,090300,21450,1
OTP,0,20110110,090300,5210,54
OTP,0,20110110,090302,5207,20
OTP,0,20110110,090302,5201,84
OTP,0,20110110,090302,5201,40
OTP,0,20110110,090302,5201,2500
OTP,0,20110110,090302,5200,500
OTP,0,20110110,090302,5200,191
OTP,0,20110110,090302,5200,200
OTP,0,20110110,090302,5200,100
OTP,0,20110110,090302,5200,200
OTP,0,20110110,090302,5200,20
OTP,0,20110110,090302,5200,150
OTP,0,20110110,090302,5200,10
OTP,0,20110110,090302,5200,150
OTP,0,20110110,090302,5200,3
OTP,0,20110110,090302,5200,73
OTP,0,20110110,090302,5200,124
OTP,0,20110110,090302,5200,200
OTP,0,20110110,090302,5200,19
OTP,0,20110110,090302,5200,1000
OTP,0,20110110,090302,5200,400
OTP,0,20110110,090302,5200,100
OTP,0,20110110,090302,5200,100
OTP,0,20110110,090302,5197,200
OTP,0,20110110,090302,5195,50
OTP,0,20110110,090302,5191,126
OTP,0,20110110,090302,5191,13
OTP,0,20110110,090302,5190,400
OTP,0,20110110,090302,5190,61
OTP,0,20110110,090302,5190,450
OTP,0,20110110,090302,5190,50
OTP,0,20110110,090302,5188,100
RICHTER,0,20110110,090302,44000,50
OTP,0,20110110,090305,5190,214
MTELEKOM,0,20110110,090305,547,368
MTELEKOM,0,20110110,090305,546,160
MTELEKOM,0,20110110,090305,545,300
MTELEKOM,0,20110110,090305,545,300
MTELEKOM,0,20110110,090305,545,40
MTELEKOM,0,20110110,090305,545,150
MTELEKOM,0,20110110,090305,545,50
MTELEKOM,0,20110110,090305,545,100
MTELEKOM,0,20110110,090305,545,140
MTELEKOM,0,20110110,090305,545,910
MTELEKOM,0,20110110,090305,545,290
OTP,0,20110110,090306,5195,15
OTP,0,20110110,090306,5200,51
OTP,0,20110110,090309,5200,15
OTP,0,20110110,090309,5200,33
OTP,0,20110110,090311,5200,142
OTP,0,20110110,090311,5210,258
RICHTER,0,20110110,090312,44000,50
OTP,0,20110110,090313,5200,1000
OTP,0,20110110,090313,5191,500
GENESIS,0,20110110,090321,232,591
GENESIS,0,20110110,090321,232,365
OTP,0,20110110,090326,5200,25
OTP,0,20110110,090332,5200,1000
PANNERGY,0,20110110,090332,900,50
PANNERGY,0,20110110,090334,900,160
PANNERGY,0,20110110,090334,900,340
OTP,0,20110110,090341,5205,1000
OTP,0,20110110,090341,5205,1000
OTP,0,20110110,090347,5209,100
OTP,0,20110110,090347,5210,33
OTP,0,20110110,090348,5214,100
ZWACK,0,20110110,090351,12700,100
OTP,0,20110110,090355,5220,30
OTP,0,20110110,090355,5220,176
OTP,0,20110110,090355,5220,12
OTP,0,20110110,090355,5220,190
PANNERGY,0,20110110,090358,900,660
PANNERGY,0,20110110,090358,900,100
PANNERGY,0,20110110,090358,900,125
PANNERGY,0,20110110,090358,900,815
OTP,0,20110110,090402,5220,5
BUX1112,0,20110110,090405,22798,3
BUX1112,0,20110110,090405,22798,5
BUX1112,0,20110110,090405,22799,10
BUX1112,0,20110110,090405,22799,1
BUX1112,0,20110110,090405,22800,6
BUX1112,0,20110110,090405,22800,10
GENESIS,0,20110110,090409,233,1
GENESIS,0,20110110,090409,234,29
BUX1112,0,20110110,090409,22780,1
OTP,0,20110110,090412,5230,30
OTP,0,20110110,090412,5230,222
MTELEKOM,0,20110110,090416,545,710
MTELEKOM,0,20110110,090416,545,90
MOL,0,20110110,090418,21400,250
FHB,0,20110110,090419,970,50
FHB,0,20110110,090419,970,300
MOL,0,20110110,090420,21400,26
MOL,0,20110110,090420,21340,5
MOL,0,20110110,090420,21305,34
MOL,0,20110110,090420,21305,115
MOL,0,20110110,090420,21305,10
MOL,0,20110110,090420,21305,87
MOL,0,20110110,090421,21305,14
MOL,0,20110110,090421,21300,25
MOL,0,20110110,090421,21300,3
MOL,0,20110110,090421,21300,5
MOL,0,20110110,090421,21300,15
MOL,0,20110110,090421,21300,30
MOL,0,20110110,090427,21300,15
OTP,0,20110110,090430,5220,350
MOL,0,20110110,090432,21310,5
EGIS,0,20110110,090434,20950,3
EGIS,0,20110110,090434,20900,2
MOL,0,20110110,090435,21300,285
MOL,0,20110110,090435,21300,215
MOL,0,20110110,090436,21310,16
OTP,0,20110110,090441,5229,1000
MOL,0,20110110,090442,21305,85
MOL,0,20110110,090443,21300,39
MOL,0,20110110,090447,21300,76
MOL,0,20110110,090448,21300,100
BUX1112,0,20110110,090448,22785,2
MOL,0,20110110,090456,21300,124
BUX1112,0,20110110,090503,22800,10
MOL,0,20110110,090504,21295,21
MOL,0,20110110,090504,21300,76
OTP,0,20110110,090512,5224,365
OTP,0,20110110,090512,5223,100
OTP,0,20110110,090512,5221,200
OTP,0,20110110,090512,5220,53
OTP,0,20110110,090512,5220,100
OTP,0,20110110,090512,5220,100
OTP,0,20110110,090512,5220,20
OTP,0,20110110,090512,5220,25
OTP,0,20110110,090512,5212,37
RICHTER,0,20110110,090518,44015,32
RICHTER,0,20110110,090518,44000,33
MOL,0,20110110,090519,21320,136
BUX1112,0,20110110,090519,22786,2
BUX1112,0,20110110,090519,22785,5
BUX1112,0,20110110,090519,22783,20
BUX1112,0,20110110,090519,22776.5,5
BUX1112,0,20110110,090519,22775,18
BUX1112,0,20110110,090519,22773,1
BUX1112,0,20110110,090519,22770,5
BUX1112,0,20110110,090519,22765,5
BUX1112,0,20110110,090519,22760,2
BUX1112,0,20110110,090519,22760,3
BUX1112,0,20110110,090519,22760,10
BUX1112,0,20110110,090519,22760,2
BUX1112,0,20110110,090519,22757,10
BUX1112,0,20110110,090519,22756,1
BUX1112,0,20110110,090519,22755,1
BUX1112,0,20110110,090519,22755,4
BUX1112,0,20110110,090519,22751,10
BUX1112,0,20110110,090519,22751,22
BUX1112,0,20110110,090519,22751,1
BUX1112,0,20110110,090519,22750.5,1
BUX1112,0,20110110,090519,22745,10
BUX1112,0,20110110,090519,22740,6
BUX1112,0,20110110,090519,22740,9
BUX1112,0,20110110,090519,22735.5,1
BUX1112,0,20110110,090519,22735,4
BUX1112,0,20110110,090519,22726,1
BUX1112,0,20110110,090519,22722,41
BUX1112,0,20110110,090519,22722,1
BUX1112,0,20110110,090521,22740,5
BUX1112,0,20110110,090524,22750,1
OTP,0,20110110,090526,5220,300
OTP,0,20110110,090526,5230,75
OTP,0,20110110,090526,5230,275
BUX1112,0,20110110,090535,22775,5
OTP,0,20110110,090545,5220,250
RICHTER,0,20110110,090546,44000,12
MOL,0,20110110,090549,21310,5
MOL,0,20110110,090549,21305,23
MOL,0,20110110,090554,21335,18
MOL,0,20110110,090554,21390,5
RICHTER,0,20110110,090600,44000,10
MTELEKOM,0,20110110,090605,546,1000
MTELEKOM,0,20110110,090605,546,1000
TVK,0,20110110,090605,3465,200
TVK,0,20110110,090605,3460,50
BUX1112,0,20110110,090605,22775,40
BUX1112,0,20110110,090605,22751,1
BUX1112,0,20110110,090605,22751,9
MTELEKOM,0,20110110,090605,547,1000
RICHTER,0,20110110,090611,43900,18
RICHTER,0,20110110,090611,43850,32
OTP,0,20110110,090617,5222,50
OTP,0,20110110,090619,5222,59
MTELEKOM,0,20110110,090620,546,100
OTP,0,20110110,090621,5220,3
OTP,0,20110110,090622,5220,491
BUX1112,0,20110110,090636,22788,5
MTELEKOM,0,20110110,090640,546,374
BUX1112,0,20110110,090641,22790,10
MTELEKOM,0,20110110,090649,546,626
OTP,0,20110110,090657,5229,100
OTP,0,20110110,090657,5230,725
OTP,0,20110110,090657,5230,375
OTP,0,20110110,090658,5220,100
OTP,0,20110110,090705,5221,40
OTP,0,20110110,090705,5220,10
MOL,0,20110110,090706,21310,25
MOL,0,20110110,090706,21310,3
MOL,0,20110110,090706,21310,34
MOL,0,20110110,090706,21310,14
MOL,0,20110110,090706,21310,53
MOL,0,20110110,090706,21305,153
OTP,0,20110110,090715,5230,20
OTP,0,20110110,090717,5220,146
OTP,0,20110110,090717,5220,100
OTP,0,20110110,090717,5215,30
OTP,0,20110110,090717,5215,5
OTP,0,20110110,090717,5215,119
OTP,0,20110110,090732,5229,20
OTP,0,20110110,090741,5220,100
BUX1112,0,20110110,090749,22766.5,2
BUX1112,0,20110110,090749,22766,3
BUX1112,0,20110110,090803,22766,2
MOL,0,20110110,090835,21320,13
MOL,0,20110110,090835,21350,11
BUX1112,0,20110110,090840,22766,5
PANNERGY,0,20110110,090844,900,14
PANNERGY,0,20110110,090844,900,300
BUX1112,0,20110110,090848,22764,2
OTP,0,20110110,090855,5216,200
OTP,0,20110110,090855,5215,416
OTP,0,20110110,090855,5215,240
OTP,0,20110110,090855,5214,50
OTP,0,20110110,090855,5213,592
OTP,0,20110110,090855,5212,500
MOL,0,20110110,090857,21315,88
MOL,0,20110110,090857,21315,36
MOL,0,20110110,090857,21315,14
MOL,0,20110110,090857,21305,62
OTP,0,20110110,090901,5211,1000
OTP,0,20110110,090901,5211,66
OTP,0,20110110,090901,5210,867
OTP,0,20110110,090901,5210,1000
OTP,0,20110110,090901,5210,1000
OTP,0,20110110,090901,5210,200
OTP,0,20110110,090901,5210,133
OTP,0,20110110,090901,5210,1000
OTP,0,20110110,090901,5206,200
OTP,0,20110110,090901,5206,50
OTP,0,20110110,090901,5206,50
OTP,0,20110110,090901,5206,150
OTP,0,20110110,090901,5205,1000
OTP,0,20110110,090901,5205,1000
OTP,0,20110110,090901,5205,1000
OTP,0,20110110,090901,5205,2000
OTP,0,20110110,090901,5205,1000
OTP,0,20110110,090901,5205,400
OTP,0,20110110,090901,5205,50
OTP,0,20110110,090901,5203,220
OTP,0,20110110,090901,5203,156
OTP,0,20110110,090906,5211,5000
OTP,0,20110110,090906,5211,59
BUX1112,0,20110110,090906,22760,30
BUX1112,0,20110110,090906,22760,30
OTP,0,20110110,090907,5203,7
OTP,0,20110110,090907,5202,1000
OTP,0,20110110,090907,5202,30
OTP,0,20110110,090907,5202,800
OTP,0,20110110,090907,5202,250
OTP,0,20110110,090907,5201,200
OTP,0,20110110,090907,5201,1000
OTP,0,20110110,090907,5201,20
OTP,0,20110110,090907,5200,130
OTP,0,20110110,090907,5200,200
OTP,0,20110110,090907,5200,2000
OTP,0,20110110,090907,5200,230
OTP,0,20110110,090907,5200,200
OTP,0,20110110,090907,5200,50
OTP,0,20110110,090907,5200,45
OTP,0,20110110,090907,5200,200
OTP,0,20110110,090907,5200,2000
OTP,0,20110110,090908,5200,7
OTP,0,20110110,090908,5200,100
OTP,0,20110110,090911,5200,52
EGIS,0,20110110,090915,20900,3
OTP,0,20110110,090917,5195,13
OTP,0,20110110,090917,5195,150
OTP,0,20110110,090919,5195,200
OTP,0,20110110,090920,5195,50
OTP,0,20110110,090920,5195,15
OTP,0,20110110,090921,5195,1572
EGIS,0,20110110,090922,20900,6
BUX1112,0,20110110,090924,22751,1
BUX1112,0,20110110,090928,22751,4
OTP,0,20110110,090931,5195,65
OTP,0,20110110,090931,5195,59
OTP,0,20110110,090931,5195,500
BUX1112,0,20110110,090933,22751,5
BUX1112,0,20110110,090937,22751,1
OTP,0,20110110,090937,5192,45
OTP,0,20110110,090937,5192,100
OTP,0,20110110,090937,5191,100
OTP,0,20110110,090937,5191,508
OTP,0,20110110,090937,5191,20
OTP,0,20110110,090937,5191,51
OTP,0,20110110,090937,5191,176
OTP,0,20110110,090938,5191,824
OTP,0,20110110,090938,5191,176
OTP,0,20110110,090938,5191,4824
OTP,0,20110110,090938,5190,50
OTP,0,20110110,090938,5190,20
OTP,0,20110110,090938,5190,68
OTP,0,20110110,090938,5190,100
OTP,0,20110110,090938,5190,66
RICHTER,0,20110110,090941,43850,10
OTP,0,20110110,090943,5190,66
MOL,0,20110110,090944,21345,50
MOL,0,20110110,090944,21345,40
MOL,0,20110110,090945,21345,10
MOL,0,20110110,090945,21305,28
MOL,0,20110110,090945,21305,102
OTP,0,20110110,090947,5190,50
OTP,0,20110110,090951,5188,900
OTP,0,20110110,090951,5185,16
OTP,0,20110110,090951,5185,15
OTP,0,20110110,090951,5182,25
OTP,0,20110110,090951,5181,115
OTP,0,20110110,090951,5181,1929
OTP,0,20110110,090951,5181,71
OTP,0,20110110,090951,5180,80
OTP,0,20110110,090951,5180,49
OTP,0,20110110,090951,5180,118
OTP,0,20110110,090951,5180,229
OTP,0,20110110,090951,5180,3
OTP,0,20110110,090951,5180,6
OTP,0,20110110,090951,5180,100
OTP,0,20110110,090951,5180,462
BUX1112,0,20110110,090956,22750,2
BUX1112,0,20110110,091004,22742,1
BUX1112,0,20110110,091004,22741,4
BUX1112,0,20110110,091004,22740,5
BUX1112,0,20110110,091004,22738,1
BUX1112,0,20110110,091004,22730,1
OTP,0,20110110,091005,5183,15
OTP,0,20110110,091006,5183,30
OTP,0,20110110,091006,5188,2
MOL,0,20110110,091011,21305,8
MOL,0,20110110,091011,21305,14
MOL,0,20110110,091011,21305,100
MOL,0,20110110,091011,21305,100
MOL,0,20110110,091011,21300,278
OTP,0,20110110,091013,5188,100
BUX1112,0,20110110,091015,22731,30
OTP,0,20110110,091020,5185,12
BUX1112,0,20110110,091021,22730,5
BUX1112,0,20110110,091021,22730,15
BUX1112,0,20110110,091023,22731,2
OTP,0,20110110,091025,5185,6
ANY,0,20110110,091026,760,4
MOL,0,20110110,091030,21300,20
BUX1112,0,20110110,091034,22731,28
OTP,0,20110110,091036,5184,50
OTP,0,20110110,091036,5183,155
OTP,0,20110110,091036,5180,308
OTP,0,20110110,091036,5180,25
OTP,0,20110110,091036,5180,462
OTP,0,20110110,091042,5180,40
OTP,0,20110110,091050,5187,48
OTP,0,20110110,091050,5180,361
OTP,0,20110110,091050,5180,50
OTP,0,20110110,091050,5180,100
OTP,0,20110110,091051,5180,200
MOL,0,20110110,091051,21300,2
MOL,0,20110110,091051,21300,198
RICHTER,0,20110110,091051,43850,8
RICHTER,0,20110110,091051,43795,30
RICHTER,0,20110110,091051,43750,282
RICHTER,0,20110110,091051,43750,14
RICHTER,0,20110110,091051,43750,4
MOL,0,20110110,091051,21300,2
MOL,0,20110110,091051,21300,100
MOL,0,20110110,091051,21300,14
MOL,0,20110110,091051,21300,54
BUX1112,0,20110110,091052,22735,20
BUX1112,0,20110110,091052,22735,20
OTP,0,20110110,091055,5180,241
OTP,0,20110110,091056,5188,50
RICHTER,0,20110110,091100,43750,2
OTP,0,20110110,091106,5185,200
OTP,0,20110110,091108,5185,800
PANNERGY,0,20110110,091111,898,70
PANNERGY,0,20110110,091111,896,200
PANNERGY,0,20110110,091111,896,200
OTP,0,20110110,091116,5181,12
OTP,0,20110110,091117,5185,200
MOL,0,20110110,091120,21280,32
MOL,0,20110110,091120,21260,40
BUX1112,0,20110110,091125,22735,1
BUX1112,0,20110110,091131,22725,1
OTP,0,20110110,091139,5185,2
BUX1112,0,20110110,091143,22725,3
BUX1112,0,20110110,091146,22735,1
BUX1112,0,20110110,091146,22725,6
BUX1112,0,20110110,091149,22735,2
MOL,0,20110110,091150,21280,318
MOL,0,20110110,091150,21300,30
MOL,0,20110110,091150,21300,180
MOL,0,20110110,091150,21300,50
OTP,0,20110110,091152,5185,26
OTP,0,20110110,091153,5187,50
OTP,0,20110110,091153,5190,1877
OTP,0,20110110,091153,5190,73
BUX1112,0,20110110,091153,22726,1
OTP,0,20110110,091154,5185,100
RFV,0,20110110,091201,8150,10
OTP,0,20110110,091202,5189,900
OTP,0,20110110,091202,5190,927
OTP,0,20110110,091202,5190,1000
OTP,0,20110110,091206,5190,100
OTP,0,20110110,091206,5190,900
BUX1112,0,20110110,091206,22735,16
BUX1112,0,20110110,091206,22735,1
OTP,0,20110110,091207,5190,600
OTP,0,20110110,091208,5190,50
BUX1112,0,20110110,091209,22726,1
BUX1112,0,20110110,091209,22725,48
BUX1112,0,20110110,091209,22723,1
BUX1112,0,20110110,091211,22726,5
OTP,0,20110110,091212,5186,100
OTP,0,20110110,091212,5185,672
OTP,0,20110110,091212,5185,28
OTP,0,20110110,091212,5185,17
OTP,0,20110110,091212,5185,200
OTP,0,20110110,091212,5185,100
OTP,0,20110110,091212,5185,533
OTP,0,20110110,091212,5190,950
OTP,0,20110110,091213,5190,517
OTP,0,20110110,091217,5185,783
OTP,0,20110110,091217,5190,580
RICHTER,0,20110110,091217,43715,15
RICHTER,0,20110110,091217,43715,16
RICHTER,0,20110110,091217,43725,16
RICHTER,0,20110110,091217,43725,15
OTP,0,20110110,091219,5190,200
MTELEKOM,0,20110110,091219,546,374
MTELEKOM,0,20110110,091219,545,110
MTELEKOM,0,20110110,091219,545,523
BUX1112,0,20110110,091223,22730,25
OTP,0,20110110,091223,5186,174
BUX1112,0,20110110,091225,22730,8
BUX1112,0,20110110,091225,22730,40
OTP,0,20110110,091227,5189,100
ORC,0,20110110,091228,2055,6
SYNERGON,0,20110110,091230,482,80
SYNERGON,0,20110110,091230,481,45
BUX1112,0,20110110,091231,22731,5
OTP,0,20110110,091235,5189,50
OTP,0,20110110,091239,5189,1500
OTP,0,20110110,091240,5189,300
OTP,0,20110110,091241,5189,100
OTP,0,20110110,091242,5189,73
MTELEKOM,0,20110110,091243,545,807
OTP,0,20110110,091251,5188,50
BUX1112,0,20110110,091252,22745,10
OTP,0,20110110,091254,5188,105
OTP,0,20110110,091254,5189,45
MTELEKOM,0,20110110,091255,545,670
MTELEKOM,0,20110110,091255,545,68
MTELEKOM,0,20110110,091255,545,400
MTELEKOM,0,20110110,091255,545,200
MTELEKOM,0,20110110,091255,545,439
OTP,0,20110110,091256,5186,200
OTP,0,20110110,091301,5189,32
OTP,0,20110110,091301,5190,3423
OTP,0,20110110,091301,5198,50
BUX1112,0,20110110,091304,22745,5
BUX1112,0,20110110,091304,22745,1
BUX1112,0,20110110,091305,22745,9
BUX1112,0,20110110,091305,22748,5
BUX1112,0,20110110,091305,22749,1
BUX1112,0,20110110,091305,22750,1
BUX1112,0,20110110,091305,22750,20
BUX1112,0,20110110,091308,22750,10
BUX1112,0,20110110,091319,22755,3
OTP,0,20110110,091331,5191,600
OTP,0,20110110,091331,5190,600
OTP,0,20110110,091331,5190,670
OTP,0,20110110,091331,5190,930
RICHTER,0,20110110,091332,43750,4
BUX1112,0,20110110,091334,22750,4
OTP,0,20110110,091339,5198,50
MOL,0,20110110,091340,21305,150
OTP,0,20110110,091340,5190,1070
OTP,0,20110110,091340,5190,100
OTP,0,20110110,091340,5190,100
BUX1112,0,20110110,091344,22745,1
BUX1112,0,20110110,091344,22741,25
BUX1112,0,20110110,091344,22740,41
MOL,0,20110110,091344,21305,450
OTP,0,20110110,091344,5198,50
BUX1112,0,20110110,091349,22750,92
BUX1112,0,20110110,091353,22756,1
BUX1112,0,20110110,091402,22740,10
OTP,0,20110110,091403,5191,60
BUX1112,0,20110110,091404,22740,40
MOL,0,20110110,091405,21305,150
MOL,0,20110110,091405,21300,150
MOL,0,20110110,091407,21300,50
MTELEKOM,0,20110110,091411,545,561
MTELEKOM,0,20110110,091411,545,362
BUX1112,0,20110110,091427,22760,1
MOL,0,20110110,091437,21300,100
MOL,0,20110110,091437,21300,150
MOL,0,20110110,091437,21300,150
OTP,0,20110110,091441,5191,140
OTP,0,20110110,091441,5190,210
BUX1112,0,20110110,091449,22742,2
BUX1112,0,20110110,091449,22740,1
BUX1112,0,20110110,091454,22745,15
BUX1112,0,20110110,091458,22740,29
BUX1112,0,20110110,091503,22740,3
MOL,0,20110110,091506,21300,14
MOL,0,20110110,091506,21300,150
MOL,0,20110110,091506,21300,86
MOL,0,20110110,091508,21350,4
BUX1112,0,20110110,091510,22740,20
OTP,0,20110110,091511,5191,20
OTP,0,20110110,091511,5190,190
OTP,0,20110110,091511,5190,790
BUX1112,0,20110110,091513,22740,5
BUX1112,0,20110110,091517,22750,10
BUX1112,0,20110110,091517,22760,9
OTP,0,20110110,091518,5190,210
BUX1112,0,20110110,091521,22745,10
OTP,0,20110110,091521,5190,10
BUX1112,0,20110110,091527,22740,50
MOL,0,20110110,091529,21300,14
MOL,0,20110110,091529,21300,12
MOL,0,20110110,091529,21300,150
MOL,0,20110110,091529,21300,24
BUX1112,0,20110110,091534,22741,10
OTP,0,20110110,091536,5189,50
OTP,0,20110110,091545,5188,40
OTP,0,20110110,091545,5187,500
OTP,0,20110110,091545,5187,20
OTP,0,20110110,091545,5186,226
OTP,0,20110110,091545,5186,214
MTELEKOM,0,20110110,091545,545,60
BUX1112,0,20110110,091548,22738,3
BUX1112,0,20110110,091548,22738,20
BUX1112,0,20110110,091551,22738,20
OTP,0,20110110,091552,5188,5000
OTP,0,20110110,091554,5189,15
OTP,0,20110110,091555,5186,116
MOL,0,20110110,091557,21300,16
MOL,0,20110110,091557,21300,66
MOL,0,20110110,091557,21300,118
BUX1112,0,20110110,091557,22738,20
BUX1112,0,20110110,091558,22750,1
BUX1112,0,20110110,091600,22750,5
OTP,0,20110110,091601,5186,5
OTP,0,20110110,091604,5186,879
OTP,0,20110110,091604,5186,50
MOL,0,20110110,091606,21300,32
MOL,0,20110110,091606,21300,13
BUX1112,0,20110110,091615,22735,1
BUX1112,0,20110110,091615,22732,1
BUX1112,0,20110110,091615,22732,3
BUX1112,0,20110110,091615,22731,4
BUX1112,0,20110110,091615,22727,1
OTP,0,20110110,091622,5186,71
OTP,0,20110110,091622,5186,50
OTP,0,20110110,091622,5185,20
OTP,0,20110110,091622,5185,10
OTP,0,20110110,091622,5185,600
OTP,0,20110110,091623,5185,100
OTP,0,20110110,091629,5185,149
OTP,0,20110110,091633,5185,200
MOL,0,20110110,091635,21305,13
MOL,0,20110110,091635,21300,237
OTP,0,20110110,091635,5185,251
OTP,0,20110110,091635,5185,25
BUX1112,0,20110110,091637,22736,1
BUX1112,0,20110110,091637,22735,50
OTP,0,20110110,091639,5185,224
MOL,0,20110110,091652,21300,10
MOL,0,20110110,091652,21300,50
MOL,0,20110110,091652,21300,240
ZWACK,0,20110110,091653,12550,1
MOL,0,20110110,091654,21300,5
BUX1112,0,20110110,091654,22731,2
OTP,0,20110110,091658,5188,10
MTELEKOM,0,20110110,091659,545,578
MTELEKOM,0,20110110,091659,545,922
BUX1112,0,20110110,091659,22748,1
BUX1112,0,20110110,091659,22748,2
MOL,0,20110110,091659,21300,44
MTELEKOM,0,20110110,091700,545,21
BUX1112,0,20110110,091702,22749,1
OTP,0,20110110,091706,5188,10
OTP,0,20110110,091706,5188,250
BUX1112,0,20110110,091709,22732,20
MOL,0,20110110,091712,21300,196
BUX1112,0,20110110,091713,22740,30
MOL,0,20110110,091716,21300,12
OTP,0,20110110,091719,5188,100
OTP,0,20110110,091720,5188,20
OTP,0,20110110,091724,5188,610
MOL,0,20110110,091724,21300,173
BUX1112,0,20110110,091725,22750,5
BUX1112,0,20110110,091725,22750,1
BUX1112,0,20110110,091728,22750,2
BUX1112,0,20110110,091729,22750,4
BUX1112,0,20110110,091729,22750,8
MOL,0,20110110,091731,21300,59
OTP,0,20110110,091733,5189,100
MOL,0,20110110,091741,21300,8
MOL,0,20110110,091741,21300,292
OTP,0,20110110,091743,5189,50
OTP,0,20110110,091745,5189,1259
BUX1112,0,20110110,091745,22750,6
BUX1112,0,20110110,091745,22759,1
MTELEKOM,0,20110110,091753,545,1000
PANNERGY,0,20110110,091800,896,100
PANNERGY,0,20110110,091800,895,1000
OTP,0,20110110,091801,5189,26
OTP,0,20110110,091801,5189,400
OTP,0,20110110,091801,5189,500
OTP,0,20110110,091801,5189,1000
OTP,0,20110110,091801,5190,1238
OTP,0,20110110,091801,5190,1000
OTP,0,20110110,091801,5190,836
PANNERGY,0,20110110,091804,890,300
PANNERGY,0,20110110,091804,890,60
PANNERGY,0,20110110,091804,890,540
MOL,0,20110110,091805,21300,8
MOL,0,20110110,091805,21300,280
MOL,0,20110110,091805,21300,12
MTELEKOM,0,20110110,091805,546,400
MTELEKOM,0,20110110,091805,546,138
MOL,0,20110110,091805,21300,2
OTP,0,20110110,091807,5190,50
MTELEKOM,0,20110110,091807,545,2700
OTP,0,20110110,091810,5190,2114
MOL,0,20110110,091813,21300,52
MOL,0,20110110,091813,21300,79
OTP,0,20110110,091816,5190,886
OTP,0,20110110,091816,5190,114
OTP,0,20110110,091820,5191,170
OTP,0,20110110,091821,5194,20
MOL,0,20110110,091822,21300,114
MOL,0,20110110,091829,21300,186
MOL,0,20110110,091829,21300,242
MTELEKOM,0,20110110,091829,546,1072
MTELEKOM,0,20110110,091829,546,594
MTELEKOM,0,20110110,091829,546,64
OTP,0,20110110,091830,5194,50
ZWACK,0,20110110,091831,12500,7
BUX1112,0,20110110,091834,22750,4
OTP,0,20110110,091837,5190,186
OTP,0,20110110,091837,5190,100
OTP,0,20110110,091837,5190,20
OTP,0,20110110,091837,5190,59
OTP,0,20110110,091842,5190,50
OTP,0,20110110,091850,5190,85
OTP,0,20110110,091850,5194,15
BUX1112,0,20110110,091855,22758,1
BUX1112,0,20110110,091903,22758,1
BUX1112,0,20110110,091903,22751,5
BUX1112,0,20110110,091903,22751,10
BUX1112,0,20110110,091903,22750,14
OTP,0,20110110,091903,5190,10
BUX1112,0,20110110,091904,22750,3
OTP,0,20110110,091913,5190,190
OTP,0,20110110,091913,5190,20
OTP,0,20110110,091921,5190,45
BUX1112,0,20110110,091937,22751,10
BUX1112,0,20110110,091937,22751,50
BUX1112,0,20110110,091937,22750,29
BUX1112,0,20110110,091937,22750,50
OTP,0,20110110,091941,5189,85
OTP,0,20110110,091941,5189,100
OTP,0,20110110,091949,5188,90
OTP,0,20110110,091949,5185,176
OTP,0,20110110,091949,5185,178
OTP,0,20110110,091949,5185,100
OTP,0,20110110,091949,5185,13
OTP,0,20110110,091949,5185,385
OTP,0,20110110,091949,5185,150
OTP,0,20110110,091953,5185,75
OTP,0,20110110,091954,5185,200
PHYLAXIA,0,20110110,091956,45,50
PHYLAXIA,0,20110110,091956,44,950
EGIS,0,20110110,091958,20900,6
BUX1112,0,20110110,092002,22750,20
BUX1112,0,20110110,092002,22760,30
MOL,0,20110110,092005,21380,34
MOL,0,20110110,092007,21380,26
MOL,0,20110110,092007,21380,8
BUX1112,0,20110110,092007,22760,3
BUX1112,0,20110110,092007,22760,15
OTP,0,20110110,092007,5185,600
BUX1112,0,20110110,092007,22760,15
EGIS,0,20110110,092009,20900,128
BUX1112,0,20110110,092010,22760,17
OTP,0,20110110,092016,5185,33
OTP,0,20110110,092016,5189,67
MTELEKOM,0,20110110,092016,547,1500
MTELEKOM,0,20110110,092016,547,500
MTELEKOM,0,20110110,092020,547,300
OTP,0,20110110,092021,5185,13
OTP,0,20110110,092021,5184,37
RICHTER,0,20110110,092033,43750,7
OTP,0,20110110,092038,5189,748
OTP,0,20110110,092038,5190,235
OTP,0,20110110,092038,5190,1000
OTP,0,20110110,092038,5190,40
OTP,0,20110110,092038,5190,1000
OTP,0,20110110,092038,5194,215
OTP,0,20110110,092038,5194,850
OTP,0,20110110,092038,5194,30
OTP,0,20110110,092038,5196,750
OTP,0,20110110,092038,5196,25
OTP,0,20110110,092038,5196,2000
OTP,0,20110110,092038,5197,10
OTP,0,20110110,092038,5197,1256
OTP,0,20110110,092038,5197,960
OTP,0,20110110,092040,5189,100
OTP,0,20110110,092041,5184,40
OTP,0,20110110,092050,5184,5
PHYLAXIA,0,20110110,092058,46,100
OTP,0,20110110,092102,5195,25
OTP,0,20110110,092113,5190,2000
OTP,0,20110110,092113,5190,500
OTP,0,20110110,092125,5190,200
BUX1112,0,20110110,092126,22750,2
OTP,0,20110110,092136,5191,40
RICHTER,0,20110110,092141,43760,16
OTP,0,20110110,092141,5190,300
OTP,0,20110110,092142,5190,200
OTP,0,20110110,092144,5190,50
MOL,0,20110110,092149,21310,8
BUX1112,0,20110110,092149,22750,20
OTP,0,20110110,092154,5190,100
BUX1112,0,20110110,092208,22750,2
RICHTER,0,20110110,092210,43755,18
MTELEKOM,0,20110110,092228,548,886
MTELEKOM,0,20110110,092228,548,27
MTELEKOM,0,20110110,092228,548,100
MTELEKOM,0,20110110,092228,548,337
RICHTER,0,20110110,092229,43760,9
RICHTER,0,20110110,092229,43760,14
OTP,0,20110110,092235,5190,200
BUX1112,0,20110110,092235,22750,3
OTP,0,20110110,092238,5190,50
OTP,0,20110110,092238,5190,1000
OTP,0,20110110,092249,5190,150
BUX1112,0,20110110,092249,22750,4
OTP,0,20110110,092253,5190,800
BUX1112,0,20110110,092302,22750,2
MOL,0,20110110,092305,21345,47
MTELEKOM,0,20110110,092305,548,163
OTP,0,20110110,092312,5190,200
ZWACK,0,20110110,092314,12500,3
OTP,0,20110110,092317,5189,50
OTP,0,20110110,092317,5187,65
OTP,0,20110110,092317,5185,20
OTP,0,20110110,092317,5185,100
OTP,0,20110110,092317,5185,600
OTP,0,20110110,092317,5185,383
MTELEKOM,0,20110110,092318,549,5000
MTELEKOM,0,20110110,092318,549,2000
FREESOFT,0,20110110,092338,2000,100
OTP,0,20110110,092342,5190,100
OTP,0,20110110,092342,5190,20
OTP,0,20110110,092342,5190,90
MOL,0,20110110,092355,21345,3
MOL,0,20110110,092355,21345,29
MOL,0,20110110,092355,21345,8
GENESIS,0,20110110,092356,227,300
OTP,0,20110110,092410,5194,255
OTP,0,20110110,092410,5195,130
PHYLAXIA,0,20110110,092411,44,1
FOTEX,0,20110110,092416,385,260
OTP,0,20110110,092423,5190,33
OTP,0,20110110,092423,5190,100
OTP,0,20110110,092423,5190,20
BUX1112,0,20110110,092430,22750,1
OTP,0,20110110,092431,5190,16
MTELEKOM,0,20110110,092434,550,100
MTELEKOM,0,20110110,092434,550,952
MTELEKOM,0,20110110,092434,550,1000
MTELEKOM,0,20110110,092434,550,2000
OTP,0,20110110,092439,5190,234
MOL,0,20110110,092439,21345,3
BUX1112,0,20110110,092502,22750,2
RFV,0,20110110,092503,8200,1
MOL,0,20110110,092505,21345,3
OTP,0,20110110,092509,5190,200
MOL,0,20110110,092509,21345,1
OTP,0,20110110,092511,5190,15
BUX1112,0,20110110,092512,22746,5
BUX1112,0,20110110,092512,22746,3
BUX1112,0,20110110,092512,22743,2
OTP,0,20110110,092513,5190,138
OTP,0,20110110,092514,5186,100
OTP,0,20110110,092514,5185,117
OTP,0,20110110,092514,5185,22
MOL,0,20110110,092517,21320,1
RICHTER,0,20110110,092524,43800,14
OTP,0,20110110,092524,5186,111
OTP,0,20110110,092527,5189,150
OTP,0,20110110,092529,5189,100
OTP,0,20110110,092553,5189,30
MOL,0,20110110,092602,21345,35
OTP,0,20110110,092611,5189,100
MOL,0,20110110,092619,21320,4
MOL,0,20110110,092619,21320,49
MOL,0,20110110,092619,21320,62
MOL,0,20110110,092619,21320,77
OTP,0,20110110,092620,5189,120
OTP,0,20110110,092620,5189,1880
MOL,0,20110110,092621,21320,8
MOL,0,20110110,092621,21350,500
MOL,0,20110110,092621,21350,27
OTP,0,20110110,092622,5189,120
OTP,0,20110110,092622,5190,880
MOL,0,20110110,092626,21320,67
RICHTER,0,20110110,092627,43850,4
RICHTER,0,20110110,092627,43850,13
OTP,0,20110110,092628,5190,1033
OTP,0,20110110,092628,5190,400
OTP,0,20110110,092628,5190,106
OTP,0,20110110,092635,5190,200
MOL,0,20110110,092637,21320,67
MOL,0,20110110,092637,21310,2
MOL,0,20110110,092637,21310,55
MOL,0,20110110,092637,21305,3
MOL,0,20110110,092637,21305,100
MOL,0,20110110,092637,21300,245
MOL,0,20110110,092637,21300,228
MTELEKOM,0,20110110,092641,549,1000
MTELEKOM,0,20110110,092641,549,500
MOL,0,20110110,092647,21300,122
MOL,0,20110110,092647,21300,10
MOL,0,20110110,092647,21300,168
RICHTER,0,20110110,092654,43850,4
RICHTER,0,20110110,092654,43850,12
MOL,0,20110110,092704,21350,8
BUX1112,0,20110110,092705,22746,1
BUX1112,0,20110110,092705,22746,3
BUX1112,0,20110110,092705,22743,16
MTELEKOM,0,20110110,092711,549,500
MTELEKOM,0,20110110,092711,550,5000
MTELEKOM,0,20110110,092711,550,2500
MTELEKOM,0,20110110,092711,550,2000
MTELEKOM,0,20110110,092711,550,2000
MTELEKOM,0,20110110,092711,550,1000
MTELEKOM,0,20110110,092711,550,2500
MOL,0,20110110,092713,21305,200
MOL,0,20110110,092713,21300,100
MOL,0,20110110,092714,21300,272
BUX1112,0,20110110,092717,22743,2
BUX1112,0,20110110,092717,22740,3
OTP,0,20110110,092720,5194,180
BUX1112,0,20110110,092721,22740,2
MTELEKOM,0,20110110,092722,550,275
MTELEKOM,0,20110110,092724,550,10
OTP,0,20110110,092724,5194,150
OTP,0,20110110,092730,5193,15
OTP,0,20110110,092731,5193,69
MOL,0,20110110,092747,21300,47
MOL,0,20110110,092758,21300,65
RABA,0,20110110,092759,820,5
BUX1112,0,20110110,092802,22749,4
BUX1112,0,20110110,092813,22740,6
MOL,0,20110110,092816,21300,50
ECONET,0,20110110,092839,90,3
OTP,0,20110110,092846,5193,16
OTP,0,20110110,092855,5194,170
OTP,0,20110110,092855,5195,830
MTELEKOM,0,20110110,092906,549,100
MOL,0,20110110,092911,21300,83
MOL,0,20110110,092924,21300,17
MOL,0,20110110,092924,21300,79
OTP,0,20110110,092924,5195,15
MOL,0,20110110,092932,21300,150
MOL,0,20110110,093003,21300,4
MOL,0,20110110,093003,21300,246
MOL,0,20110110,093005,21345,36
OTP,0,20110110,093005,5197,20
OTP,0,20110110,093009,5195,15
MOL,0,20110110,093010,21345,19
MOL,0,20110110,093010,21345,18
MOL,0,20110110,093011,21300,4
MOL,0,20110110,093012,21300,146
RICHTER,0,20110110,093013,43895,3
RICHTER,0,20110110,093013,43895,17
RICHTER,0,20110110,093013,43895,24
OTP,0,20110110,093015,5197,655
RICHTER,0,20110110,093015,43850,1
RFV,0,20110110,093015,8155,5
RFV,0,20110110,093015,8155,18
ANY,0,20110110,093016,759,500
EGIS,0,20110110,093031,20900,5
OTP,0,20110110,093032,5197,186
MOL,0,20110110,093037,21300,100
ETFBUXOTP,0,20110110,093037,927,21200
EGIS,0,20110110,093039,20950,1
MTELEKOM,0,20110110,093039,549,500
MTELEKOM,0,20110110,093039,549,1000
MTELEKOM,0,20110110,093039,549,400
MTELEKOM,0,20110110,093039,549,2550
MTELEKOM,0,20110110,093039,550,141
OTP,0,20110110,093039,5197,139
OTP,0,20110110,093039,5198,988
MOL,0,20110110,093039,21345,23
MOL,0,20110110,093039,21345,81
MOL,0,20110110,093039,21350,173
RICHTER,0,20110110,093039,43895,1
RICHTER,0,20110110,093039,43900,87
OTP,0,20110110,093052,5198,12
OTP,0,20110110,093052,5198,40
OTP,0,20110110,093052,5198,248
OTP,0,20110110,093107,5198,75
OTP,0,20110110,093118,5198,85
OTP,0,20110110,093118,5199,1000
OTP,0,20110110,093118,5199,1000
OTP,0,20110110,093118,5199,3941
OTP,0,20110110,093118,5199,59
OTP,0,20110110,093118,5200,3915
OTP,0,20110110,093118,5200,926
OTP,0,20110110,093118,5200,13
OTP,0,20110110,093118,5200,61
OTP,0,20110110,093118,5200,60
OTP,0,20110110,093118,5200,50
OTP,0,20110110,093118,5200,200
OTP,0,20110110,093120,5200,629
OTP,0,20110110,093120,5200,4
OTP,0,20110110,093120,5200,44
OTP,0,20110110,093120,5200,4323
ECONET,0,20110110,093121,91,137
FHB,0,20110110,093121,970,123
FOTEX,0,20110110,093121,387,120
PANNERGY,0,20110110,093121,905,60
RABA,0,20110110,093121,825,48
RFV,0,20110110,093121,8199,6
TVK,0,20110110,093121,3490,6
BUX1112,0,20110110,093123,22749,1
PANNERGY,0,20110110,093125,899,200
OTP,0,20110110,093127,5200,50
OTP,0,20110110,093130,5200,627
OTP,0,20110110,093130,5200,2
BUX1112,0,20110110,093131,22749,2
BUX1112,0,20110110,093132,22740,2
BUX1112,0,20110110,093132,22749,8
BUX1112,0,20110110,093132,22749,1
BUX1112,0,20110110,093132,22750,11
RICHTER,0,20110110,093133,43900,13
MTELEKOM,0,20110110,093151,549,100
MOL,0,20110110,093152,21300,4
MOL,0,20110110,093152,21300,96
MOL,0,20110110,093153,21310,4000
BUX1112,0,20110110,093159,22750,5
MOL,0,20110110,093204,21305,2200
BUX1112,0,20110110,093205,22741,2
BUX1112,0,20110110,093205,22740,1
OTP,0,20110110,093205,5201,1
OTP,0,20110110,093207,5201,399
OTP,0,20110110,093207,5200,371
OTP,0,20110110,093207,5200,230
FHB,0,20110110,093208,970,62
OTP,0,20110110,093216,5200,270
OTP,0,20110110,093216,5200,50
OTP,0,20110110,093216,5200,1000
OTP,0,20110110,093216,5200,20
OTP,0,20110110,093216,5200,20
OTP,0,20110110,093216,5200,100
OTP,0,20110110,093216,5200,200
OTP,0,20110110,093216,5200,340
OTP,0,20110110,093216,5200,160
OTP,0,20110110,093216,5200,20
MOL,0,20110110,093218,21300,110
BUX1112,0,20110110,093219,22740,1
BUX1112,0,20110110,093219,22740,6
BUX1112,0,20110110,093219,22740,10
BUX1112,0,20110110,093219,22740,15
MOL,0,20110110,093220,21300,44
MOL,0,20110110,093220,21300,52
OTP,0,20110110,093224,5198,160
OTP,0,20110110,093224,5198,400
OTP,0,20110110,093224,5198,50
MOL,0,20110110,093225,21300,225
BUX1112,0,20110110,093226,22737,1
BUX1112,0,20110110,093226,22737,1
BUX1112,0,20110110,093226,22737,2
BUX1112,0,20110110,093226,22733,5
BUX1112,0,20110110,093226,22732,11
BUX1112,0,20110110,093226,22730,1
BUX1112,0,20110110,093228,22749,20
BUX1112,0,20110110,093228,22750,80
MTELEKOM,0,20110110,093230,549,400
MTELEKOM,0,20110110,093230,549,2000
OTP,0,20110110,093233,5198,231
EGIS,0,20110110,093236,21005,32
MOL,0,20110110,093237,21300,458
MTELEKOM,0,20110110,093240,549,1000
OTP,0,20110110,093241,5198,200
OTP,0,20110110,093243,5193,200
OTP,0,20110110,093246,5198,50
OTP,0,20110110,093248,5198,8
OTP,0,20110110,093256,5198,19
OTP,0,20110110,093257,5197,160
MTELEKOM,0,20110110,093300,549,200
MTELEKOM,0,20110110,093300,549,1800
BUX1112,0,20110110,093301,22730,1
OTP,0,20110110,093306,5193,84
OTP,0,20110110,093306,5192,210
OTP,0,20110110,093306,5192,500
OTP,0,20110110,093306,5191,28
OTP,0,20110110,093306,5191,100
OTP,0,20110110,093306,5191,200
OTP,0,20110110,093306,5190,261
OTP,0,20110110,093306,5190,400
OTP,0,20110110,093306,5190,15
OTP,0,20110110,093306,5190,100
OTP,0,20110110,093306,5190,20
OTP,0,20110110,093306,5190,39
OTP,0,20110110,093306,5190,25
OTP,0,20110110,093306,5190,18
BUX1112,0,20110110,093306,22730,2
BUX1112,0,20110110,093310,22730,2
BUX1112,0,20110110,093311,22725,5
BUX1112,0,20110110,093311,22725,2
BUX1112,0,20110110,093311,22723,1
BUX1112,0,20110110,093311,22722,1
BUX1112,0,20110110,093311,22720,2
BUX1112,0,20110110,093311,22720,2
BUX1112,0,20110110,093311,22720,5
BUX1112,0,20110110,093311,22720,2
BUX1112,0,20110110,093311,22720,1
BUX1112,0,20110110,093311,22720,1
MOL,0,20110110,093314,21300,458
ECONET,0,20110110,093315,91,69
MOL,0,20110110,093316,21300,192
OTP,0,20110110,093318,5195,140
OTP,0,20110110,093318,5197,560
MOL,0,20110110,093319,21300,42
MOL,0,20110110,093322,21300,66
OTP,0,20110110,093327,5190,482
OTP,0,20110110,093327,5190,200
MOL,0,20110110,093330,21300,28
MTELEKOM,0,20110110,093331,549,2000
BUX1112,0,20110110,093335,22715,1
BUX1112,0,20110110,093335,22713,5
MOL,0,20110110,093338,21300,172
MOL,0,20110110,093338,21300,428
MTELEKOM,0,20110110,093348,549,7500
MTELEKOM,0,20110110,093348,549,1414
MOL,0,20110110,093357,21300,30
MOL,0,20110110,093357,21300,70
MOL,0,20110110,093412,21300,30
MOL,0,20110110,093412,21300,70
BUX1112,0,20110110,093413,22713,1
BUX1112,0,20110110,093414,22716,1
MOL,0,20110110,093415,21305,80
MOL,0,20110110,093415,21305,141
MOL,0,20110110,093427,21300,50
RICHTER,0,20110110,093429,43855,3
BUX1112,0,20110110,093439,22713,1
ZWACK,0,20110110,093446,12500,1
BUX1112,0,20110110,093447,22715,5
BUX1112,0,20110110,093450,22730,1
OTP,0,20110110,093451,5194,20
OTP,0,20110110,093451,5195,50
MOL,0,20110110,093456,21300,24
BUX1112,0,20110110,093502,22730,14
BUX1112,0,20110110,093502,22730,36
RICHTER,0,20110110,093504,43855,2
MOL,0,20110110,093506,21320,2
MOL,0,20110110,093506,21320,35
OTP,0,20110110,093522,5192,6
MOL,0,20110110,093552,21320,361
MOL,0,20110110,093552,21300,101
MOL,0,20110110,093552,21300,300
MOL,0,20110110,093555,21300,99
MOL,0,20110110,093556,21320,26
OTP,0,20110110,093601,5192,94
OTP,0,20110110,093601,5191,25
OTP,0,20110110,093601,5190,49
OTP,0,20110110,093601,5190,170
OTP,0,20110110,093601,5190,500
OTP,0,20110110,093601,5190,100
OTP,0,20110110,093601,5190,400
OTP,0,20110110,093601,5190,5
OTP,0,20110110,093601,5190,190
OTP,0,20110110,093601,5190,328
OTP,0,20110110,093601,5190,139
MOL,0,20110110,093602,21320,50
OTP,0,20110110,093608,5190,839
OTP,0,20110110,093608,5190,150
OTP,0,20110110,093608,5190,1000
OTP,0,20110110,093611,5190,11
RABA,0,20110110,093616,821,24
RABA,0,20110110,093616,820,276
OTP,0,20110110,093625,5191,50
MOL,0,20110110,093631,21310,100
MOL,0,20110110,093631,21310,2
OTP,0,20110110,093631,5194,100
OTP,0,20110110,093631,5194,300
MOL,0,20110110,093641,21320,124
MTELEKOM,0,20110110,093647,548,400
OTP,0,20110110,093648,5194,15
MOL,0,20110110,093658,21305,100
BUX1112,0,20110110,093658,22730,4
BUX1112,0,20110110,093706,22733,5
RFV,0,20110110,093716,8170,3
RFV,0,20110110,093716,8155,2
RFV,0,20110110,093716,8151,5
BUX1112,0,20110110,093719,22733,8
BUX1112,0,20110110,093727,22733,7
BUX1112,0,20110110,093727,22730,1
BUX1112,0,20110110,093727,22730,2
BUX1112,0,20110110,093727,22725.5,10
BUX1112,0,20110110,093727,22721.5,1
BUX1112,0,20110110,093727,22721,4
RICHTER,0,20110110,093753,43855,1
RICHTER,0,20110110,093753,43855,30
RICHTER,0,20110110,093753,43855,50
RICHTER,0,20110110,093753,43850,33
RICHTER,0,20110110,093753,43800,100
RICHTER,0,20110110,093801,43770,50
RICHTER,0,20110110,093801,43765,40
BUX1112,0,20110110,093802,22721,11
BUX1112,0,20110110,093802,22721,5
BUX1112,0,20110110,093802,22719,1
BUX1112,0,20110110,093802,22716,2
BUX1112,0,20110110,093802,22715,1
BUX1112,0,20110110,093802,22715,5
RICHTER,0,20110110,093809,43760,1
RICHTER,0,20110110,093809,43755,2
RICHTER,0,20110110,093809,43750,5
RICHTER,0,20110110,093809,43735,34
RICHTER,0,20110110,093809,43710,6
RICHTER,0,20110110,093809,43705,200
RICHTER,0,20110110,093809,43700,85
RICHTER,0,20110110,093809,43700,5
RICHTER,0,20110110,093809,43700,10
MOL,0,20110110,093816,21305,57
MOL,0,20110110,093816,21305,45
MOL,0,20110110,093816,21300,5
OTP,0,20110110,093819,5194,10
OTP,0,20110110,093821,5191,39
OTP,0,20110110,093821,5191,9
MTELEKOM,0,20110110,093827,547,2290
MOL,0,20110110,093830,21300,50
OTP,0,20110110,093835,5194,67
OTP,0,20110110,093835,5195,50
BUX1112,0,20110110,093846,22730,1
MOL,0,20110110,093901,21300,199
MOL,0,20110110,093901,21300,1
OTP,0,20110110,093903,5197,280
OTP,0,20110110,093903,5197,720
OTP,0,20110110,093904,5195,73
OTP,0,20110110,093904,5191,16
OTP,0,20110110,093904,5191,100
OTP,0,20110110,093904,5190,726
OTP,0,20110110,093909,5197,8
ECONET,0,20110110,093919,90,277
ECONET,0,20110110,093919,90,299723
ORC,0,20110110,093930,2055,5
RICHTER,0,20110110,093937,43655,26
RICHTER,0,20110110,093937,43655,12
RICHTER,0,20110110,093937,43660,4
BUX1112,0,20110110,093940,22730,2
OTP,0,20110110,093942,5197,1
EGIS,0,20110110,093945,20900,11
EGIS,0,20110110,093945,20900,1
ZWACK,0,20110110,093947,12500,5
ZWACK,0,20110110,093947,12550,99
ZWACK,0,20110110,093947,12645,10
ZWACK,0,20110110,093947,12650,100
ZWACK,0,20110110,093947,12650,36
BUX1112,0,20110110,093948,22730,2
BUX1112,0,20110110,093948,22730,3
BUX1112,0,20110110,093948,22730,5
OTP,0,20110110,093951,5197,271
OTP,0,20110110,093951,5199,100
OTP,0,20110110,093951,5199,1492
OTP,0,20110110,093951,5200,1000
OTP,0,20110110,093951,5200,2000
OTP,0,20110110,093951,5200,3000
OTP,0,20110110,093951,5200,25
OTP,0,20110110,093951,5200,1000
RICHTER,0,20110110,093951,43660,12
EGIS,0,20110110,093956,20900,14
RICHTER,0,20110110,094004,43650,1
RICHTER,0,20110110,094004,43650,10
MOL,0,20110110,094004,21345,37
MOL,0,20110110,094007,21300,250
RICHTER,0,20110110,094009,43610,18
RICHTER,0,20110110,094010,43610,6
BUX1112,0,20110110,094011,22730,5
BUX1112,0,20110110,094011,22730,5
BUX1112,0,20110110,094016,22743.5,2
BUX1112,0,20110110,094016,22744,10
BUX1112,0,20110110,094016,22746,2
OTP,0,20110110,094018,5191,12
OTP,0,20110110,094026,5205,16
BUX1112,0,20110110,094035,22749,5
BUX1112,0,20110110,094102,22750,1
MOL,0,20110110,094112,21300,5
MTELEKOM,0,20110110,094113,547,85
MTELEKOM,0,20110110,094113,547,520
MTELEKOM,0,20110110,094113,547,500
MTELEKOM,0,20110110,094113,547,100
MTELEKOM,0,20110110,094113,547,95
PANNERGY,0,20110110,094116,898,650
RABA,0,20110110,094123,820,85
MTELEKOM,0,20110110,094137,548,155
OTP,0,20110110,094142,5191,10
MTELEKOM,0,20110110,094148,547,500
MTELEKOM,0,20110110,094148,547,500
BUX1112,0,20110110,094149,22746,1
RICHTER,0,20110110,094149,43660,10
OTP,0,20110110,094150,5195,2000
BUX1112,0,20110110,094155,22746,6
OTP,0,20110110,094207,5194,200
GENESIS,0,20110110,094212,226,100
GENESIS,0,20110110,094212,225,849
GENESIS,0,20110110,094212,223,450
GENESIS,0,20110110,094212,223,601
BUX1112,0,20110110,094220,22750,1
BUX1112,0,20110110,094220,22750,8
BUX1112,0,20110110,094230,22746,5
BUX1112,0,20110110,094230,22750,2
BUX1112,0,20110110,094230,22760,20
BUX1112,0,20110110,094230,22760,23
MOL,0,20110110,094256,21310,77
MOL,0,20110110,094256,21315,30
RICHTER,0,20110110,094257,43660,8
RICHTER,0,20110110,094257,43660,2
GENESIS,0,20110110,094309,230,30
HUMET,0,20110110,094346,10,2500
ORC,0,20110110,094357,2050,15
MOL,0,20110110,094412,21300,10
MOL,0,20110110,094435,21300,200
ANY,0,20110110,094440,757,300
RICHTER,0,20110110,094441,43620,7
RICHTER,0,20110110,094451,43620,5
ANY,0,20110110,094500,753,124
MOL,0,20110110,094506,21310,31
MOL,0,20110110,094506,21310,7
MTELEKOM,0,20110110,094510,548,59
MOL,0,20110110,094520,21305,73
MOL,0,20110110,094520,21305,196
RICHTER,0,20110110,094520,43615,4
RICHTER,0,20110110,094520,43615,12
OTP,0,20110110,094523,5199,50
OTP,0,20110110,094523,5199,179
MOL,0,20110110,094529,21310,5
BUX1112,0,20110110,094537,22745,8
BUX1112,0,20110110,094544,22745,2
RICHTER,0,20110110,094551,43620,14
RICHTER,0,20110110,094551,43620,26
RICHTER,0,20110110,094551,43620,26
MOL,0,20110110,094602,21310,8
OTP,0,20110110,094613,5197,100
MOL,0,20110110,094626,21310,2
BUX1112,0,20110110,094645,22745,10
BUX1112,0,20110110,094645,22745,20
RICHTER,0,20110110,094650,43620,60
RICHTER,0,20110110,094650,43615,9
RICHTER,0,20110110,094650,43615,18
OTP,0,20110110,094658,5197,20
OTP,0,20110110,094658,5196,180
ZWACK,0,20110110,094717,12625,100
ZWACK,0,20110110,094729,12645,10
ZWACK,0,20110110,094733,12650,64
MOL,0,20110110,094758,21305,54
MOL,0,20110110,094758,21305,6
MOL,0,20110110,094759,21305,21
MOL,0,20110110,094759,21305,15
OTP,0,20110110,094800,5196,820
OTP,0,20110110,094800,5195,180
OTP,0,20110110,094802,5195,15
OTP,0,20110110,094810,5195,5
OTP,0,20110110,094810,5195,18
OTP,0,20110110,094810,5195,40
OTP,0,20110110,094810,5195,337
MOL,0,20110110,094818,21305,34
MOL,0,20110110,094818,21300,20
MOL,0,20110110,094820,21300,14
MOL,0,20110110,094820,21300,2
OTP,0,20110110,094828,5195,25
BUX1112,0,20110110,094845,22733,3
OTP,0,20110110,094849,5196,15
OTP,0,20110110,094919,5196,50
OTP,0,20110110,094923,5195,500
BUX1112,0,20110110,094928,22732,3
BUX1112,0,20110110,094928,22732,1
OTP,0,20110110,094937,5195,138
OTP,0,20110110,094937,5195,10
OTP,0,20110110,094937,5195,100
KEG,0,20110110,094941,138,840
KEG,0,20110110,094941,138,130
OTP,0,20110110,094945,5193,50
OTP,0,20110110,094945,5193,100
MTELEKOM,0,20110110,094959,547,1000
MTELEKOM,0,20110110,094959,547,3000
RICHTER,0,20110110,095004,43630,4
MOL,0,20110110,095004,21310,24
MOL,0,20110110,095004,21310,13
RICHTER,0,20110110,095028,43750,20
OTP,0,20110110,095047,5191,226
OTP,0,20110110,095101,5192,50
OTP,0,20110110,095103,5192,100
MOL,0,20110110,095107,21305,13
BUX1112,0,20110110,095116,22730,16
OTP,0,20110110,095123,5192,50
OTP,0,20110110,095140,5192,95
OTP,0,20110110,095140,5192,345
PANNERGY,0,20110110,095157,899,200
MOL,0,20110110,095200,21305,15
MTELEKOM,0,20110110,095206,547,1000
MOL,0,20110110,095213,21300,17
PANNERGY,0,20110110,095236,900,90
MOL,0,20110110,095242,21305,44
MOL,0,20110110,095242,21305,71
MOL,0,20110110,095242,21305,10
BUX1112,0,20110110,095248,22726,1
MTELEKOM,0,20110110,095253,548,341
MTELEKOM,0,20110110,095253,548,659
BUX1112,0,20110110,095257,22725,2
BUX1112,0,20110110,095257,22722.5,1
BUX1112,0,20110110,095257,22722,10
PANNERGY,0,20110110,095306,902,500
PANNERGY,0,20110110,095306,904,100
PANNERGY,0,20110110,095306,905,810
GENESIS,0,20110110,095309,227,570
GENESIS,0,20110110,095309,227,430
RICHTER,0,20110110,095343,43640,26
MTELEKOM,0,20110110,095355,548,107
MTELEKOM,0,20110110,095355,548,185
MTELEKOM,0,20110110,095355,549,31
MTELEKOM,0,20110110,095355,549,2000
MTELEKOM,0,20110110,095355,549,1000
MTELEKOM,0,20110110,095355,549,1000
MTELEKOM,0,20110110,095355,549,1000
MTELEKOM,0,20110110,095355,550,4849
MTELEKOM,0,20110110,095355,550,2000
MTELEKOM,0,20110110,095355,550,3000
MTELEKOM,0,20110110,095355,550,200
MTELEKOM,0,20110110,095355,550,1000
MTELEKOM,0,20110110,095355,550,1000
MTELEKOM,0,20110110,095355,550,75
MTELEKOM,0,20110110,095355,550,5000
MTELEKOM,0,20110110,095355,550,5000
MTELEKOM,0,20110110,095355,550,4000
MTELEKOM,0,20110110,095355,550,500
MTELEKOM,0,20110110,095355,550,1100
MTELEKOM,0,20110110,095355,550,5000
RICHTER,0,20110110,095358,43645,15
RICHTER,0,20110110,095358,43645,25
RICHTER,0,20110110,095358,43645,18
RICHTER,0,20110110,095358,43650,8
MTELEKOM,0,20110110,095400,550,11953
OTP,0,20110110,095405,5193,20
OTP,0,20110110,095405,5192,50
OTP,0,20110110,095405,5192,280
OTP,0,20110110,095405,5192,190
OTP,0,20110110,095405,5191,252
OTP,0,20110110,095405,5191,208
BUX1112,0,20110110,095425,22730,1
OTP,0,20110110,095434,5191,542
OTP,0,20110110,095434,5191,459
OTP,0,20110110,095439,5191,3
RICHTER,0,20110110,095504,43640,3
MOL,0,20110110,095505,21320,5
MOL,0,20110110,095505,21320,32
OTP,0,20110110,095513,5191,40
OTP,0,20110110,095524,5194,50
OTP,0,20110110,095524,5194,50
OTP,0,20110110,095531,5194,24
OTP,0,20110110,095544,5194,80
RABA,0,20110110,095549,820,240
MOL,0,20110110,095554,21320,7
MOL,0,20110110,095554,21320,42
BUX1112,0,20110110,095610,22733,2
BUX1112,0,20110110,095610,22740,8
OTP,0,20110110,095620,5194,346
OTP,0,20110110,095620,5194,331
MOL,0,20110110,095622,21305,20
TVK,0,20110110,095632,3490,3
OTP,0,20110110,095632,5192,30
KEG,0,20110110,095640,137,769
KEG,0,20110110,095640,137,190
KEG,0,20110110,095640,137,365
KEG,0,20110110,095640,137,1000
MTELEKOM,0,20110110,095655,547,1200
MTELEKOM,0,20110110,095655,547,200
MTELEKOM,0,20110110,095655,547,328
MTELEKOM,0,20110110,095655,547,272
LINAMAR,0,20110110,095655,2570,150
OTP,0,20110110,095731,5192,170
OTP,0,20110110,095731,5192,750
OTP,0,20110110,095731,5191,498
OTP,0,20110110,095731,5191,1000
OTP,0,20110110,095731,5190,274
OTP,0,20110110,095731,5190,1000
OTP,0,20110110,095731,5190,1000
OTP,0,20110110,095731,5190,63
OTP,0,20110110,095731,5190,629
OTP,0,20110110,095731,5190,70
OTP,0,20110110,095731,5190,20
OTP,0,20110110,095731,5190,120
OTP,0,20110110,095731,5190,2406
RICHTER,0,20110110,095731,43640,1
OTP,0,20110110,095735,5190,1721
MOL,0,20110110,095738,21310,45
OTP,0,20110110,095744,5190,79
OTP,0,20110110,095754,5191,200
RICHTER,0,20110110,095759,43630,10
BUX1112,0,20110110,095802,22740,5
BUX1112,0,20110110,095802,22749,10
BUX1112,0,20110110,095802,22750,15
BUX1112,0,20110110,095802,22750,1
GENESIS,0,20110110,095804,223,99
GENESIS,0,20110110,095804,223,266
MOL,0,20110110,095804,21310,23
MOL,0,20110110,095804,21310,33
MOL,0,20110110,095804,21310,27
OTP,0,20110110,095812,5197,96
BUX1112,0,20110110,095812,22750,3
BUX1112,0,20110110,095823,22750,3
BUX1112,0,20110110,095824,22750,1
HUMET,0,20110110,095827,9,7000
MOL,0,20110110,095839,21345,23
MOL,0,20110110,095839,21350,120
MOL,0,20110110,095843,21305,2608
OTP,0,20110110,095848,5193,8
OTP,0,20110110,095850,5197,100
OTP,0,20110110,095907,5197,31
RICHTER,0,20110110,095912,43635,16
RICHTER,0,20110110,095912,43635,14
RICHTER,0,20110110,095912,43635,18
RICHTER,0,20110110,095912,43635,25
RICHTER,0,20110110,095912,43635,11
OTP,0,20110110,095914,5198,422
OTP,0,20110110,095914,5198,250
OTP,0,20110110,095914,5199,458
OTP,0,20110110,095914,5199,400
OTP,0,20110110,095914,5200,1000
OTP,0,20110110,095914,5200,1000
OTP,0,20110110,095914,5200,470
OTP,0,20110110,095914,5200,20
OTP,0,20110110,095917,5200,9
OTP,0,20110110,095917,5200,501
OTP,0,20110110,095917,5200,1000
MOL,0,20110110,095922,21350,10
OTP,0,20110110,095923,5205,2
OTP,0,20110110,095927,5200,9
OTP,0,20110110,095927,5200,1510
OTP,0,20110110,095933,5200,481
BUX1112,0,20110110,095947,22755,1
BUX1112,0,20110110,095947,22756,20
BUX1112,0,20110110,095947,22759.5,1
BUX1112,0,20110110,095947,22760,20
BUX1112,0,20110110,095947,22770,1
BUX1112,0,20110110,095947,22774,1
BUX1112,0,20110110,095947,22784,1
OTP,0,20110110,095958,5200,61
OTP,0,20110110,095958,5200,603
OTP,0,20110110,095958,5200,50
OTP,0,20110110,095958,5200,192
OTP,0,20110110,100001,5200,94
RFV,0,20110110,100004,8150,10
RFV,0,20110110,100004,8150,10
RICHTER,0,20110110,100004,43635,1
MOL,0,20110110,100004,21350,37
OTP,0,20110110,100006,5200,106
OTP,0,20110110,100006,5200,94
OTP,0,20110110,100009,5200,800
OTP,0,20110110,100016,5200,800
OTP,0,20110110,100016,5200,4
OTP,0,20110110,100016,5200,96
OTP,0,20110110,100016,5200,100
OTP,0,20110110,100022,5200,10
OTP,0,20110110,100022,5200,90
OTP,0,20110110,100022,5200,910
OTP,0,20110110,100028,5200,290
MOL,0,20110110,100053,21345,38
MOL,0,20110110,100053,21345,12
MOL,0,20110110,100104,21345,5
RICHTER,0,20110110,100116,43700,5
OTP,0,20110110,100117,5200,710
OTP,0,20110110,100117,5200,317
MTELEKOM,0,20110110,100128,548,1000
MTELEKOM,0,20110110,100131,548,259
MTELEKOM,0,20110110,100131,548,79
OTP,0,20110110,100158,5201,1000
OTP,0,20110110,100158,5201,2000
OTP,0,20110110,100158,5201,100
OTP,0,20110110,100159,5205,22
OTP,0,20110110,100159,5205,28
FOTEX,0,20110110,100207,386,176
FOTEX,0,20110110,100207,387,39
OTP,0,20110110,100212,5205,11
MOL,0,20110110,100235,21350,333
MOL,0,20110110,100235,21350,98
MOL,0,20110110,100235,21350,69
MOL,0,20110110,100239,21350,23
MOL,0,20110110,100239,21350,63
MOL,0,20110110,100239,21350,66
OTP,0,20110110,100243,5202,155
OTP,0,20110110,100243,5202,215
MOL,0,20110110,100251,21350,455
MTELEKOM,0,20110110,100257,548,462
MTELEKOM,0,20110110,100257,548,272
MTELEKOM,0,20110110,100257,548,2166
MTELEKOM,0,20110110,100257,548,170
MTELEKOM,0,20110110,100257,548,535
MTELEKOM,0,20110110,100259,548,1233
OTP,0,20110110,100300,5205,200
MOL,0,20110110,100305,21360,1
MOL,0,20110110,100305,21360,26
MTELEKOM,0,20110110,100319,549,5000
MTELEKOM,0,20110110,100319,549,1138
MTELEKOM,0,20110110,100320,548,861
MOL,0,20110110,100329,21360,152
MOL,0,20110110,100329,21360,48
RICHTER,0,20110110,100336,43700,3
RICHTER,0,20110110,100336,43700,15
RICHTER,0,20110110,100336,43700,9
RICHTER,0,20110110,100336,43785,20
RICHTER,0,20110110,100336,43800,786
OTP,0,20110110,100336,5205,100
BUX1112,0,20110110,100338,22765,2
BUX1112,0,20110110,100343,22761,1
OTP,0,20110110,100357,5202,115
KEG,0,20110110,100406,138,335
OTP,0,20110110,100436,5203,200
OTP,0,20110110,100436,5203,159
OTP,0,20110110,100436,5202,1200
OTP,0,20110110,100436,5201,1000
OTP,0,20110110,100436,5200,2441
OTP,0,20110110,100437,5205,561
OTP,0,20110110,100437,5205,100
OTP,0,20110110,100437,5205,129
PHYLAXIA,0,20110110,100444,44,574
MTELEKOM,0,20110110,100503,549,370
RICHTER,0,20110110,100504,43700,11
MOL,0,20110110,100504,21360,17
MOL,0,20110110,100504,21360,20
OTP,0,20110110,100523,5205,20
MOL,0,20110110,100524,21360,115
MOL,0,20110110,100544,21370,10
RFV,0,20110110,100559,8150,27
OTP,0,20110110,100600,5204,100
OTP,0,20110110,100600,5205,54
OTP,0,20110110,100600,5205,846
OTP,0,20110110,100601,5205,154
BUX1112,0,20110110,100601,22763,10
BUX1112,0,20110110,100605,22763,13
BUX1112,0,20110110,100605,22762,23
BUX1112,0,20110110,100605,22761,20
BUX1112,0,20110110,100605,22760,50
BUX1112,0,20110110,100605,22760,50
BUX1112,0,20110110,100611,22760,4
BUX1112,0,20110110,100611,22779,1
OTP,0,20110110,100639,5207,330
MOL,0,20110110,100648,21390,100
MOL,0,20110110,100648,21390,64
MOL,0,20110110,100648,21395,10
MOL,0,20110110,100648,21400,18
OTP,0,20110110,100652,5206,500
OTP,0,20110110,100652,5206,107
OTP,0,20110110,100652,5205,276
OTP,0,20110110,100652,5205,117
MOL,0,20110110,100702,21400,232
MOL,0,20110110,100702,21400,38
MTELEKOM,0,20110110,100739,549,4630
MTELEKOM,0,20110110,100739,549,1185
RICHTER,0,20110110,100754,43700,39
RICHTER,0,20110110,100754,43700,10
OTP,0,20110110,100802,5205,85
OTP,0,20110110,100802,5205,170
OTP,0,20110110,100802,5205,200
RICHTER,0,20110110,100813,43695,16
RICHTER,0,20110110,100813,43700,4
MTELEKOM,0,20110110,100815,549,60
MTELEKOM,0,20110110,100815,549,310
RICHTER,0,20110110,100818,43700,47
RICHTER,0,20110110,100818,43700,16
RICHTER,0,20110110,100818,43700,26
MTELEKOM,0,20110110,100827,549,1400
RICHTER,0,20110110,100832,43700,1
RICHTER,0,20110110,100832,43700,34
OTP,0,20110110,100833,5205,400
MTELEKOM,0,20110110,100835,549,290
MTELEKOM,0,20110110,100835,549,110
MTELEKOM,0,20110110,100839,548,14301
MTELEKOM,0,20110110,100839,548,2564
MTELEKOM,0,20110110,100839,548,1733
MTELEKOM,0,20110110,100839,548,80000
OTP,0,20110110,100841,5205,145
MTELEKOM,0,20110110,100842,548,1603
MTELEKOM,0,20110110,100842,548,7326
MTELEKOM,0,20110110,100842,548,3811
MTELEKOM,0,20110110,100848,548,1557
OTP,0,20110110,100849,5205,355
OTP,0,20110110,100849,5205,407
MTELEKOM,0,20110110,100851,548,1802
OTP,0,20110110,100854,5205,30
MTELEKOM,0,20110110,100855,548,10000
BUX1112,0,20110110,100855,22779,1
MTELEKOM,0,20110110,100904,548,2026
MTELEKOM,0,20110110,100909,548,500
MTELEKOM,0,20110110,100910,548,2558
MTELEKOM,0,20110110,100914,548,1253
OTP,0,20110110,100917,5205,208
OTP,0,20110110,100917,5205,291
BUX1112,0,20110110,100917,22765,5
MTELEKOM,0,20110110,100923,548,1503
MTELEKOM,0,20110110,100923,548,1402
MTELEKOM,0,20110110,100925,548,4518
BUX1112,0,20110110,100926,22765,5
OTP,0,20110110,100926,5205,501
MTELEKOM,0,20110110,100928,548,1173
RICHTER,0,20110110,100931,43700,65
RICHTER,0,20110110,100931,43700,25
MTELEKOM,0,20110110,100931,548,754
MTELEKOM,0,20110110,100938,548,650
MOL,0,20110110,100938,21400,1
MOL,0,20110110,100938,21400,45
RICHTER,0,20110110,101004,43670,7
MOL,0,20110110,101004,21400,18
MOL,0,20110110,101004,21400,19
OTP,0,20110110,101024,5205,250
MTELEKOM,0,20110110,101029,548,4350
MTELEKOM,0,20110110,101029,548,1583
MTELEKOM,0,20110110,101029,548,924
MTELEKOM,0,20110110,101029,548,1187
EGIS,0,20110110,101055,20850,82
EGIS,0,20110110,101109,20850,24
OTP,0,20110110,101123,5205,249
OTP,0,20110110,101135,5208,542
OTP,0,20110110,101135,5208,758
MTELEKOM,0,20110110,101142,549,100
GENESIS,0,20110110,101144,222,500
MOL,0,20110110,101146,21395,25
OTP,0,20110110,101148,5208,242
OTP,0,20110110,101148,5208,1000
OTP,0,20110110,101148,5209,2000
OTP,0,20110110,101148,5210,279
OTP,0,20110110,101148,5210,100
OTP,0,20110110,101153,5210,911
OTP,0,20110110,101153,5210,1000
OTP,0,20110110,101153,5210,1002
OTP,0,20110110,101153,5210,2
OTP,0,20110110,101157,5210,1462
OTP,0,20110110,101201,5210,496
EGIS,0,20110110,101210,20850,2
RABA,0,20110110,101210,820,100
MOL,0,20110110,101230,21395,18
MOL,0,20110110,101230,21395,36
OTP,0,20110110,101236,5206,180
OTP,0,20110110,101236,5206,219
OTP,0,20110110,101236,5205,643
OTP,0,20110110,101241,5205,108
OTP,0,20110110,101241,5205,19
MOL,0,20110110,101245,21360,30
MOL,0,20110110,101245,21360,20
OTP,0,20110110,101320,5203,1000
OTP,0,20110110,101320,5203,454
OTP,0,20110110,101320,5203,172
OTP,0,20110110,101320,5202,100
OTP,0,20110110,101320,5202,274
OTP,0,20110110,101320,5205,100
BUX1112,0,20110110,101328,22761,1
OTP,0,20110110,101338,5202,726
OTP,0,20110110,101338,5202,50
OTP,0,20110110,101338,5202,200
OTP,0,20110110,101338,5202,24
OTP,0,20110110,101345,5205,273
OTP,0,20110110,101345,5205,127
OTP,0,20110110,101346,5202,362
OTP,0,20110110,101346,5201,56
OTP,0,20110110,101346,5201,400
OTP,0,20110110,101346,5200,40
OTP,0,20110110,101346,5200,100
OTP,0,20110110,101346,5200,90
OTP,0,20110110,101346,5200,2952
OTP,0,20110110,101349,5200,2048
OTP,0,20110110,101349,5200,100
OTP,0,20110110,101349,5200,126
OTP,0,20110110,101349,5200,300
OTP,0,20110110,101349,5200,2200
OTP,0,20110110,101349,5200,1150
OTP,0,20110110,101351,5200,2000
OTP,0,20110110,101352,5205,100
OTP,0,20110110,101353,5200,30
OTP,0,20110110,101356,5199,205
OTP,0,20110110,101356,5199,795
OTP,0,20110110,101357,5200,2970
OTP,0,20110110,101358,5199,669
OTP,0,20110110,101358,5199,807
OTP,0,20110110,101359,5199,574
RICHTER,0,20110110,101401,43700,50
OTP,0,20110110,101401,5205,67
OTP,0,20110110,101404,5200,221
OTP,0,20110110,101408,5200,485
OTP,0,20110110,101431,5201,2000
OTP,0,20110110,101439,5201,111
OTP,0,20110110,101446,5205,200
OTP,0,20110110,101449,5205,78
OTP,0,20110110,101449,5205,12
RABA,0,20110110,101500,820,215
RICHTER,0,20110110,101504,43680,1
MOL,0,20110110,101504,21380,17
MTELEKOM,0,20110110,101506,548,200
OTP,0,20110110,101522,5201,139
OTP,0,20110110,101522,5201,874
OTP,0,20110110,101522,5200,2515
OTP,0,20110110,101522,5200,5000
OTP,0,20110110,101522,5200,172
OTP,0,20110110,101533,5200,935
BUX1112,0,20110110,101537,22765,3
RICHTER,0,20110110,101543,43680,1
OTP,0,20110110,101546,5200,365
OTP,0,20110110,101546,5200,2635
BUX1112,0,20110110,101547,22765,1
OTP,0,20110110,101548,5200,11
FHB,0,20110110,101548,969,84
MOL,0,20110110,101556,21380,5
OTP,0,20110110,101601,5200,100
BUX1112,0,20110110,101603,22765,1
RICHTER,0,20110110,101608,43680,1
RICHTER,0,20110110,101608,43680,11
RICHTER,0,20110110,101608,43680,25
RICHTER,0,20110110,101608,43680,25
RICHTER,0,20110110,101608,43685,14
RICHTER,0,20110110,101608,43685,26
RICHTER,0,20110110,101608,43700,50
OTP,0,20110110,101611,5200,20
OTP,0,20110110,101626,5198,72
OTP,0,20110110,101626,5198,28
BUX1112,0,20110110,101630,22765,5
BUX1112,0,20110110,101630,22765,10
BUX1112,0,20110110,101630,22760,5
MOL,0,20110110,101632,21365,39
OTP,0,20110110,101633,5198,1400
MOL,0,20110110,101645,21370,40
OTP,0,20110110,101650,5199,1519
MTELEKOM,0,20110110,101653,548,1756
MTELEKOM,0,20110110,101653,548,500
EGIS,0,20110110,101701,20850,29
BUX1112,0,20110110,101703,22768,1
BUX1112,0,20110110,101703,22769,1
RICHTER,0,20110110,101705,43700,100
OTP,0,20110110,101712,5198,36
OTP,0,20110110,101712,5197,384
OTP,0,20110110,101712,5196,27
OTP,0,20110110,101712,5195,70
OTP,0,20110110,101712,5195,3000
OTP,0,20110110,101712,5195,2000
OTP,0,20110110,101713,5195,83
OTP,0,20110110,101713,5199,117
OTP,0,20110110,101714,5199,50
OTP,0,20110110,101724,5199,314
OTP,0,20110110,101724,5199,263
OTP,0,20110110,101732,5199,20
OTP,0,20110110,101742,5199,19
GENESIS,0,20110110,101751,222,500
GENESIS,0,20110110,101751,222,403
BUX1112,0,20110110,101755,22780,1
BUX1112,0,20110110,101755,22780,1
PHYLAXIA,0,20110110,101800,44,91
OTP,0,20110110,101800,5198,50
OTP,0,20110110,101800,5198,50
BUX1112,0,20110110,101803,22780,48
BUX1112,0,20110110,101804,22765,5
OTP,0,20110110,101831,5193,50
OTP,0,20110110,101831,5193,1875
OTP,0,20110110,101831,5192,1000
OTP,0,20110110,101831,5192,75
OTP,0,20110110,101842,5197,15
OTP,0,20110110,101845,5193,1000
BUX1112,0,20110110,101845,22765,5
BUX1112,0,20110110,101845,22760,3
BUX1112,0,20110110,101845,22757,2
BUX1112,0,20110110,101845,22756,5
BUX1112,0,20110110,101845,22751,2
BUX1112,0,20110110,101845,22751,10
BUX1112,0,20110110,101845,22750,12
BUX1112,0,20110110,101845,22750,1
OTP,0,20110110,101901,5197,100
RICHTER,0,20110110,101906,43700,30
BUX1112,0,20110110,101919,22750,1
MOL,0,20110110,101938,21370,20
MOL,0,20110110,101938,21370,36
MOL,0,20110110,101938,21370,59
BUX1112,0,20110110,101941,22750,20
OTP,0,20110110,101952,5196,40
OTP,0,20110110,101952,5196,296
BUX1112,0,20110110,101956,22750,5
BUX1112,0,20110110,101958,22741.5,1
RICHTER,0,20110110,102004,43675,8
MOL,0,20110110,102004,21395,5
OTP,0,20110110,102018,5195,267
OTP,0,20110110,102036,5195,333
OTP,0,20110110,102036,5195,167
EGIS,0,20110110,102040,20850,28
BUX1112,0,20110110,102049,22741.5,1
BUX1112,0,20110110,102049,22741,2
BUX1112,0,20110110,102052,22740,17
MOL,0,20110110,102059,21395,32
OTP,0,20110110,102108,5197,583
OTP,0,20110110,102108,5197,617
ECONET,0,20110110,102115,90,277
ECONET,0,20110110,102115,90,723
BUX1112,0,20110110,102116,22750,21
BUX1112,0,20110110,102119,22750,10
BUX1112,0,20110110,102120,22750,3
BUX1112,0,20110110,102120,22750,5
OTP,0,20110110,102124,5195,104
OTP,0,20110110,102141,5192,125
OTP,0,20110110,102141,5192,66
OTP,0,20110110,102143,5195,396
OTP,0,20110110,102143,5195,604
OTP,0,20110110,102150,5195,310
MOL,0,20110110,102156,21395,9
MOL,0,20110110,102156,21395,69
MOL,0,20110110,102156,21395,57
MOL,0,20110110,102156,21400,20
OTP,0,20110110,102158,5195,86
OTP,0,20110110,102158,5195,414
HUMET,0,20110110,102201,9,600
BUX1112,0,20110110,102216,22733,2
OTP,0,20110110,102220,5195,86
OTP,0,20110110,102220,5195,500
OTP,0,20110110,102235,5197,100
KEG,0,20110110,102240,138,35
RFV,0,20110110,102247,8150,3
OTP,0,20110110,102249,5195,1414
OTP,0,20110110,102249,5195,86
MOL,0,20110110,102252,21425,5
MOL,0,20110110,102252,21425,15
OTP,0,20110110,102259,5196,100
OTP,0,20110110,102259,5195,14
OTP,0,20110110,102259,5195,10
OTP,0,20110110,102259,5195,356
OTP,0,20110110,102259,5195,20
OTP,0,20110110,102302,5197,500
OTP,0,20110110,102304,5197,19
ZWACK,0,20110110,102335,12650,100
MTELEKOM,0,20110110,102351,548,2644
RICHTER,0,20110110,102403,43680,25
RICHTER,0,20110110,102403,43680,12
RICHTER,0,20110110,102403,43680,24
RICHTER,0,20110110,102403,43680,25
RICHTER,0,20110110,102403,43680,25
RICHTER,0,20110110,102403,43680,15
RICHTER,0,20110110,102403,43700,70
BUX1112,0,20110110,102403,22734.5,1
BUX1112,0,20110110,102403,22734,1
OTP,0,20110110,102406,5195,180
OTP,0,20110110,102406,5195,139
OTP,0,20110110,102406,5195,681
MOL,0,20110110,102447,21445,19
OTP,0,20110110,102456,5197,1214
OTP,0,20110110,102456,5197,255
OTP,0,20110110,102456,5199,1000
OTP,0,20110110,102456,5199,1000
OTP,0,20110110,102456,5200,222
OTP,0,20110110,102456,5200,1309
OTP,0,20110110,102504,5200,691
OTP,0,20110110,102504,5200,1309
RICHTER,0,20110110,102505,43675,6
MOL,0,20110110,102507,21445,5
OTP,0,20110110,102510,5200,1000
OTP,0,20110110,102519,5199,1000
OTP,0,20110110,102519,5200,191
OTP,0,20110110,102519,5200,2500
OTP,0,20110110,102519,5200,309
OTP,0,20110110,102522,5200,691
MOL,0,20110110,102530,21445,32
OTP,0,20110110,102542,5201,1000
OTP,0,20110110,102552,5200,664
RICHTER,0,20110110,102603,43700,50
RICHTER,0,20110110,102603,43700,16
RICHTER,0,20110110,102603,43700,24
BUX1112,0,20110110,102627,22771.5,1
BUX1112,0,20110110,102627,22772,1
BUX1112,0,20110110,102627,22772,1
BUX1112,0,20110110,102627,22773,3
BUX1112,0,20110110,102627,22779,5
BUX1112,0,20110110,102627,22782,1
BUX1112,0,20110110,102634,22785,12
BUX1112,0,20110110,102639,22785,20
BUX1112,0,20110110,102640,22785,4
BUX1112,0,20110110,102640,22751,1
MOL,0,20110110,102708,21440,36
MOL,0,20110110,102708,21440,40
MOL,0,20110110,102708,21440,64
OTP,0,20110110,102803,5201,1000
OTP,0,20110110,102803,5201,400
OTP,0,20110110,102803,5201,3000
OTP,0,20110110,102803,5201,172
OTP,0,20110110,102803,5201,428
GENESIS,0,20110110,102809,225,51
PANNERGY,0,20110110,102810,903,200
PANNERGY,0,20110110,102810,903,300
EBGOLD,0,20110110,102810,2961,30
MOL,0,20110110,102811,21440,10
RICHTER,0,20110110,102828,43700,100
RICHTER,0,20110110,102828,43700,45
RICHTER,0,20110110,102828,43700,24
MOL,0,20110110,102839,21440,12
MOL,0,20110110,102839,21440,36
MOL,0,20110110,102843,21440,36
PANNERGY,0,20110110,102857,900,30
PANNERGY,0,20110110,102857,900,100
RICHTER,0,20110110,102901,43700,100
RICHTER,0,20110110,102914,43700,11
RICHTER,0,20110110,102914,43700,100
EGIS,0,20110110,102915,20830,14
RICHTER,0,20110110,102917,43700,89
RICHTER,0,20110110,102924,43700,6
MOL,0,20110110,102925,21400,45
MOL,0,20110110,102925,21400,6
GENESIS,0,20110110,102939,225,34
GENESIS,0,20110110,102939,225,70
RICHTER,0,20110110,102940,43700,5
RICHTER,0,20110110,102940,43700,100
RICHTER,0,20110110,102950,43700,100
BUX1112,0,20110110,102955,22761,5
RICHTER,0,20110110,102956,43700,100
RICHTER,0,20110110,102956,43700,100
RICHTER,0,20110110,103004,43675,12
MOL,0,20110110,103004,21405,8
EGIS,0,20110110,103005,20830,3
RICHTER,0,20110110,103005,43675,5
OTP,0,20110110,103016,5205,245
OTP,0,20110110,103016,5205,1000
MOL,0,20110110,103023,21405,48
MOL,0,20110110,103023,21405,30
OTP,0,20110110,103024,5205,755
OTP,0,20110110,103024,5205,154
RICHTER,0,20110110,103029,43700,100
RICHTER,0,20110110,103029,43700,24
RICHTER,0,20110110,103047,43700,100
MOL,0,20110110,103048,21410,57
MOL,0,20110110,103048,21410,85
MOL,0,20110110,103057,21410,54
RICHTER,0,20110110,103058,43700,100
RICHTER,0,20110110,103058,43700,100
OTP,0,20110110,103106,5203,14
OTP,0,20110110,103106,5201,50
OTP,0,20110110,103106,5201,50
OTP,0,20110110,103106,5200,1000
OTP,0,20110110,103119,5200,1886
OTP,0,20110110,103119,5200,1091
RICHTER,0,20110110,103119,43700,100
RICHTER,0,20110110,103124,43700,100
RICHTER,0,20110110,103125,43700,100
RICHTER,0,20110110,103126,43700,100
RICHTER,0,20110110,103126,43700,100
RICHTER,0,20110110,103127,43700,100
RICHTER,0,20110110,103138,43700,100
MOL,0,20110110,103203,21405,13
RICHTER,0,20110110,103205,43705,100
MOL,0,20110110,103207,21405,50
BUX1112,0,20110110,103212,22760,2
MTELEKOM,0,20110110,103218,549,1185
BUX1112,0,20110110,103220,22757,1
OTP,0,20110110,103228,5200,400
OTP,0,20110110,103229,5200,146
OTP,0,20110110,103233,5200,103
EGIS,0,20110110,103240,20830,13
EGIS,0,20110110,103240,20850,2
OTP,0,20110110,103247,5200,97
GENESIS,0,20110110,103247,225,496
OTP,0,20110110,103248,5200,903
OTP,0,20110110,103259,5200,1000
OTP,0,20110110,103306,5200,251
OTP,0,20110110,103306,5200,154
OTP,0,20110110,103327,5200,20
OTP,0,20110110,103344,5199,20
OTP,0,20110110,103352,5199,10
MTELEKOM,0,20110110,103355,548,1815
OTP,0,20110110,103429,5199,55
RICHTER,0,20110110,103432,43700,100
RICHTER,0,20110110,103433,43700,100
RICHTER,0,20110110,103433,43700,100
RICHTER,0,20110110,103434,43700,100
RICHTER,0,20110110,103435,43700,50
RICHTER,0,20110110,103441,43700,50
RICHTER,0,20110110,103441,43700,23
RICHTER,0,20110110,103444,43700,100
EGIS,0,20110110,103448,20850,31
MOL,0,20110110,103450,21410,36
MOL,0,20110110,103450,21405,59
MOL,0,20110110,103450,21405,32
MOL,0,20110110,103450,21405,36
MOL,0,20110110,103450,21400,17
OTP,0,20110110,103451,5196,37
RICHTER,0,20110110,103452,43700,27
BUX1112,0,20110110,103453,22757,1
RICHTER,0,20110110,103504,43675,5
MOL,0,20110110,103504,21425,11
OTP,0,20110110,103535,5196,50
OTP,0,20110110,103535,5196,28
OTP,0,20110110,103535,5196,72
RICHTER,0,20110110,103544,43700,73
RICHTER,0,20110110,103544,43700,24
RICHTER,0,20110110,103544,43700,16
RICHTER,0,20110110,103553,43700,100
RICHTER,0,20110110,103600,43700,100
RICHTER,0,20110110,103604,43700,100
RICHTER,0,20110110,103611,43700,12
RICHTER,0,20110110,103611,43700,100
MTELEKOM,0,20110110,103613,548,13
RICHTER,0,20110110,103618,43700,100
RICHTER,0,20110110,103620,43700,100
RICHTER,0,20110110,103621,43700,100
RICHTER,0,20110110,103627,43700,100
RICHTER,0,20110110,103627,43700,100
RICHTER,0,20110110,103637,43700,100
RICHTER,0,20110110,103637,43700,100
RICHTER,0,20110110,103645,43700,100
RICHTER,0,20110110,103645,43700,100
RICHTER,0,20110110,103656,43700,100
RICHTER,0,20110110,103656,43700,100
RICHTER,0,20110110,103658,43700,24
RICHTER,0,20110110,103704,43700,76
RICHTER,0,20110110,103704,43700,24
RICHTER,0,20110110,103706,43700,76
RICHTER,0,20110110,103706,43700,24
OTP,0,20110110,103708,5198,30
RICHTER,0,20110110,103710,43700,76
RICHTER,0,20110110,103710,43700,24
RICHTER,0,20110110,103738,43710,72
RICHTER,0,20110110,103738,43705,28
RICHTER,0,20110110,103740,43705,22
RICHTER,0,20110110,103740,43705,78
RICHTER,0,20110110,103740,43705,22
RICHTER,0,20110110,103740,43705,78
RICHTER,0,20110110,103742,43705,22
RICHTER,0,20110110,103742,43705,78
RICHTER,0,20110110,103759,43710,20
RICHTER,0,20110110,103759,43705,22
RICHTER,0,20110110,103759,43705,58
RICHTER,0,20110110,103802,43705,42
RICHTER,0,20110110,103802,43705,58
OTP,0,20110110,103817,5197,200
OTP,0,20110110,103824,5197,26
MOL,0,20110110,103828,21400,1
MOL,0,20110110,103828,21400,9
MOL,0,20110110,103828,21400,15
MTELEKOM,0,20110110,103841,548,1000
RICHTER,0,20110110,103914,43800,100
OTP,0,20110110,103939,5197,174
OTP,0,20110110,103939,5197,172
OTP,0,20110110,103939,5197,105
OTP,0,20110110,103939,5196,100
OTP,0,20110110,103939,5196,17
OTP,0,20110110,103939,5195,30
OTP,0,20110110,103939,5195,400
OTP,0,20110110,103939,5195,2
OTP,0,20110110,103951,5195,8
OTP,0,20110110,103951,5195,1000
OTP,0,20110110,103951,5195,100
OTP,0,20110110,103951,5195,100
OTP,0,20110110,103951,5195,322
MTELEKOM,0,20110110,103957,549,400
MTELEKOM,0,20110110,103957,549,330
RICHTER,0,20110110,103959,43710,3
RICHTER,0,20110110,103959,43700,47
RICHTER,0,20110110,104004,43700,5
RICHTER,0,20110110,104007,43700,50
MOL,0,20110110,104044,21405,53
MOL,0,20110110,104044,21405,23
MOL,0,20110110,104044,21405,42
MOL,0,20110110,104044,21405,52
MTELEKOM,0,20110110,104048,548,1000
RICHTER,0,20110110,104054,43700,74
RICHTER,0,20110110,104054,43700,26
RICHTER,0,20110110,104055,43700,24
MTELEKOM,0,20110110,104057,548,2000
OTP,0,20110110,104103,5191,45
OTP,0,20110110,104107,5191,55
OTP,0,20110110,104107,5191,25
RICHTER,0,20110110,104109,43700,2
SYNERGON,0,20110110,104129,485,90
SYNERGON,0,20110110,104129,488,31
SYNERGON,0,20110110,104129,489,79
OTP,0,20110110,104214,5195,205
OTP,0,20110110,104214,5195,795
OTP,0,20110110,104221,5195,100
PHYLAXIA,0,20110110,104223,45,10
OTP,0,20110110,104230,5192,100
PANNERGY,0,20110110,104237,900,50
PANNERGY,0,20110110,104237,900,60
MOL,0,20110110,104242,21405,8
OTP,0,20110110,104252,5195,100
BUX1112,0,20110110,104307,22750,1
BUX1112,0,20110110,104402,22750,1
EGIS,0,20110110,104403,20850,22
MOL,0,20110110,104425,21425,32
GENESIS,0,20110110,104425,227,403
GENESIS,0,20110110,104425,227,97
RICHTER,0,20110110,104433,43650,45
RICHTER,0,20110110,104433,43650,10
RICHTER,0,20110110,104433,43650,10
BUX1112,0,20110110,104458,22750,3
RICHTER,0,20110110,104504,43630,5
MOL,0,20110110,104504,21425,5
RICHTER,0,20110110,104508,43630,21
MOL,0,20110110,104511,21425,10
MTELEKOM,0,20110110,104540,548,1528
MTELEKOM,0,20110110,104540,548,305
MOL,0,20110110,104547,21425,4
MOL,0,20110110,104547,21425,54
MOL,0,20110110,104547,21445,144
MOL,0,20110110,104547,21445,45
MOL,0,20110110,104547,21445,20
EBGOLD,0,20110110,104556,2963,50
GENESIS,0,20110110,104603,227,400
ZWACK,0,20110110,104613,12650,30
RICHTER,0,20110110,104615,43630,24
RICHTER,0,20110110,104615,43615,2
RICHTER,0,20110110,104615,43615,1
RICHTER,0,20110110,104615,43605,13
ZWACK,0,20110110,104625,12650,20
RICHTER,0,20110110,104637,43615,12
MOL,0,20110110,104643,21445,49
MOL,0,20110110,104643,21450,40
MOL,0,20110110,104643,21450,2
TVK,0,20110110,104649,3465,2
TVK,0,20110110,104649,3465,100
TVK,0,20110110,104649,3460,88
OTP,0,20110110,104701,5193,100
OTP,0,20110110,104701,5193,283
OTP,0,20110110,104701,5193,172
OTP,0,20110110,104701,5193,145
MOL,0,20110110,104704,21460,500
MTELEKOM,0,20110110,104712,549,1547
RICHTER,0,20110110,104712,43605,37
RICHTER,0,20110110,104712,43600,63
RICHTER,0,20110110,104714,43600,100
RICHTER,0,20110110,104717,43600,60
RICHTER,0,20110110,104717,43600,4
RICHTER,0,20110110,104717,43600,36
MOL,0,20110110,104722,21465,1
MOL,0,20110110,104722,21465,216
MOL,0,20110110,104726,21470,32
RICHTER,0,20110110,104733,43600,2
RICHTER,0,20110110,104733,43605,9
RICHTER,0,20110110,104733,43605,2
RICHTER,0,20110110,104748,43605,14
RICHTER,0,20110110,104748,43605,23
RICHTER,0,20110110,104748,43605,11
RICHTER,0,20110110,104802,43605,4
MOL,0,20110110,104803,21465,33
MOL,0,20110110,104803,21465,34
MOL,0,20110110,104803,21465,36
MOL,0,20110110,104803,21465,79
MOL,0,20110110,104803,21465,36
FOTEX,0,20110110,104821,385,60
OTP,0,20110110,104828,5193,8
OTP,0,20110110,104828,5193,172
OTP,0,20110110,104828,5193,420
MOL,0,20110110,104829,21470,24
MTELEKOM,0,20110110,104835,549,123
MTELEKOM,0,20110110,104835,549,500
MTELEKOM,0,20110110,104835,549,5000
MTELEKOM,0,20110110,104835,550,15000
MTELEKOM,0,20110110,104835,550,7000
MTELEKOM,0,20110110,104835,550,3000
MTELEKOM,0,20110110,104835,550,15000
MTELEKOM,0,20110110,104835,550,2800
MTELEKOM,0,20110110,104835,550,500
MTELEKOM,0,20110110,104835,550,1000
MTELEKOM,0,20110110,104835,550,10000
MTELEKOM,0,20110110,104835,550,2000
RICHTER,0,20110110,104848,43610,11
RICHTER,0,20110110,104848,43610,23
RICHTER,0,20110110,104848,43610,22
RICHTER,0,20110110,104848,43610,23
MTELEKOM,0,20110110,104903,550,8000
OTP,0,20110110,104915,5193,12
MOL,0,20110110,104915,21470,152
MOL,0,20110110,104915,21470,49
FHB,0,20110110,104932,969,1
MTELEKOM,0,20110110,104933,550,5000
MTELEKOM,0,20110110,104933,550,5000
GENESIS,0,20110110,104937,227,203
GENESIS,0,20110110,104937,228,497
OTP,0,20110110,104944,5193,10
MOL,0,20110110,104949,21470,49
MOL,0,20110110,104949,21470,36
RICHTER,0,20110110,105004,43610,1
RICHTER,0,20110110,105004,43610,3
MOL,0,20110110,105004,21490,26
MOL,0,20110110,105004,21490,16
EGIS,0,20110110,105009,20845,4
MOL,0,20110110,105044,21470,29
MOL,0,20110110,105044,21425,21
ECONET,0,20110110,105106,91,10
MTELEKOM,0,20110110,105119,549,15842
EGIS,0,20110110,105136,20880,10
OTP,0,20110110,105146,5193,187
OTP,0,20110110,105146,5193,3
GENESIS,0,20110110,105153,228,1
GENESIS,0,20110110,105154,228,2
GENESIS,0,20110110,105154,228,120
GENESIS,0,20110110,105154,229,28
OTP,0,20110110,105156,5193,20
EGIS,0,20110110,105236,20885,17
MTELEKOM,0,20110110,105243,550,5000
MTELEKOM,0,20110110,105243,550,5000
OTP,0,20110110,105244,5192,100
OTP,0,20110110,105244,5192,94
OTP,0,20110110,105247,5193,50
MTELEKOM,0,20110110,105252,549,3888
RICHTER,0,20110110,105252,43610,6
RICHTER,0,20110110,105252,43605,12
MTELEKOM,0,20110110,105259,550,5000
FHB,0,20110110,105326,969,17
BUX1112,0,20110110,105326,22750,7
PHYLAXIA,0,20110110,105331,45,15578
GENESIS,0,20110110,105339,229,266
OTP,0,20110110,105340,5192,606
OTP,0,20110110,105340,5192,56
OTP,0,20110110,105340,5192,172
OTP,0,20110110,105340,5192,170
OTP,0,20110110,105340,5192,1000
OTP,0,20110110,105340,5192,140
OTP,0,20110110,105340,5191,1975
OTP,0,20110110,105340,5191,50
OTP,0,20110110,105340,5191,500
OTP,0,20110110,105340,5191,50
OTP,0,20110110,105340,5190,281
OTP,0,20110110,105343,5193,50
OTP,0,20110110,105401,5190,2000
OTP,0,20110110,105404,5190,369
OTP,0,20110110,105404,5190,115
OTP,0,20110110,105404,5190,516
OTP,0,20110110,105414,5190,1000
OTP,0,20110110,105415,5190,984
OTP,0,20110110,105415,5190,16
BUX1112,0,20110110,105417,22740,1
BUX1112,0,20110110,105417,22735.5,1
BUX1112,0,20110110,105417,22735,3
BUX1112,0,20110110,105417,22734,3
OTP,0,20110110,105422,5190,84
OTP,0,20110110,105422,5190,221
OTP,0,20110110,105422,5190,100
OTP,0,20110110,105422,5190,100
OTP,0,20110110,105422,5190,20
OTP,0,20110110,105422,5190,100
OTP,0,20110110,105422,5190,2000
OTP,0,20110110,105422,5190,172
OTP,0,20110110,105422,5190,203
BUX1112,0,20110110,105424,22730.5,2
BUX1112,0,20110110,105424,22730,2
BUX1112,0,20110110,105424,22730,21
OTP,0,20110110,105429,5190,700
OTP,0,20110110,105430,5193,20
OTP,0,20110110,105437,5190,260
OTP,0,20110110,105449,5190,40
OTP,0,20110110,105449,5190,81
OTP,0,20110110,105449,5190,122
BUX1112,0,20110110,105451,22730,5
MOL,0,20110110,105453,21470,49
OTP,0,20110110,105503,5190,28
MOL,0,20110110,105504,21490,4
RICHTER,0,20110110,105509,43605,5
BUX1112,0,20110110,105509,22730,1
MOL,0,20110110,105510,21490,132
MTELEKOM,0,20110110,105515,550,545
MTELEKOM,0,20110110,105515,550,562
MTELEKOM,0,20110110,105515,550,4655
BUX1112,0,20110110,105520,22746,1
RICHTER,0,20110110,105524,43610,22
RICHTER,0,20110110,105524,43610,13
RICHTER,0,20110110,105524,43610,22
RICHTER,0,20110110,105524,43610,22
RICHTER,0,20110110,105524,43610,11
MOL,0,20110110,105540,21495,15
OTP,0,20110110,105541,5193,25
OTP,0,20110110,105542,5193,101
OTP,0,20110110,105550,5190,100
OTP,0,20110110,105550,5190,20
OTP,0,20110110,105550,5190,380
RICHTER,0,20110110,105552,43610,2
MTELEKOM,0,20110110,105554,550,4238
MTELEKOM,0,20110110,105554,550,5000
MTELEKOM,0,20110110,105554,550,5000
MTELEKOM,0,20110110,105554,550,5000
MTELEKOM,0,20110110,105554,550,5000
OTP,0,20110110,105611,5195,5
OTP,0,20110110,105611,5195,35
MTELEKOM,0,20110110,105644,550,2500
MTELEKOM,0,20110110,105644,550,10000
MTELEKOM,0,20110110,105644,550,10000
MTELEKOM,0,20110110,105644,550,2500
RICHTER,0,20110110,105651,43610,3
MOL,0,20110110,105654,21495,9
MOL,0,20110110,105654,21495,3
MTELEKOM,0,20110110,105655,549,1000
MTELEKOM,0,20110110,105659,549,20770
MTELEKOM,0,20110110,105659,549,100
MTELEKOM,0,20110110,105659,549,424
MTELEKOM,0,20110110,105705,549,456
ANY,0,20110110,105709,758,190
ANY,0,20110110,105709,760,96
ANY,0,20110110,105709,760,114
MOL,0,20110110,105745,21490,10
MOL,0,20110110,105745,21490,35
MOL,0,20110110,105745,21490,36
MOL,0,20110110,105745,21490,30
MOL,0,20110110,105751,21490,36
MTELEKOM,0,20110110,105801,549,350
PHYLAXIA,0,20110110,105803,45,2000
BUX1112,0,20110110,105811,22750,7
MOL,0,20110110,105818,21470,200
BUX1112,0,20110110,105830,22750,1
MOL,0,20110110,105835,21470,239
OTP,0,20110110,105912,5191,28
MOL,0,20110110,110004,21475,18
RICHTER,0,20110110,110009,43615,5
OTP,0,20110110,110015,5194,50
MOL,0,20110110,110025,21470,3
MOL,0,20110110,110040,21475,13
MOL,0,20110110,110043,21470,9
MOL,0,20110110,110043,21470,3
ECONET,0,20110110,110107,91,4784
ECONET,0,20110110,110107,91,216
MOL,0,20110110,110108,21475,16
MOL,0,20110110,110108,21475,44
RICHTER,0,20110110,110125,43620,21
RICHTER,0,20110110,110125,43620,11
RICHTER,0,20110110,110125,43620,21
RICHTER,0,20110110,110125,43620,14
MOL,0,20110110,110127,21490,31
MOL,0,20110110,110127,21490,40
MOL,0,20110110,110127,21490,46
MTELEKOM,0,20110110,110156,549,70
BUX1112,0,20110110,110228,22749,7
BUX1112,0,20110110,110228,22750,5
BUX1112,0,20110110,110228,22750,4
RICHTER,0,20110110,110315,43620,1
RICHTER,0,20110110,110315,43615,5
RICHTER,0,20110110,110315,43610,4
OTP,0,20110110,110319,5192,10
OTP,0,20110110,110319,5192,172
OTP,0,20110110,110319,5192,818
MOL,0,20110110,110328,21495,300
MOL,0,20110110,110328,21495,10
BUX1112,0,20110110,110334,22738,1
RICHTER,0,20110110,110509,43610,4
MOL,0,20110110,110509,21490,12
RICHTER,0,20110110,110515,43605,1
OTP,0,20110110,110551,5193,144
OTP,0,20110110,110551,5193,187
OTP,0,20110110,110551,5195,65
OTP,0,20110110,110551,5195,476
OTP,0,20110110,110555,5195,9
OTP,0,20110110,110620,5192,242
OTP,0,20110110,110620,5192,258
MOL,0,20110110,110621,21485,6
MTELEKOM,0,20110110,110624,549,480
MTELEKOM,0,20110110,110624,549,820
BUX1112,0,20110110,110656,22750,1
OTP,0,20110110,110659,5192,7
OTP,0,20110110,110659,5192,250
OTP,0,20110110,110659,5192,40
OTP,0,20110110,110659,5192,103
MOL,0,20110110,110702,21485,25
MOL,0,20110110,110702,21485,36
MOL,0,20110110,110702,21485,28
MOL,0,20110110,110704,21485,36
ECONET,0,20110110,110709,90,7
MTELEKOM,0,20110110,110719,548,100
MTELEKOM,0,20110110,110719,548,1100
MTELEKOM,0,20110110,110721,549,1100
ANY,0,20110110,110759,755,50
ANY,0,20110110,110759,754,500
ANY,0,20110110,110759,753,376
ANY,0,20110110,110759,752,800
ANY,0,20110110,110759,750,10
GSPARK,0,20110110,110834,790,61
GSPARK,0,20110110,110834,788,50
GSPARK,0,20110110,110834,787,50
GSPARK,0,20110110,110834,785,1000
GSPARK,0,20110110,110834,781,70
GSPARK,0,20110110,110834,780,200
TVK,0,20110110,110839,3460,1
OTP,0,20110110,110849,5195,6
GSPARK,0,20110110,110855,780,55
GSPARK,0,20110110,110855,780,100
MTELEKOM,0,20110110,110907,548,4100
OTP,0,20110110,110907,5195,9
OTP,0,20110110,110907,5195,531
OTP,0,20110110,110908,5192,126
OTP,0,20110110,110908,5192,371
OTP,0,20110110,110908,5192,172
BUX1112,0,20110110,110913,22738.5,1
BUX1112,0,20110110,110913,22738,1
BUX1112,0,20110110,110913,22738,15
OTP,0,20110110,110921,5190,53
OTP,0,20110110,110921,5190,147
ANY,0,20110110,110921,750,944
RICHTER,0,20110110,110942,43605,21
OTP,0,20110110,110943,5190,153
OTP,0,20110110,110943,5190,154
OTP,0,20110110,110943,5190,292
MOL,0,20110110,110950,21475,26
MOL,0,20110110,110951,21475,18
EGIS,0,20110110,111004,20895,36
RICHTER,0,20110110,111009,43605,5
MOL,0,20110110,111009,21480,5
BUX1112,0,20110110,111013,22730.5,1
BUX1112,0,20110110,111013,22730,1
OTP,0,20110110,111019,5190,1
OTP,0,20110110,111019,5190,180
MOL,0,20110110,111043,21470,100
RICHTER,0,20110110,111046,43605,4
BUX1112,0,20110110,111046,22730,2
BUX1112,0,20110110,111046,22730,1
BUX1112,0,20110110,111046,22730,1
RICHTER,0,20110110,111054,43600,100
MTELEKOM,0,20110110,111125,549,1000
BUX1112,0,20110110,111142,22728.5,1
BUX1112,0,20110110,111142,22728,1
RICHTER,0,20110110,111143,43605,17
RICHTER,0,20110110,111143,43605,10
RICHTER,0,20110110,111143,43605,11
RICHTER,0,20110110,111143,43605,20
RICHTER,0,20110110,111143,43605,21
RICHTER,0,20110110,111143,43605,1
MOL,0,20110110,111144,21450,150
MOL,0,20110110,111144,21450,70
MOL,0,20110110,111144,21450,27
RICHTER,0,20110110,111151,43600,53
MOL,0,20110110,111154,21440,44
MOL,0,20110110,111154,21450,153
OTP,0,20110110,111212,5192,23
MTELEKOM,0,20110110,111227,549,4800
MTELEKOM,0,20110110,111227,549,1109
MOL,0,20110110,111240,21455,28
MTELEKOM,0,20110110,111244,549,10839
MTELEKOM,0,20110110,111246,549,2543
OTP,0,20110110,111258,5192,2
OTP,0,20110110,111258,5192,998
OTP,0,20110110,111323,5192,2
OTP,0,20110110,111323,5192,175
OTP,0,20110110,111323,5192,110
OTP,0,20110110,111336,5192,66
OTP,0,20110110,111339,5195,100
MOL,0,20110110,111421,21440,100
RABA,0,20110110,111434,820,160
RICHTER,0,20110110,111436,43555,8
MOL,0,20110110,111439,21475,13
MOL,0,20110110,111439,21475,43
MTELEKOM,0,20110110,111503,548,165
RICHTER,0,20110110,111510,43555,5
MOL,0,20110110,111510,21480,20
MOL,0,20110110,111515,21480,30
MOL,0,20110110,111516,21485,21
MOL,0,20110110,111526,21485,37
BUX1112,0,20110110,111533,22726,1
BUX1112,0,20110110,111533,22725.5,6
BUX1112,0,20110110,111533,22725,14
BUX1112,0,20110110,111533,22725,4
BUX1112,0,20110110,111533,22723,1
BUX1112,0,20110110,111533,22721.5,2
BUX1112,0,20110110,111533,22716.5,2
MTELEKOM,0,20110110,111549,548,35
MTELEKOM,0,20110110,111549,548,1540
MOL,0,20110110,111604,21500,6
RFV,0,20110110,111607,8150,10
OTP,0,20110110,111609,5193,200
OTP,0,20110110,111609,5193,119
OTP,0,20110110,111609,5193,81
FHB,0,20110110,111644,969,183
MOL,0,20110110,111644,21500,29
MOL,0,20110110,111644,21500,12
MOL,0,20110110,111644,21500,45
MOL,0,20110110,111644,21500,175
MOL,0,20110110,111644,21500,39
MOL,0,20110110,111645,21500,11
MOL,0,20110110,111645,21500,10
MOL,0,20110110,111645,21500,15
MOL,0,20110110,111648,21500,7
MOL,0,20110110,111650,21500,8
MOL,0,20110110,111650,21500,20
MOL,0,20110110,111650,21500,272
MOL,0,20110110,111653,21490,47
MOL,0,20110110,111653,21485,53
MOL,0,20110110,111655,21500,5
MOL,0,20110110,111656,21500,23
MOL,0,20110110,111656,21500,42
OTP,0,20110110,111713,5195,77
RICHTER,0,20110110,111715,43560,20
RICHTER,0,20110110,111715,43560,12
RICHTER,0,20110110,111715,43560,18
MTELEKOM,0,20110110,111720,549,1300
RICHTER,0,20110110,111720,43560,3
RICHTER,0,20110110,111720,43560,19
RICHTER,0,20110110,111720,43560,12
RICHTER,0,20110110,111720,43560,20
RICHTER,0,20110110,111722,43600,3
RABA,0,20110110,111736,822,65
MTELEKOM,0,20110110,111751,548,517
MTELEKOM,0,20110110,111751,548,983
MOL,0,20110110,111804,21525,6
OTP,0,20110110,111809,5195,292
OTP,0,20110110,111809,5195,196
OTP,0,20110110,111810,5195,51
MTELEKOM,0,20110110,111847,548,817
MTELEKOM,0,20110110,111847,548,1183
MTELEKOM,0,20110110,111857,548,1000
MTELEKOM,0,20110110,111914,549,915
RICHTER,0,20110110,112009,43560,5
MOL,0,20110110,112009,21550,20
MOL,0,20110110,112009,21550,3
OTP,0,20110110,112013,5193,15
MOL,0,20110110,112108,21530,15
PANNERGY,0,20110110,112115,900,70
PANNERGY,0,20110110,112115,899,100
PANNERGY,0,20110110,112115,899,100
PANNERGY,0,20110110,112115,898,37
PANNERGY,0,20110110,112115,898,93
MOL,0,20110110,112119,21540,42
MOL,0,20110110,112119,21550,22
MOL,0,20110110,112119,21550,10
MOL,0,20110110,112119,21550,27
MOL,0,20110110,112119,21550,200
MOL,0,20110110,112119,21550,200
MOL,0,20110110,112119,21550,100
MOL,0,20110110,112124,21530,9
MOL,0,20110110,112124,21530,28
MOL,0,20110110,112124,21505,50
MOL,0,20110110,112124,21500,5
MOL,0,20110110,112124,21500,108
BUX1112,0,20110110,112129,22748.5,1
BUX1112,0,20110110,112129,22749,1
BUX1112,0,20110110,112129,22750,1
MOL,0,20110110,112151,21565,1
MOL,0,20110110,112245,21515,30
MOL,0,20110110,112258,21540,5
MOL,0,20110110,112313,21540,36
BUX1112,0,20110110,112319,22763,1
BUX1112,0,20110110,112345,22774,5
MTELEKOM,0,20110110,112431,549,1324
MTELEKOM,0,20110110,112431,549,176
OTP,0,20110110,112450,5193,20
RABA,0,20110110,112451,822,135
MOL,0,20110110,112503,21560,50
MOL,0,20110110,112503,21560,150
RICHTER,0,20110110,112509,43570,5
MOL,0,20110110,112510,21560,7
MOL,0,20110110,112516,21565,9
MOL,0,20110110,112516,21565,13
OTP,0,20110110,112521,5194,50
OTP,0,20110110,112546,5194,118
OTP,0,20110110,112546,5194,36
EGIS,0,20110110,112556,20895,2
BUX1112,0,20110110,112600,22770,1
BUX1112,0,20110110,112600,22770,8
BUX1112,0,20110110,112604,22770,10
OTP,0,20110110,112605,5193,128
OTP,0,20110110,112635,5194,157
OTP,0,20110110,112635,5195,153
OTP,0,20110110,112635,5195,90
OTP,0,20110110,112655,5195,20
OTP,0,20110110,112704,5194,105
OTP,0,20110110,112704,5194,172
OTP,0,20110110,112704,5194,173
RICHTER,0,20110110,112718,43570,3
RICHTER,0,20110110,112722,43570,18
OTP,0,20110110,112724,5194,129
OTP,0,20110110,112724,5194,107
OTP,0,20110110,112724,5194,172
OTP,0,20110110,112725,5194,62
OTP,0,20110110,112725,5194,51
RICHTER,0,20110110,112754,43570,1
OTP,0,20110110,112809,5192,191
KEG,0,20110110,112822,138,1150
RICHTER,0,20110110,112835,43565,5
RICHTER,0,20110110,112835,43565,6
MTELEKOM,0,20110110,112846,549,1824
MTELEKOM,0,20110110,112846,549,913
MTELEKOM,0,20110110,112846,550,1263
EGIS,0,20110110,112918,20895,13
MTELEKOM,0,20110110,112920,550,4000
MTELEKOM,0,20110110,112921,550,1095
RICHTER,0,20110110,112925,43565,14
MOL,0,20110110,112928,21545,32
MOL,0,20110110,112928,21545,31
MOL,0,20110110,112928,21540,87
BUX1112,0,20110110,112956,22770,2
MOL,0,20110110,112959,21545,25
MOL,0,20110110,112959,21545,36
MOL,0,20110110,112959,21540,377
MOL,0,20110110,112959,21540,192
EGIS,0,20110110,113005,20895,19
RICHTER,0,20110110,113009,43560,5
MOL,0,20110110,113009,21540,20
RICHTER,0,20110110,113023,43560,19
OTP,0,20110110,113031,5192,200
BUX1112,0,20110110,113114,22760,5
BUX1112,0,20110110,113121,22755,30
RICHTER,0,20110110,113138,43565,5
RICHTER,0,20110110,113138,43565,5
MTELEKOM,0,20110110,113153,550,10000
MTELEKOM,0,20110110,113154,550,2987
MTELEKOM,0,20110110,113155,549,2314
MTELEKOM,0,20110110,113155,549,1485
MTELEKOM,0,20110110,113155,549,2201
MTELEKOM,0,20110110,113212,549,77
MTELEKOM,0,20110110,113212,549,1101
RICHTER,0,20110110,113236,43560,6
MOL,0,20110110,113247,21520,30
OTP,0,20110110,113256,5195,95
MOL,0,20110110,113316,21520,39
RICHTER,0,20110110,113320,43560,11
MOL,0,20110110,113326,21525,25
MOL,0,20110110,113341,21520,131
MOL,0,20110110,113341,21520,36
MOL,0,20110110,113341,21520,26
BUX1112,0,20110110,113404,22740,1
OTP,0,20110110,113425,5192,256
OTP,0,20110110,113425,5192,168
OTP,0,20110110,113425,5192,74
OTP,0,20110110,113425,5191,2
RICHTER,0,20110110,113448,43555,19
OTP,0,20110110,113458,5192,78
OTP,0,20110110,113458,5191,54
OTP,0,20110110,113458,5191,100
OTP,0,20110110,113458,5190,200
OTP,0,20110110,113458,5190,568
MOL,0,20110110,113501,21520,7
MOL,0,20110110,113501,21520,4
OTP,0,20110110,113503,5190,1432
OTP,0,20110110,113503,5190,270
MOL,0,20110110,113506,21515,10
BUX1112,0,20110110,113508,22736,1
BUX1112,0,20110110,113508,22735,40
RICHTER,0,20110110,113509,43555,4
OTP,0,20110110,113509,5190,809
MOL,0,20110110,113509,21520,9
BUX1112,0,20110110,113513,22731,1
BUX1112,0,20110110,113513,22723,5
BUX1112,0,20110110,113513,22720,3
BUX1112,0,20110110,113513,22720,1
OTP,0,20110110,113521,5189,330
OTP,0,20110110,113521,5188,61
RFV,0,20110110,113521,8150,10
RFV,0,20110110,113521,8150,10
MOL,0,20110110,113528,21515,3
MOL,0,20110110,113528,21515,14
MOL,0,20110110,113532,21520,2
MOL,0,20110110,113532,21520,39
MOL,0,20110110,113532,21520,38
MOL,0,20110110,113533,21520,171
MOL,0,20110110,113533,21515,86
MOL,0,20110110,113533,21515,50
MOL,0,20110110,113533,21500,500
MOL,0,20110110,113533,21500,193
OTP,0,20110110,113533,5188,39
OTP,0,20110110,113533,5188,40
OTP,0,20110110,113533,5188,500
OTP,0,20110110,113533,5188,200
OTP,0,20110110,113533,5188,500
OTP,0,20110110,113533,5188,172
OTP,0,20110110,113539,5188,471
OTP,0,20110110,113540,5187,200
OTP,0,20110110,113540,5187,14
OTP,0,20110110,113540,5186,20
OTP,0,20110110,113540,5185,200
OTP,0,20110110,113540,5185,170
OTP,0,20110110,113540,5185,1
OTP,0,20110110,113540,5185,20
OTP,0,20110110,113540,5185,30
OTP,0,20110110,113540,5185,25
OTP,0,20110110,113540,5185,15
OTP,0,20110110,113551,5185,60
OTP,0,20110110,113551,5185,190
OTP,0,20110110,113551,5185,340
MTELEKOM,0,20110110,113558,549,322
MTELEKOM,0,20110110,113558,549,1394
MTELEKOM,0,20110110,113558,549,2000
MTELEKOM,0,20110110,113603,549,220
MTELEKOM,0,20110110,113603,549,1133
MOL,0,20110110,113605,21500,7
MOL,0,20110110,113605,21500,200
OTP,0,20110110,113609,5185,50
OTP,0,20110110,113614,5185,210
OTP,0,20110110,113614,5185,440
RICHTER,0,20110110,113614,43555,14
OTP,0,20110110,113626,5185,160
OTP,0,20110110,113626,5185,45
OTP,0,20110110,113626,5185,145
OTP,0,20110110,113626,5185,200
MOL,0,20110110,113627,21485,10
RICHTER,0,20110110,113634,43550,6
OTP,0,20110110,113637,5185,44
OTP,0,20110110,113637,5184,50
OTP,0,20110110,113637,5184,2000
OTP,0,20110110,113637,5183,80
OTP,0,20110110,113637,5183,9
OTP,0,20110110,113637,5183,5
OTP,0,20110110,113637,5183,1000
OTP,0,20110110,113637,5183,21
OTP,0,20110110,113637,5182,50
OTP,0,20110110,113637,5182,500
OTP,0,20110110,113637,5182,1000
OTP,0,20110110,113637,5182,172
OTP,0,20110110,113637,5181,16
OTP,0,20110110,113637,5181,48
OTP,0,20110110,113637,5181,200
OTP,0,20110110,113637,5181,5
OTP,0,20110110,113637,5181,40
OTP,0,20110110,113637,5181,138
OTP,0,20110110,113637,5181,1000
OTP,0,20110110,113637,5181,500
OTP,0,20110110,113637,5180,100
OTP,0,20110110,113637,5180,200
OTP,0,20110110,113637,5180,200
OTP,0,20110110,113637,5180,50
OTP,0,20110110,113637,5180,50
OTP,0,20110110,113637,5180,2000
OTP,0,20110110,113637,5180,80
OTP,0,20110110,113637,5180,300
OTP,0,20110110,113637,5180,150
OTP,0,20110110,113637,5180,20
OTP,0,20110110,113637,5180,40
OTP,0,20110110,113637,5180,20
OTP,0,20110110,113637,5180,700
OTP,0,20110110,113637,5180,50
OTP,0,20110110,113637,5180,10
OTP,0,20110110,113637,5180,100
OTP,0,20110110,113637,5180,65
OTP,0,20110110,113637,5180,26
OTP,0,20110110,113637,5180,18
RICHTER,0,20110110,113643,43515,18
RICHTER,0,20110110,113643,43515,6
OTP,0,20110110,113643,5180,412
OTP,0,20110110,113648,5185,75
OTP,0,20110110,113648,5186,57
OTP,0,20110110,113648,5187,147
OTP,0,20110110,113648,5189,8
OTP,0,20110110,113648,5190,390
OTP,0,20110110,113648,5190,500
OTP,0,20110110,113648,5190,500
OTP,0,20110110,113648,5190,2008
OTP,0,20110110,113651,5190,58
BUX1112,0,20110110,113705,22720.5,2
BUX1112,0,20110110,113705,22720,3
OTP,0,20110110,113709,5180,1000
MOL,0,20110110,113713,21500,40
OTP,0,20110110,113715,5189,22
OTP,0,20110110,113717,5189,28
OTP,0,20110110,113717,5190,172
RICHTER,0,20110110,113718,43520,1
EGIS,0,20110110,113728,20805,5
EGIS,0,20110110,113728,20805,31
EGIS,0,20110110,113728,20750,6
EGIS,0,20110110,113728,20715,8
OTP,0,20110110,113732,5181,31
OTP,0,20110110,113732,5180,969
BUX1112,0,20110110,113740,22720,6
BUX1112,0,20110110,113740,22720,5
BUX1112,0,20110110,113740,22717,1
BUX1112,0,20110110,113740,22717,1
BUX1112,0,20110110,113740,22717,10
BUX1112,0,20110110,113740,22715.5,1
BUX1112,0,20110110,113740,22715,1
BUX1112,0,20110110,113740,22715,2
BUX1112,0,20110110,113740,22715,2
BUX1112,0,20110110,113740,22715,10
BUX1112,0,20110110,113740,22715,1
BUX1112,0,20110110,113740,22714,100
BUX1112,0,20110110,113740,22714,5
BUX1112,0,20110110,113740,22713,9
BUX1112,0,20110110,113740,22713,2
BUX1112,0,20110110,113740,22712,1
BUX1112,0,20110110,113740,22711,11
BUX1112,0,20110110,113740,22710,3
BUX1112,0,20110110,113740,22710,1
BUX1112,0,20110110,113740,22705,1
BUX1112,0,20110110,113740,22705,2
BUX1112,0,20110110,113740,22702.5,5
BUX1112,0,20110110,113740,22702.5,18
BUX1112,0,20110110,113740,22702,1
BUX1112,0,20110110,113740,22702,3
BUX1112,0,20110110,113740,22702,6
BUX1112,0,20110110,113740,22701,1
BUX1112,0,20110110,113740,22701,1
BUX1112,0,20110110,113740,22701,1
BUX1112,0,20110110,113740,22701,5
BUX1112,0,20110110,113740,22701,1
BUX1112,0,20110110,113740,22701,2
BUX1112,0,20110110,113740,22700,15
BUX1112,0,20110110,113740,22700,1
BUX1112,0,20110110,113740,22700,1
BUX1112,0,20110110,113740,22700,20
BUX1112,0,20110110,113740,22700,2
BUX1112,0,20110110,113740,22700,4
BUX1112,0,20110110,113740,22700,38
BUX1112,0,20110110,113740,22700,10
BUX1112,0,20110110,113740,22700,2
OTP,0,20110110,113746,5180,64
OTP,0,20110110,113747,5180,967
OTP,0,20110110,113747,5180,432
OTP,0,20110110,113747,5180,299
OTP,0,20110110,113747,5180,193
RICHTER,0,20110110,113800,43515,9
OTP,0,20110110,113804,5180,64
OTP,0,20110110,113804,5180,436
OTP,0,20110110,113814,5180,10
OTP,0,20110110,113819,5180,554
MOL,0,20110110,113821,21500,80
BUX1112,0,20110110,113828,22696,1
OTP,0,20110110,113830,5180,5
OTP,0,20110110,113830,5180,95
EGIS,0,20110110,113832,20715,15
OTP,0,20110110,113836,5180,652
MOL,0,20110110,113837,21505,75
BUX1112,0,20110110,113842,22691,5
BUX1112,0,20110110,113842,22690,2
BUX1112,0,20110110,113842,22687,5
BUX1112,0,20110110,113842,22686,2
BUX1112,0,20110110,113842,22686,4
BUX1112,0,20110110,113842,22686,8
BUX1112,0,20110110,113842,22685,5
BUX1112,0,20110110,113842,22680,2
BUX1112,0,20110110,113842,22680,35
BUX1112,0,20110110,113842,22680,2
BUX1112,0,20110110,113842,22680,2
RICHTER,0,20110110,113845,43515,8
RICHTER,0,20110110,113904,43520,13
MOL,0,20110110,113905,21500,22
BUX1112,0,20110110,113905,22695,10
BUX1112,0,20110110,113905,22699,8
BUX1112,0,20110110,113905,22700,20
MOL,0,20110110,113916,21500,3
MOL,0,20110110,113916,21500,24
MOL,0,20110110,113916,21500,500
EGIS,0,20110110,113917,20715,2
EGIS,0,20110110,113917,20710,30
EGIS,0,20110110,113917,20705,8
OTP,0,20110110,113921,5178,320
