<TICKER>,<PER>,<DTYYYYMMDD>,<TIME>,<CLOSE>,<VOLUME>
BUX1112,0,20110104,090017,22340,1
BUX1112,0,20110104,090017,22340,9
BUX1112,0,20110104,090017,22340,1
BUX1112,0,20110104,090017,22340,1
BUX1112,0,20110104,090017,22340,10
BUX1112,0,20110104,090017,22340,1
BUX1112,0,20110104,090017,22340,1
BUX1112,0,20110104,090017,22340,5
BUX1112,0,20110104,090017,22340,17
BUX1112,0,20110104,090017,22340,3
BUX1112,0,20110104,090017,22340,2
BUX1112,0,20110104,090017,22340,1
BUX1112,0,20110104,090017,22340,1
BUX1112,0,20110104,090017,22340,1
ANY,0,20110104,090026,738,100
ANY,0,20110104,090026,738,140
ANY,0,20110104,090026,738,299
ANY,0,20110104,090026,738,136
ECONET,0,20110104,090026,90,3170
EGIS,0,20110104,090026,20100,6
FHB,0,20110104,090026,978,3
FHB,0,20110104,090026,978,200
FHB,0,20110104,090026,978,797
FHB,0,20110104,090026,978,203
HUMET,0,20110104,090026,9,100
HUMET,0,20110104,090026,9,7971
HUMET,0,20110104,090026,9,39169
HUMET,0,20110104,090026,9,24831
HUMET,0,20110104,090026,9,9769
HUMET,0,20110104,090026,9,10231
MOL,0,20110104,090026,21100,1
MOL,0,20110104,090026,21100,1
MOL,0,20110104,090026,21100,11
MOL,0,20110104,090026,21100,14
MOL,0,20110104,090026,21100,36
MOL,0,20110104,090026,21100,50
MOL,0,20110104,090026,21100,6
MOL,0,20110104,090026,21100,3
MOL,0,20110104,090026,21100,100
MOL,0,20110104,090026,21100,2
MOL,0,20110104,090026,21100,20
MOL,0,20110104,090026,21100,15
MOL,0,20110104,090026,21100,268
MTELEKOM,0,20110104,090026,540,100
MTELEKOM,0,20110104,090026,540,100
MTELEKOM,0,20110104,090026,540,100
MTELEKOM,0,20110104,090026,540,10
MTELEKOM,0,20110104,090026,540,990
MTELEKOM,0,20110104,090026,540,500
MTELEKOM,0,20110104,090026,540,200
MTELEKOM,0,20110104,090026,540,3400
MTELEKOM,0,20110104,090026,540,500
MTELEKOM,0,20110104,090026,540,2875
MTELEKOM,0,20110104,090026,540,125
MTELEKOM,0,20110104,090026,540,438
MTELEKOM,0,20110104,090026,540,125
MTELEKOM,0,20110104,090026,540,847
MTELEKOM,0,20110104,090026,540,2750
MTELEKOM,0,20110104,090026,540,200
MTELEKOM,0,20110104,090026,540,55
MTELEKOM,0,20110104,090026,540,110
MTELEKOM,0,20110104,090026,540,735
MTELEKOM,0,20110104,090026,540,2410
MTELEKOM,0,20110104,090026,540,275
MTELEKOM,0,20110104,090026,540,126
MTELEKOM,0,20110104,090026,540,250
MTELEKOM,0,20110104,090026,540,207
MTELEKOM,0,20110104,090026,540,100
MTELEKOM,0,20110104,090026,540,96
MTELEKOM,0,20110104,090026,540,20
MTELEKOM,0,20110104,090026,540,120
MTELEKOM,0,20110104,090026,540,380
MTELEKOM,0,20110104,090026,540,250
MTELEKOM,0,20110104,090026,540,250
MTELEKOM,0,20110104,090026,540,400
MTELEKOM,0,20110104,090026,540,360
MTELEKOM,0,20110104,090026,540,400
MTELEKOM,0,20110104,090026,540,1500
MTELEKOM,0,20110104,090026,540,200
OTP,0,20110104,090026,5185,3
OTP,0,20110104,090026,5185,440
OTP,0,20110104,090026,5185,1431
OTP,0,20110104,090026,5185,300
OTP,0,20110104,090026,5185,200
OTP,0,20110104,090026,5185,22
OTP,0,20110104,090026,5185,655
OTP,0,20110104,090026,5185,350
OTP,0,20110104,090026,5185,10
OTP,0,20110104,090026,5185,200
OTP,0,20110104,090026,5185,50
OTP,0,20110104,090026,5185,500
OTP,0,20110104,090026,5185,1282
OTP,0,20110104,090026,5185,1000
OTP,0,20110104,090026,5185,500
OTP,0,20110104,090026,5185,20
OTP,0,20110104,090026,5185,500
OTP,0,20110104,090026,5185,450
OTP,0,20110104,090026,5185,565
OTP,0,20110104,090026,5185,94
OTP,0,20110104,090026,5185,12
OTP,0,20110104,090026,5185,57
OTP,0,20110104,090026,5185,40
OTP,0,20110104,090026,5185,100
OTP,0,20110104,090026,5185,500
OTP,0,20110104,090026,5185,637
OTP,0,20110104,090026,5185,192
OTP,0,20110104,090026,5185,1882
OTP,0,20110104,090026,5185,200
OTP,0,20110104,090026,5185,400
OTP,0,20110104,090026,5185,200
OTP,0,20110104,090026,5185,100
OTP,0,20110104,090026,5185,15
OTP,0,20110104,090026,5185,27
OTP,0,20110104,090026,5185,176
OTP,0,20110104,090026,5185,191
OTP,0,20110104,090026,5185,20
OTP,0,20110104,090026,5185,100
OTP,0,20110104,090026,5185,105
OTP,0,20110104,090026,5185,16
PANNERGY,0,20110104,090026,915,60
PANNERGY,0,20110104,090026,915,40
PANNERGY,0,20110104,090026,915,50
PHYLAXIA,0,20110104,090026,46,1000
PHYLAXIA,0,20110104,090026,46,500
RICHTER,0,20110104,090026,42400,1
RICHTER,0,20110104,090026,42400,10
RICHTER,0,20110104,090026,42400,7
RICHTER,0,20110104,090026,42400,11
RICHTER,0,20110104,090026,42400,7
RICHTER,0,20110104,090026,42400,5
RICHTER,0,20110104,090026,42400,6
RICHTER,0,20110104,090026,42400,11
RICHTER,0,20110104,090026,42400,14
TVK,0,20110104,090026,3440,1
OTP,0,20110104,090200,5185,5000
OTP,0,20110104,090207,5189,100
OTP,0,20110104,090207,5189,100
OTP,0,20110104,090213,5189,13
MTELEKOM,0,20110104,090215,540,1100
BUX1112,0,20110104,090217,22340,8
BUX1112,0,20110104,090217,22348,2
BUX1112,0,20110104,090217,22349,10
FHB,0,20110104,090219,977,100
OTP,0,20110104,090221,5189,75
OTP,0,20110104,090225,5189,112
OTP,0,20110104,090225,5190,300
OTP,0,20110104,090225,5190,20
OTP,0,20110104,090225,5190,68
MTELEKOM,0,20110104,090232,540,1400
OTP,0,20110104,090234,5190,1932
OTP,0,20110104,090234,5190,1159
OTP,0,20110104,090234,5190,100
BUX1112,0,20110104,090246,22325,1
FHB,0,20110104,090248,977,406
FHB,0,20110104,090248,977,297
OTP,0,20110104,090249,5194,584
OTP,0,20110104,090249,5194,15
MTELEKOM,0,20110104,090250,540,1000
OTP,0,20110104,090250,5195,100
OTP,0,20110104,090251,5195,60
OTP,0,20110104,090253,5194,700
OTP,0,20110104,090255,5195,25
OTP,0,20110104,090304,5195,211
OTP,0,20110104,090304,5195,13
OTP,0,20110104,090304,5195,25
OTP,0,20110104,090304,5197,100
OTP,0,20110104,090304,5198,1000
OTP,0,20110104,090304,5198,526
OTP,0,20110104,090311,5199,20
OTP,0,20110104,090311,5199,3
OTP,0,20110104,090311,5199,1000
OTP,0,20110104,090311,5200,100
OTP,0,20110104,090311,5200,50
OTP,0,20110104,090311,5200,80
OTP,0,20110104,090311,5200,50
OTP,0,20110104,090311,5200,20
OTP,0,20110104,090311,5200,101
OTP,0,20110104,090311,5200,20
OTP,0,20110104,090311,5200,400
OTP,0,20110104,090311,5200,200
OTP,0,20110104,090311,5200,100
OTP,0,20110104,090311,5200,130
OTP,0,20110104,090311,5200,20
OTP,0,20110104,090311,5200,20
OTP,0,20110104,090311,5200,2
OTP,0,20110104,090311,5200,2
OTP,0,20110104,090311,5200,38
OTP,0,20110104,090311,5200,25
OTP,0,20110104,090311,5200,33
OTP,0,20110104,090313,5200,30
OTP,0,20110104,090313,5200,762
OTP,0,20110104,090313,5200,6
OTP,0,20110104,090313,5200,50
OTP,0,20110104,090315,5207,50
OTP,0,20110104,090315,5208,350
OTP,0,20110104,090315,5208,40
BUX1112,0,20110104,090318,22347,1
BUX1112,0,20110104,090318,22348,5
BUX1112,0,20110104,090318,22349,10
BUX1112,0,20110104,090318,22349,2
OTP,0,20110104,090318,5200,25
BUX1112,0,20110104,090320,22360,2
BUX1112,0,20110104,090320,22360,1
OTP,0,20110104,090322,5200,2000
OTP,0,20110104,090325,5200,419
OTP,0,20110104,090325,5200,70
OTP,0,20110104,090325,5200,20
OTP,0,20110104,090327,5200,241
OTP,0,20110104,090329,5208,50
OTP,0,20110104,090330,5200,259
OTP,0,20110104,090330,5195,700
OTP,0,20110104,090330,5195,20
OTP,0,20110104,090330,5194,201
OTP,0,20110104,090330,5194,192
OTP,0,20110104,090330,5190,628
OTP,0,20110104,090333,5208,60
OTP,0,20110104,090333,5200,20
MTELEKOM,0,20110104,090341,540,2600
OTP,0,20110104,090341,5200,221
OTP,0,20110104,090341,5200,79
MOL,0,20110104,090346,21140,25
MTELEKOM,0,20110104,090346,540,2800
OTP,0,20110104,090347,5200,40
OTP,0,20110104,090352,5209,190
OTP,0,20110104,090352,5209,280
OTP,0,20110104,090352,5209,100
MTELEKOM,0,20110104,090357,540,700
OTP,0,20110104,090400,5209,30
OTP,0,20110104,090400,5200,2381
OTP,0,20110104,090400,5200,100
OTP,0,20110104,090400,5200,1497
OTP,0,20110104,090400,5200,75
OTP,0,20110104,090400,5200,136
OTP,0,20110104,090400,5200,138
ANY,0,20110104,090408,738,164
OTP,0,20110104,090410,5200,500
OTP,0,20110104,090410,5200,16
OTP,0,20110104,090412,5200,127
OTP,0,20110104,090412,5200,122
OTP,0,20110104,090415,5210,200
OTP,0,20110104,090415,5210,300
OTP,0,20110104,090415,5210,50
OTP,0,20110104,090415,5210,65
BUX1112,0,20110104,090416,22359,1
BUX1112,0,20110104,090416,22360,5
OTP,0,20110104,090418,5200,68
MOL,0,20110104,090422,21140,10
OTP,0,20110104,090422,5200,326
MTELEKOM,0,20110104,090424,540,1000
RICHTER,0,20110104,090424,42400,18
OTP,0,20110104,090425,5200,200
OTP,0,20110104,090429,5200,474
OTP,0,20110104,090430,5200,100
OTP,0,20110104,090433,5200,750
BUX1112,0,20110104,090433,22340,2
OTP,0,20110104,090443,5200,102
OTP,0,20110104,090443,5200,20
OTP,0,20110104,090445,5200,54
OTP,0,20110104,090445,5200,200
OTP,0,20110104,090445,5200,71
MOL,0,20110104,090447,21140,14
OTP,0,20110104,090448,5205,19
OTP,0,20110104,090450,5200,679
OTP,0,20110104,090451,5200,346
RICHTER,0,20110104,090453,42500,14
RICHTER,0,20110104,090453,42500,18
RICHTER,0,20110104,090453,42500,14
RICHTER,0,20110104,090453,42500,11
RICHTER,0,20110104,090453,42500,5
RICHTER,0,20110104,090453,42500,7
RICHTER,0,20110104,090453,42500,18
RICHTER,0,20110104,090453,42500,13
EBGOLD,0,20110104,090455,2950,135
BUX1112,0,20110104,090456,22350,1
OTP,0,20110104,090457,5200,300
OTP,0,20110104,090457,5200,300
RICHTER,0,20110104,090457,42500,1
RICHTER,0,20110104,090457,42500,11
RICHTER,0,20110104,090457,42500,7
RICHTER,0,20110104,090457,42500,14
RICHTER,0,20110104,090457,42500,48
RICHTER,0,20110104,090457,42500,11
OTP,0,20110104,090500,5200,375
OTP,0,20110104,090500,5200,750
RICHTER,0,20110104,090503,42500,54
BUX1112,0,20110104,090505,22350,2
OTP,0,20110104,090508,5200,1375
OTP,0,20110104,090508,5200,167
OTP,0,20110104,090514,5200,1000
RICHTER,0,20110104,090515,42550,1
MTELEKOM,0,20110104,090522,540,740
MOL,0,20110104,090527,21135,5
BUX1112,0,20110104,090527,22357,3
BUX1112,0,20110104,090527,22360,2
BUX1112,0,20110104,090527,22360,1
BUX1112,0,20110104,090527,22360,5
OTP,0,20110104,090529,5205,18
MTELEKOM,0,20110104,090529,540,950
PANNERGY,0,20110104,090537,917,85
PANNERGY,0,20110104,090537,918,25
PANNERGY,0,20110104,090537,919,120
PANNERGY,0,20110104,090537,919,63
PANNERGY,0,20110104,090537,920,108
PANNERGY,0,20110104,090537,920,50
PANNERGY,0,20110104,090537,920,100
PANNERGY,0,20110104,090537,920,100
PANNERGY,0,20110104,090537,921,100
MTELEKOM,0,20110104,090538,540,45
PANNERGY,0,20110104,090544,924,800
PANNERGY,0,20110104,090552,925,419
MOL,0,20110104,090605,21135,42
MOL,0,20110104,090605,21135,49
MOL,0,20110104,090605,21135,40
PANNERGY,0,20110104,090615,920,56
SYNERGON,0,20110104,090618,494,17
SYNERGON,0,20110104,090618,494,50
SYNERGON,0,20110104,090618,496,153
SYNERGON,0,20110104,090618,498,80
MOL,0,20110104,090624,21130,32
OTP,0,20110104,090626,5202,75
OTP,0,20110104,090626,5201,50
OTP,0,20110104,090626,5201,50
OTP,0,20110104,090626,5201,25
MTELEKOM,0,20110104,090627,540,200
OTP,0,20110104,090629,5201,25
BUX1112,0,20110104,090635,22364,2
MTELEKOM,0,20110104,090638,540,3700
MTELEKOM,0,20110104,090647,540,1000
SYNERGON,0,20110104,090652,483,50
MTELEKOM,0,20110104,090653,540,1000
OTP,0,20110104,090653,5204,30
OTP,0,20110104,090653,5205,25
MOL,0,20110104,090657,21135,10
MTELEKOM,0,20110104,090701,540,300
MTELEKOM,0,20110104,090704,540,500
OTP,0,20110104,090705,5205,121
MTELEKOM,0,20110104,090718,540,7000
MTELEKOM,0,20110104,090722,540,12802
MTELEKOM,0,20110104,090722,540,500
MTELEKOM,0,20110104,090722,540,200
MTELEKOM,0,20110104,090722,540,247
MTELEKOM,0,20110104,090722,540,500
MTELEKOM,0,20110104,090722,541,126
MTELEKOM,0,20110104,090722,541,500
MTELEKOM,0,20110104,090722,542,1000
MTELEKOM,0,20110104,090722,542,50
OTP,0,20110104,090727,5209,15
OTP,0,20110104,090727,5209,5
OTP,0,20110104,090727,5209,8
OTP,0,20110104,090727,5210,72
MTELEKOM,0,20110104,090731,543,75
OTP,0,20110104,090732,5210,623
OTP,0,20110104,090732,5210,300
OTP,0,20110104,090732,5210,16
OTP,0,20110104,090732,5210,65
OTP,0,20110104,090732,5210,1785
OTP,0,20110104,090732,5210,100
RICHTER,0,20110104,090732,42550,10
RICHTER,0,20110104,090732,42550,10
RICHTER,0,20110104,090732,42550,11
RICHTER,0,20110104,090732,42550,7
RICHTER,0,20110104,090732,42550,18
RICHTER,0,20110104,090732,42550,23
RICHTER,0,20110104,090732,42600,18
RICHTER,0,20110104,090732,42600,5
RICHTER,0,20110104,090732,42600,14
RICHTER,0,20110104,090735,42600,41
BUX1112,0,20110104,090737,22364,1
OTP,0,20110104,090739,5210,17
MOL,0,20110104,090744,21140,1
MOL,0,20110104,090744,21140,140
RICHTER,0,20110104,090746,42650,7
RICHTER,0,20110104,090746,42650,11
RICHTER,0,20110104,090746,42650,18
RICHTER,0,20110104,090746,42650,10
OTP,0,20110104,090747,5213,20
OTP,0,20110104,090747,5214,13
OTP,0,20110104,090747,5214,996
BUX1112,0,20110104,090748,22365,5
BUX1112,0,20110104,090748,22366,1
BUX1112,0,20110104,090748,22367,5
BUX1112,0,20110104,090748,22367.5,1
BUX1112,0,20110104,090751,22368,20
MTELEKOM,0,20110104,090753,542,200
OTP,0,20110104,090753,5214,1004
OTP,0,20110104,090753,5215,25
OTP,0,20110104,090753,5215,10
BUX1112,0,20110104,090754,22368,30
BUX1112,0,20110104,090756,22369,1
BUX1112,0,20110104,090756,22369,2
BUX1112,0,20110104,090757,22367.5,2
BUX1112,0,20110104,090803,22370,1
OTP,0,20110104,090806,5217,500
BUX1112,0,20110104,090807,22370,2
BUX1112,0,20110104,090807,22374,50
BUX1112,0,20110104,090809,22380,1
BUX1112,0,20110104,090809,22386,1
RICHTER,0,20110104,090810,42645,30
FHB,0,20110104,090812,977,200
MOL,0,20110104,090813,21145,20
MOL,0,20110104,090813,21145,35
BUX1112,0,20110104,090816,22374,1
OTP,0,20110104,090817,5218,400
OTP,0,20110104,090817,5218,100
OTP,0,20110104,090817,5218,400
OTP,0,20110104,090817,5219,20
OTP,0,20110104,090817,5219,42
OTP,0,20110104,090817,5219,100
OTP,0,20110104,090817,5220,180
OTP,0,20110104,090817,5220,17
OTP,0,20110104,090817,5220,50
OTP,0,20110104,090817,5220,50
OTP,0,20110104,090817,5220,350
OTP,0,20110104,090817,5220,30
OTP,0,20110104,090817,5220,10
OTP,0,20110104,090817,5220,8
OTP,0,20110104,090817,5220,200
OTP,0,20110104,090817,5220,1000
BUX1112,0,20110104,090820,22374,1
MOL,0,20110104,090825,21145,65
MOL,0,20110104,090825,21145,142
MOL,0,20110104,090825,21150,10
MOL,0,20110104,090825,21150,10
MOL,0,20110104,090825,21150,273
OTP,0,20110104,090826,5220,25
RICHTER,0,20110104,090830,42645,20
OTP,0,20110104,090831,5220,1000
BUX1112,0,20110104,090833,22380,10
BUX1112,0,20110104,090833,22380,4
BUX1112,0,20110104,090836,22387,2
OTP,0,20110104,090836,5222,38
BUX1112,0,20110104,090838,22387,1
BUX1112,0,20110104,090838,22388,1
RICHTER,0,20110104,090838,42690,108
KEG,0,20110104,090839,138,500
RICHTER,0,20110104,090840,42660,11
RICHTER,0,20110104,090840,42645,7
MTELEKOM,0,20110104,090842,543,110
MTELEKOM,0,20110104,090842,543,315
MTELEKOM,0,20110104,090842,543,1000
MTELEKOM,0,20110104,090842,543,685
RICHTER,0,20110104,090842,42645,3
OTP,0,20110104,090846,5224,230
OTP,0,20110104,090848,5222,100
MTELEKOM,0,20110104,090849,543,2500
MTELEKOM,0,20110104,090849,543,1815
OTP,0,20110104,090849,5224,270
OTP,0,20110104,090849,5224,730
OTP,0,20110104,090850,5224,270
OTP,0,20110104,090850,5225,100
OTP,0,20110104,090850,5225,40
OTP,0,20110104,090850,5225,10
OTP,0,20110104,090850,5225,500
OTP,0,20110104,090850,5225,20
OTP,0,20110104,090850,5225,37
OTP,0,20110104,090850,5226,23
BUX1112,0,20110104,090850,22387,2
BUX1112,0,20110104,090850,22389,1
BUX1112,0,20110104,090850,22390,2
BUX1112,0,20110104,090855,22393,1
BUX1112,0,20110104,090858,22387,1
BUX1112,0,20110104,090858,22387,1
BUX1112,0,20110104,090906,22393,4
BUX1112,0,20110104,090906,22397,1
BUX1112,0,20110104,090906,22400,1
BUX1112,0,20110104,090906,22400,2
BUX1112,0,20110104,090906,22410,1
BUX1112,0,20110104,090906,22417,1
BUX1112,0,20110104,090906,22423,6
BUX1112,0,20110104,090908,22434,9
BUX1112,0,20110104,090908,22431,20
BUX1112,0,20110104,090916,22410,1
BUX1112,0,20110104,090916,22400,2
MOL,0,20110104,090922,21150,127
MOL,0,20110104,090922,21150,4
MOL,0,20110104,090922,21150,83
MOL,0,20110104,090922,21150,6
MOL,0,20110104,090922,21150,90
PANNERGY,0,20110104,090933,925,81
PANNERGY,0,20110104,090933,925,200
PANNERGY,0,20110104,090933,925,70
PANNERGY,0,20110104,090933,925,449
BUX1112,0,20110104,090934,22405,2
BUX1112,0,20110104,090934,22400,2
RABA,0,20110104,090935,810,65
RICHTER,0,20110104,090937,42645,20
BUX1112,0,20110104,090941,22400,6
OTP,0,20110104,090941,5223,124
BUX1112,0,20110104,090946,22390,1
FHB,0,20110104,090947,977,97
MTELEKOM,0,20110104,090948,543,125
BUX1112,0,20110104,090949,22400,1
MTELEKOM,0,20110104,090950,544,150
OTP,0,20110104,090951,5225,20
OTP,0,20110104,090951,5225,15
OTP,0,20110104,090951,5226,17
OTP,0,20110104,090951,5227,48
MTELEKOM,0,20110104,090951,543,1000
OTP,0,20110104,090952,5224,200
OTP,0,20110104,090953,5227,352
OTP,0,20110104,090953,5228,100
OTP,0,20110104,090953,5228,1000
OTP,0,20110104,090953,5228,500
OTP,0,20110104,090953,5229,60
OTP,0,20110104,090953,5229,100
OTP,0,20110104,090953,5229,1000
OTP,0,20110104,090953,5229,600
OTP,0,20110104,090953,5230,14
OTP,0,20110104,090953,5230,205
OTP,0,20110104,090953,5230,50
OTP,0,20110104,090953,5230,10
PHYLAXIA,0,20110104,090953,46,700
OTP,0,20110104,090957,5230,1000
OTP,0,20110104,090959,5230,9
RABA,0,20110104,090959,810,41
BUX1112,0,20110104,091001,22405,1
OTP,0,20110104,091005,5225,141
RICHTER,0,20110104,091005,42645,16
OTP,0,20110104,091007,5230,1000
MTELEKOM,0,20110104,091008,544,850
MTELEKOM,0,20110104,091008,544,125
MTELEKOM,0,20110104,091008,544,100
MTELEKOM,0,20110104,091008,544,110
MTELEKOM,0,20110104,091008,544,125
MTELEKOM,0,20110104,091008,544,490
MTELEKOM,0,20110104,091010,544,400
RICHTER,0,20110104,091011,42670,10
RICHTER,0,20110104,091011,42700,18
RICHTER,0,20110104,091011,42700,7
RICHTER,0,20110104,091012,42700,35
MOL,0,20110104,091012,21150,305
MOL,0,20110104,091012,21150,195
OTP,0,20110104,091020,5232,23
OTP,0,20110104,091020,5230,118
OTP,0,20110104,091020,5234,400
OTP,0,20110104,091020,5234,100
OTP,0,20110104,091020,5235,25
OTP,0,20110104,091020,5235,35
OTP,0,20110104,091020,5235,3000
OTP,0,20110104,091020,5237,21
OTP,0,20110104,091020,5238,319
BUX1112,0,20110104,091021,22405,1
BUX1112,0,20110104,091021,22400,11
MTELEKOM,0,20110104,091023,544,6000
MTELEKOM,0,20110104,091025,544,3110
RICHTER,0,20110104,091026,42750,2
ANY,0,20110104,091030,740,107
ANY,0,20110104,091030,740,187
ANY,0,20110104,091030,740,106
OTP,0,20110104,091036,5236,10
MTELEKOM,0,20110104,091036,545,150
MTELEKOM,0,20110104,091036,545,200
OTP,0,20110104,091037,5236,440
OTP,0,20110104,091037,5238,181
OTP,0,20110104,091037,5238,100
OTP,0,20110104,091037,5240,47
OTP,0,20110104,091037,5240,60
OTP,0,20110104,091037,5240,35
OTP,0,20110104,091037,5240,100
OTP,0,20110104,091037,5240,37
MOL,0,20110104,091039,21140,6
MOL,0,20110104,091039,21150,94
BUX1112,0,20110104,091041,22401,1
EGIS,0,20110104,091044,20200,35
OTP,0,20110104,091047,5240,83
OTP,0,20110104,091047,5240,115
OTP,0,20110104,091047,5240,197
OTP,0,20110104,091047,5240,20
OTP,0,20110104,091047,5240,100
OTP,0,20110104,091047,5240,13
OTP,0,20110104,091049,5240,400
MTELEKOM,0,20110104,091049,544,1090
MTELEKOM,0,20110104,091049,544,1684
MTELEKOM,0,20110104,091049,544,1042
MTELEKOM,0,20110104,091049,544,2000
MTELEKOM,0,20110104,091049,544,230
MTELEKOM,0,20110104,091051,544,2000
MTELEKOM,0,20110104,091053,544,1954
MTELEKOM,0,20110104,091053,545,546
OTP,0,20110104,091054,5240,1072
FHB,0,20110104,091055,978,506
GENESIS,0,20110104,091057,181,435
GENESIS,0,20110104,091057,181,50
OTP,0,20110104,091057,5240,100
FHB,0,20110104,091057,978,291
FHB,0,20110104,091057,980,5
FHB,0,20110104,091057,980,300
BUX1112,0,20110104,091059,22419,1
BUX1112,0,20110104,091059,22419,2
BUX1112,0,20110104,091059,22425,3
BUX1112,0,20110104,091059,22425,2
OTP,0,20110104,091103,5242,75
BUX1112,0,20110104,091104,22425,2
MTELEKOM,0,20110104,091104,544,500
MTELEKOM,0,20110104,091104,544,500
OTP,0,20110104,091105,5240,150
OTP,0,20110104,091105,5240,50
OTP,0,20110104,091105,5240,10
MOL,0,20110104,091107,21150,211
MOL,0,20110104,091107,21150,289
OTP,0,20110104,091108,5240,90
OTP,0,20110104,091108,5242,24
OTP,0,20110104,091108,5243,20
OTP,0,20110104,091108,5244,13
OTP,0,20110104,091108,5245,20
OTP,0,20110104,091108,5245,100
OTP,0,20110104,091108,5245,25
OTP,0,20110104,091108,5245,700
OTP,0,20110104,091108,5248,1000
OTP,0,20110104,091108,5248,100
OTP,0,20110104,091108,5248,20
OTP,0,20110104,091108,5248,100
OTP,0,20110104,091108,5249,432
OTP,0,20110104,091108,5249,200
OTP,0,20110104,091108,5249,50
OTP,0,20110104,091108,5249,100
OTP,0,20110104,091108,5249,8
OTP,0,20110104,091108,5249,1000
OTP,0,20110104,091108,5249,398
OTP,0,20110104,091110,5240,15
OTP,0,20110104,091111,5242,300
FHB,0,20110104,091111,980,404
BUX1112,0,20110104,091111,22425,3
MTELEKOM,0,20110104,091114,544,500
BUX1112,0,20110104,091115,22425,1
OTP,0,20110104,091116,5242,5
GENESIS,0,20110104,091116,181,30
BUX1112,0,20110104,091116,22428,5
BUX1112,0,20110104,091116,22429,11
BUX1112,0,20110104,091116,22430,5
BUX1112,0,20110104,091116,22430,3
BUX1112,0,20110104,091116,22432,1
OTP,0,20110104,091121,5242,120
MOL,0,20110104,091121,21150,105
OTP,0,20110104,091123,5247,450
OTP,0,20110104,091123,5249,2050
BUX1112,0,20110104,091130,22438,1
BUX1112,0,20110104,091130,22440,1
BUX1112,0,20110104,091130,22440,1
MTELEKOM,0,20110104,091132,544,300
MTELEKOM,0,20110104,091132,544,1000
MTELEKOM,0,20110104,091132,545,1104
MTELEKOM,0,20110104,091132,545,10
MTELEKOM,0,20110104,091132,545,500
MTELEKOM,0,20110104,091132,545,586
MTELEKOM,0,20110104,091132,543,460
MTELEKOM,0,20110104,091132,543,2000
MTELEKOM,0,20110104,091132,543,50
MTELEKOM,0,20110104,091132,543,2000
MTELEKOM,0,20110104,091132,543,4000
MTELEKOM,0,20110104,091132,543,41
MTELEKOM,0,20110104,091132,543,1400
MTELEKOM,0,20110104,091132,543,49
OTP,0,20110104,091135,5249,52
OTP,0,20110104,091135,5249,50
OTP,0,20110104,091135,5250,20
OTP,0,20110104,091135,5250,10
OTP,0,20110104,091135,5250,853
OTP,0,20110104,091135,5250,40
OTP,0,20110104,091135,5250,100
OTP,0,20110104,091135,5250,11
OTP,0,20110104,091135,5250,100
OTP,0,20110104,091135,5250,40
OTP,0,20110104,091135,5250,5
OTP,0,20110104,091135,5250,103
OTP,0,20110104,091135,5250,14
OTP,0,20110104,091135,5250,130
OTP,0,20110104,091135,5250,12
OTP,0,20110104,091135,5250,10
OTP,0,20110104,091135,5250,50
OTP,0,20110104,091135,5250,19
OTP,0,20110104,091135,5250,600
OTP,0,20110104,091135,5250,600
OTP,0,20110104,091136,5250,2000
MTELEKOM,0,20110104,091136,544,200
OTP,0,20110104,091137,5250,181
OTP,0,20110104,091137,5250,500
MOL,0,20110104,091138,21150,100
RICHTER,0,20110104,091140,42750,5
RICHTER,0,20110104,091140,42750,13
RICHTER,0,20110104,091140,42750,2
MTELEKOM,0,20110104,091142,544,100
MOL,0,20110104,091142,21150,20
BUX1112,0,20110104,091143,22440,4
BUX1112,0,20110104,091143,22445,5
BUX1112,0,20110104,091143,22447,1
MTELEKOM,0,20110104,091146,544,198
MTELEKOM,0,20110104,091148,543,951
MTELEKOM,0,20110104,091148,543,1000
MOL,0,20110104,091149,21150,180
MOL,0,20110104,091152,21150,28
BUX1112,0,20110104,091153,22445,20
BUX1112,0,20110104,091153,22447,5
OTP,0,20110104,091156,5248,100
OTP,0,20110104,091156,5248,177
OTP,0,20110104,091156,5248,323
MTELEKOM,0,20110104,091156,543,100
OTP,0,20110104,091158,5242,22
OTP,0,20110104,091158,5240,3
MOL,0,20110104,091158,21150,10
MOL,0,20110104,091158,21150,155
OTP,0,20110104,091201,5240,14
OTP,0,20110104,091202,5240,283
OTP,0,20110104,091202,5240,217
BUX1112,0,20110104,091203,22440,1
OTP,0,20110104,091204,5240,40
RICHTER,0,20110104,091205,42750,5
OTP,0,20110104,091206,5240,243
MOL,0,20110104,091209,21150,111
BUX1112,0,20110104,091211,22445,1
BUX1112,0,20110104,091213,22445,4
BUX1112,0,20110104,091213,22447,3
BUX1112,0,20110104,091213,22448,1
MTELEKOM,0,20110104,091214,543,3800
OTP,0,20110104,091217,5240,30
BUX1112,0,20110104,091217,22440,19
MTELEKOM,0,20110104,091222,543,240
OTP,0,20110104,091226,5239,20
OTP,0,20110104,091226,5240,727
OTP,0,20110104,091226,5240,200
OTP,0,20110104,091226,5240,50
OTP,0,20110104,091226,5240,3
MTELEKOM,0,20110104,091233,542,100
MTELEKOM,0,20110104,091241,543,500
OTP,0,20110104,091241,5240,97
RICHTER,0,20110104,091243,42750,7
RICHTER,0,20110104,091243,42750,3
MOL,0,20110104,091253,21160,10
OTP,0,20110104,091255,5240,2102
MOL,0,20110104,091257,21160,60
OTP,0,20110104,091257,5243,200
OTP,0,20110104,091257,5244,100
OTP,0,20110104,091257,5245,100
OTP,0,20110104,091257,5245,50
OTP,0,20110104,091257,5246,50
OTP,0,20110104,091257,5247,300
OTP,0,20110104,091257,5247,50
OTP,0,20110104,091257,5247,50
OTP,0,20110104,091257,5248,100
OTP,0,20110104,091257,5248,50
OTP,0,20110104,091257,5248,1000
OTP,0,20110104,091257,5249,5319
OTP,0,20110104,091257,5249,50
OTP,0,20110104,091257,5249,20
OTP,0,20110104,091257,5250,3000
OTP,0,20110104,091257,5250,25
OTP,0,20110104,091257,5250,300
OTP,0,20110104,091257,5250,1393
PVALTO,0,20110104,091259,1500,50
OTP,0,20110104,091300,5250,2843
MTELEKOM,0,20110104,091302,542,600
MTELEKOM,0,20110104,091302,542,1400
BUX1112,0,20110104,091308,22440,10
OTP,0,20110104,091311,5245,200
BUX1112,0,20110104,091311,22445,1
BUX1112,0,20110104,091311,22448,9
BUX1112,0,20110104,091311,22450,1
BUX1112,0,20110104,091311,22450,2
BUX1112,0,20110104,091311,22450,5
BUX1112,0,20110104,091311,22450,2
SYNERGON,0,20110104,091313,496,20
RICHTER,0,20110104,091314,42750,104
MTELEKOM,0,20110104,091321,543,85
BUX1112,0,20110104,091322,22475,1
BUX1112,0,20110104,091322,22479,1
BUX1112,0,20110104,091322,22479,1
OTP,0,20110104,091325,5245,36
RICHTER,0,20110104,091325,42750,6
PANNERGY,0,20110104,091329,925,51
PANNERGY,0,20110104,091329,926,449
OTP,0,20110104,091333,5248,4400
PHYLAXIA,0,20110104,091335,46,2200
BUX1112,0,20110104,091336,22479,3
MTELEKOM,0,20110104,091338,542,100
MTELEKOM,0,20110104,091338,542,25
MTELEKOM,0,20110104,091340,543,275
MTELEKOM,0,20110104,091340,543,605
OTP,0,20110104,091340,5249,500
RABA,0,20110104,091342,810,100
RABA,0,20110104,091342,811,132
OTP,0,20110104,091342,5249,35
BUX1112,0,20110104,091343,22478,2
BUX1112,0,20110104,091343,22478,20
BUX1112,0,20110104,091343,22478.5,1
BUX1112,0,20110104,091343,22479,7
BUX1112,0,20110104,091343,22450,10
BUX1112,0,20110104,091343,22450,30
BUX1112,0,20110104,091346,22440,11
BUX1112,0,20110104,091346,22440,4
RICHTER,0,20110104,091349,42750,20
PANNERGY,0,20110104,091353,926,200
OTP,0,20110104,091355,5249,165
OTP,0,20110104,091355,5250,145
OTP,0,20110104,091355,5250,159
OTP,0,20110104,091355,5250,200
OTP,0,20110104,091355,5250,331
PANNERGY,0,20110104,091359,926,351
OTP,0,20110104,091400,5247,54
FOTEX,0,20110104,091400,385,1000
MOL,0,20110104,091402,21170,20
OTP,0,20110104,091403,5247,10
RICHTER,0,20110104,091404,42750,10
BUX1112,0,20110104,091406,22468,1
BUX1112,0,20110104,091406,22469.5,1
BUX1112,0,20110104,091406,22470,5
MOL,0,20110104,091407,21170,19
OTP,0,20110104,091421,5248,25
OTP,0,20110104,091421,5248,114
OTP,0,20110104,091421,5245,61
OTP,0,20110104,091422,5250,69
OTP,0,20110104,091422,5250,20
OTP,0,20110104,091422,5250,50
OTP,0,20110104,091422,5250,500
OTP,0,20110104,091422,5250,361
OTP,0,20110104,091422,5250,639
OTP,0,20110104,091424,5250,25
MOL,0,20110104,091437,21170,11
BUX1112,0,20110104,091438,22455,5
BUX1112,0,20110104,091438,22452.5,1
BUX1112,0,20110104,091438,22452,3
OTP,0,20110104,091451,5250,250
OTP,0,20110104,091453,5251,20
OTP,0,20110104,091454,5250,60
OTP,0,20110104,091456,5250,26
OTP,0,20110104,091456,5250,100
OTP,0,20110104,091456,5250,74
BUX1112,0,20110104,091458,22445,1
BUX1112,0,20110104,091458,22445,5
BUX1112,0,20110104,091458,22445,1
OTP,0,20110104,091500,5250,1926
MTELEKOM,0,20110104,091504,542,475
MTELEKOM,0,20110104,091504,542,1146
MTELEKOM,0,20110104,091504,542,3690
MTELEKOM,0,20110104,091504,542,1400
BUX1112,0,20110104,091512,22445,5
OTP,0,20110104,091512,5250,74
OTP,0,20110104,091512,5250,398
MTELEKOM,0,20110104,091515,541,200
MTELEKOM,0,20110104,091515,541,880
BUX1112,0,20110104,091518,22445,1
PHYLAXIA,0,20110104,091519,46,2200
PHYLAXIA,0,20110104,091519,45,1
BUX1112,0,20110104,091519,22445,12
OTP,0,20110104,091523,5250,50
BUX1112,0,20110104,091525,22440,6
BUX1112,0,20110104,091525,22440,10
OTP,0,20110104,091525,5250,1478
OTP,0,20110104,091525,5250,473
OTP,0,20110104,091525,5250,20
OTP,0,20110104,091525,5250,29
MTELEKOM,0,20110104,091526,541,1315
MTELEKOM,0,20110104,091526,542,685
BUX1112,0,20110104,091527,22440,2
BUX1112,0,20110104,091529,22421,1
BUX1112,0,20110104,091529,22421,19
BUX1112,0,20110104,091531,22440,23
BUX1112,0,20110104,091531,22445,3
BUX1112,0,20110104,091531,22452,1
BUX1112,0,20110104,091531,22460,1
BUX1112,0,20110104,091531,22467,5
BUX1112,0,20110104,091531,22468,2
BUX1112,0,20110104,091531,22468,5
BUX1112,0,20110104,091531,22468.5,7
BUX1112,0,20110104,091531,22469,2
OTP,0,20110104,091538,5250,271
OTP,0,20110104,091538,5250,29
KEG,0,20110104,091538,139,1000
OTP,0,20110104,091541,5250,300
OTP,0,20110104,091542,5250,671
OTP,0,20110104,091544,5250,329
OTP,0,20110104,091545,5250,230
OTP,0,20110104,091546,5250,25
RICHTER,0,20110104,091556,42740,80
OTP,0,20110104,091557,5251,13
OTP,0,20110104,091600,5250,30
OTP,0,20110104,091602,5251,67
BUX1112,0,20110104,091602,22440,1
MTELEKOM,0,20110104,091607,541,129
OTP,0,20110104,091610,5251,1
MOL,0,20110104,091617,21175,5
RICHTER,0,20110104,091631,42700,30
RICHTER,0,20110104,091631,42700,5
RICHTER,0,20110104,091631,42700,20
RFV,0,20110104,091631,8535,10
BUX1112,0,20110104,091647,22440,9
BUX1112,0,20110104,091647,22450,18
BUX1112,0,20110104,091647,22450,18
OTP,0,20110104,091653,5251,332
OTP,0,20110104,091653,5251,500
OTP,0,20110104,091653,5251,20
OTP,0,20110104,091653,5250,148
MTELEKOM,0,20110104,091656,541,150
OTP,0,20110104,091701,5250,40
MTELEKOM,0,20110104,091706,540,1000
MTELEKOM,0,20110104,091706,540,1000
MTELEKOM,0,20110104,091706,540,3000
MTELEKOM,0,20110104,091706,540,235
OTP,0,20110104,091707,5253,30
OTP,0,20110104,091707,5253,346
MTELEKOM,0,20110104,091709,540,1721
OTP,0,20110104,091720,5253,654
OTP,0,20110104,091724,5253,100
MTELEKOM,0,20110104,091724,541,125
MTELEKOM,0,20110104,091724,541,75
MOL,0,20110104,091730,21175,37
OTP,0,20110104,091731,5253,100
BUX1112,0,20110104,091741,22450,2
BUX1112,0,20110104,091741,22450,1
BUX1112,0,20110104,091741,22450,5
OTP,0,20110104,091744,5253,100
OTP,0,20110104,091748,5254,10
OTP,0,20110104,091748,5254,50
OTP,0,20110104,091750,5255,20
OTP,0,20110104,091750,5257,20
OTP,0,20110104,091750,5257,100
OTP,0,20110104,091750,5258,100
OTP,0,20110104,091750,5258,100
OTP,0,20110104,091750,5258,100
OTP,0,20110104,091750,5258,50
OTP,0,20110104,091750,5259,274
OTP,0,20110104,091750,5259,1150
OTP,0,20110104,091750,5259,100
OTP,0,20110104,091750,5260,500
OTP,0,20110104,091750,5260,94
OTP,0,20110104,091750,5260,1250
OTP,0,20110104,091750,5260,100
OTP,0,20110104,091750,5260,800
OTP,0,20110104,091750,5260,500
OTP,0,20110104,091750,5260,4742
BUX1112,0,20110104,091802,22455,2
MOL,0,20110104,091803,21175,178
MOL,0,20110104,091809,21180,2
BUX1112,0,20110104,091811,22455,2
MTELEKOM,0,20110104,091816,541,150
RICHTER,0,20110104,091817,42600,18
BUX1112,0,20110104,091817,22450,17
BUX1112,0,20110104,091821,22450,1
BUX1112,0,20110104,091821,22455,1
BUX1112,0,20110104,091823,22455,1
BUX1112,0,20110104,091823,22450,2
OTP,0,20110104,091824,5260,25
OTP,0,20110104,091824,5254,25
OTP,0,20110104,091828,5254,50
MTELEKOM,0,20110104,091829,541,75
MTELEKOM,0,20110104,091829,542,9925
OTP,0,20110104,091831,5254,65
OTP,0,20110104,091831,5254,71
RICHTER,0,20110104,091841,42695,33
RICHTER,0,20110104,091841,42700,27
MOL,0,20110104,091841,21185,30
OTP,0,20110104,091848,5256,45
BUX1112,0,20110104,091851,22455,1
BUX1112,0,20110104,091854,22450,1
BUX1112,0,20110104,091854,22449,19
OTP,0,20110104,091900,5258,100
OTP,0,20110104,091900,5259,20
OTP,0,20110104,091900,5260,233
OTP,0,20110104,091901,5265,50
OTP,0,20110104,091901,5265,5
OTP,0,20110104,091901,5260,1
OTP,0,20110104,091910,5260,573
MOL,0,20110104,091912,21190,20
MOL,0,20110104,091912,21190,20
MOL,0,20110104,091912,21190,180
OTP,0,20110104,091913,5260,40
OTP,0,20110104,091915,5262,25
ANY,0,20110104,091915,740,4
OTP,0,20110104,091924,5262,20
MTELEKOM,0,20110104,091928,541,250
MTELEKOM,0,20110104,091928,541,350
BUX1112,0,20110104,091930,22450,15
OTP,0,20110104,091932,5265,7
OTP,0,20110104,091932,5265,280
OTP,0,20110104,091932,5265,250
BUX1112,0,20110104,091935,22460,1
BUX1112,0,20110104,091935,22463,1
BUX1112,0,20110104,091935,22464,5
BUX1112,0,20110104,091935,22465,2
BUX1112,0,20110104,091935,22468,7
OTP,0,20110104,091940,5267,10
OTP,0,20110104,091940,5267,100
OTP,0,20110104,091940,5268,100
OTP,0,20110104,091940,5268,500
OTP,0,20110104,091940,5268,200
OTP,0,20110104,091940,5269,5040
OTP,0,20110104,091940,5270,170
OTP,0,20110104,091940,5270,60
OTP,0,20110104,091940,5270,50
OTP,0,20110104,091940,5270,92
OTP,0,20110104,091940,5270,2500
OTP,0,20110104,091940,5270,100
OTP,0,20110104,091940,5270,78
OTP,0,20110104,091940,5270,42
OTP,0,20110104,091953,5270,20
OTP,0,20110104,091953,5270,15
OTP,0,20110104,091953,5270,100
OTP,0,20110104,091953,5270,10
BUX1112,0,20110104,091957,22460,3
BUX1112,0,20110104,091957,22468,3
BUX1112,0,20110104,091957,22468,1
BUX1112,0,20110104,091957,22469,3
OTP,0,20110104,092001,5273,500
OTP,0,20110104,092001,5274,13
OTP,0,20110104,092001,5274,304
OTP,0,20110104,092001,5275,183
OTP,0,20110104,092001,5275,7
OTP,0,20110104,092001,5275,25
OTP,0,20110104,092001,5275,8
OTP,0,20110104,092001,5275,18
OTP,0,20110104,092001,5275,942
BUX1112,0,20110104,092001,22469,3
OTP,0,20110104,092002,5275,1000
MTELEKOM,0,20110104,092002,542,1500
MTELEKOM,0,20110104,092002,542,1400
MTELEKOM,0,20110104,092002,542,1400
MTELEKOM,0,20110104,092002,542,1100
FHB,0,20110104,092002,980,96
FHB,0,20110104,092002,983,150
FHB,0,20110104,092002,983,80
FHB,0,20110104,092002,983,430
FHB,0,20110104,092002,985,200
FHB,0,20110104,092002,985,200
FHB,0,20110104,092002,985,1344
OTP,0,20110104,092005,5270,30
RICHTER,0,20110104,092011,42740,39
RICHTER,0,20110104,092011,42740,97
OTP,0,20110104,092012,5275,58
OTP,0,20110104,092012,5275,150
OTP,0,20110104,092012,5275,100
OTP,0,20110104,092012,5275,8
OTP,0,20110104,092012,5275,200
MOL,0,20110104,092012,21195,10
MTELEKOM,0,20110104,092014,542,720
BUX1112,0,20110104,092017,22469,12
BUX1112,0,20110104,092017,22469,5
BUX1112,0,20110104,092017,22470,5
BUX1112,0,20110104,092017,22470,5
BUX1112,0,20110104,092017,22478,1
OTP,0,20110104,092017,5276,58
OTP,0,20110104,092017,5275,1181
RICHTER,0,20110104,092019,42605,14
MOL,0,20110104,092019,21190,330
MOL,0,20110104,092019,21190,13
MTELEKOM,0,20110104,092024,543,500
OTP,0,20110104,092026,5275,100
OTP,0,20110104,092027,5278,300
OTP,0,20110104,092027,5279,500
OTP,0,20110104,092027,5279,100
OTP,0,20110104,092027,5280,100
OTP,0,20110104,092027,5280,620
OTP,0,20110104,092027,5280,40
OTP,0,20110104,092027,5280,100
OTP,0,20110104,092027,5280,200
OTP,0,20110104,092027,5280,17
OTP,0,20110104,092027,5280,50
OTP,0,20110104,092027,5280,20
OTP,0,20110104,092027,5280,12
OTP,0,20110104,092027,5280,79
OTP,0,20110104,092027,5280,21
OTP,0,20110104,092027,5280,20
MOL,0,20110104,092027,21195,10
MOL,0,20110104,092027,21195,5
MOL,0,20110104,092027,21200,9
MOL,0,20110104,092027,21200,5
MOL,0,20110104,092027,21200,43
MOL,0,20110104,092027,21200,5
OTP,0,20110104,092030,5280,10
ANY,0,20110104,092031,740,6
MOL,0,20110104,092033,21200,12
OTP,0,20110104,092034,5280,100
OTP,0,20110104,092034,5280,450
OTP,0,20110104,092036,5281,100
OTP,0,20110104,092037,5281,300
BUX1112,0,20110104,092037,22478,1
BUX1112,0,20110104,092039,22478.5,2
BUX1112,0,20110104,092039,22479,5
BUX1112,0,20110104,092039,22480,1
BUX1112,0,20110104,092039,22480,3
BUX1112,0,20110104,092039,22480,1
OTP,0,20110104,092040,5284,200
OTP,0,20110104,092040,5284,140
OTP,0,20110104,092040,5284,200
OTP,0,20110104,092040,5285,198
OTP,0,20110104,092040,5285,1000
OTP,0,20110104,092040,5285,1000
OTP,0,20110104,092040,5285,200
OTP,0,20110104,092042,5285,62
OTP,0,20110104,092042,5281,128
OTP,0,20110104,092044,5287,500
OTP,0,20110104,092044,5288,500
OTP,0,20110104,092044,5288,1000
BUX1112,0,20110104,092045,22481,1
BUX1112,0,20110104,092045,22483,3
BUX1112,0,20110104,092045,22484,15
BUX1112,0,20110104,092045,22485,15
BUX1112,0,20110104,092045,22485,25
BUX1112,0,20110104,092045,22485,29
ETFBUXOTP,0,20110104,092046,915,500
MOL,0,20110104,092046,21200,5
EGIS,0,20110104,092047,20150,1
MTELEKOM,0,20110104,092048,542,108
OTP,0,20110104,092048,5281,27
MOL,0,20110104,092048,21190,7
RICHTER,0,20110104,092048,42610,2
OTP,0,20110104,092052,5283,100
OTP,0,20110104,092053,5285,25
MOL,0,20110104,092055,21200,10
FHB,0,20110104,092057,985,156
FHB,0,20110104,092057,987,200
FHB,0,20110104,092057,989,1144
OTP,0,20110104,092057,5285,250
BUX1112,0,20110104,092059,22484,4
BUX1112,0,20110104,092059,22485,1
OTP,0,20110104,092100,5288,500
OTP,0,20110104,092100,5288,1000
OTP,0,20110104,092100,5289,14
OTP,0,20110104,092100,5289,50
OTP,0,20110104,092100,5289,100
OTP,0,20110104,092100,5289,10
OTP,0,20110104,092100,5289,100
OTP,0,20110104,092100,5290,63
OTP,0,20110104,092100,5290,15
OTP,0,20110104,092100,5290,200
OTP,0,20110104,092100,5290,20
OTP,0,20110104,092100,5290,50
OTP,0,20110104,092100,5290,60
OTP,0,20110104,092100,5290,20
OTP,0,20110104,092100,5290,13
OTP,0,20110104,092100,5290,40
OTP,0,20110104,092101,5290,2745
OTP,0,20110104,092103,5285,97
OTP,0,20110104,092104,5285,528
OTP,0,20110104,092104,5285,97
OTP,0,20110104,092107,5289,5
OTP,0,20110104,092109,5285,20
MTELEKOM,0,20110104,092109,543,400
RABA,0,20110104,092111,812,64
RABA,0,20110104,092111,812,50
RABA,0,20110104,092111,813,86
OTP,0,20110104,092112,5285,20
OTP,0,20110104,092113,5289,2250
OTP,0,20110104,092113,5289,2750
OTP,0,20110104,092120,5289,40
OTP,0,20110104,092120,5285,500
OTP,0,20110104,092122,5289,100
OTP,0,20110104,092125,5285,363
OTP,0,20110104,092125,5285,5
OTP,0,20110104,092125,5285,132
OTP,0,20110104,092125,5289,2110
OTP,0,20110104,092125,5290,1000
OTP,0,20110104,092126,5290,100
OTP,0,20110104,092126,5290,1658
FHB,0,20110104,092126,989,20
FHB,0,20110104,092126,990,1180
OTP,0,20110104,092127,5285,30
OTP,0,20110104,092132,5281,400
OTP,0,20110104,092137,5285,5
BUX1112,0,20110104,092143,22484,6
BUX1112,0,20110104,092143,22485,20
BUX1112,0,20110104,092143,22485,24
OTP,0,20110104,092145,5281,45
OTP,0,20110104,092145,5281,1000
OTP,0,20110104,092145,5281,50
OTP,0,20110104,092145,5281,390
OTP,0,20110104,092145,5280,1515
OTP,0,20110104,092145,5280,200
OTP,0,20110104,092148,5280,300
MOL,0,20110104,092151,21190,9
OTP,0,20110104,092151,5280,71
OTP,0,20110104,092151,5275,169
FHB,0,20110104,092151,989,260
FHB,0,20110104,092151,990,740
MOL,0,20110104,092152,21190,21
MOL,0,20110104,092152,21190,3
MOL,0,20110104,092152,21190,150
MOL,0,20110104,092152,21190,9
MOL,0,20110104,092152,21190,42
OTP,0,20110104,092152,5275,534
OTP,0,20110104,092152,5270,200
MOL,0,20110104,092153,21190,175
MOL,0,20110104,092153,21195,3
MOL,0,20110104,092153,21200,122
OTP,0,20110104,092156,5265,20
PANNERGY,0,20110104,092200,924,300
PANNERGY,0,20110104,092200,925,44
PANNERGY,0,20110104,092200,926,474
PANNERGY,0,20110104,092200,926,182
OTP,0,20110104,092206,5270,1166
OTP,0,20110104,092206,5270,37
OTP,0,20110104,092219,5280,100
OTP,0,20110104,092219,5280,200
BUX1112,0,20110104,092220,22470,2
BUX1112,0,20110104,092220,22478,20
BUX1112,0,20110104,092220,22479,1
BUX1112,0,20110104,092220,22479,10
BUX1112,0,20110104,092220,22480,17
MOL,0,20110104,092227,21190,4
BUX1112,0,20110104,092229,22475,10
BUX1112,0,20110104,092229,22479,10
BUX1112,0,20110104,092229,22480,23
BUX1112,0,20110104,092229,22480,10
OTP,0,20110104,092229,5275,1000
OTP,0,20110104,092231,5280,1000
OTP,0,20110104,092234,5280,500
MTELEKOM,0,20110104,092239,543,1100
MTELEKOM,0,20110104,092240,543,190
MOL,0,20110104,092246,21190,46
MOL,0,20110104,092246,21190,44
BUX1112,0,20110104,092249,22484,1
BUX1112,0,20110104,092249,22484,4
OTP,0,20110104,092252,5279,8
OTP,0,20110104,092253,5279,292
OTP,0,20110104,092253,5280,503
OTP,0,20110104,092254,5280,30
OTP,0,20110104,092256,5280,1000
MOL,0,20110104,092258,21190,6
MOL,0,20110104,092258,21195,14
OTP,0,20110104,092300,5280,50
OTP,0,20110104,092302,5280,50
OTP,0,20110104,092308,5283,100
OTP,0,20110104,092308,5283,100
OTP,0,20110104,092308,5283,1000
OTP,0,20110104,092308,5283,34
BUX1112,0,20110104,092308,22480,20
BUX1112,0,20110104,092309,22484,6
BUX1112,0,20110104,092309,22484,1
BUX1112,0,20110104,092309,22485,13
OTP,0,20110104,092312,5283,3
OTP,0,20110104,092318,5282,170
OTP,0,20110104,092324,5282,22
OTP,0,20110104,092325,5281,25
MTELEKOM,0,20110104,092326,543,205
MTELEKOM,0,20110104,092326,543,400
MTELEKOM,0,20110104,092326,543,200
MTELEKOM,0,20110104,092326,543,882
OTP,0,20110104,092327,5282,250
OTP,0,20110104,092328,5281,18
OTP,0,20110104,092329,5281,50
EGIS,0,20110104,092331,20150,38
FHB,0,20110104,092331,978,299
MOL,0,20110104,092331,21180,10
MOL,0,20110104,092331,21175,100
MOL,0,20110104,092331,21170,3
MOL,0,20110104,092331,21160,25
MOL,0,20110104,092331,21150,20
MOL,0,20110104,092331,21150,50
MTELEKOM,0,20110104,092331,542,322
MTELEKOM,0,20110104,092331,542,1200
MTELEKOM,0,20110104,092331,542,200
MTELEKOM,0,20110104,092331,542,2000
MTELEKOM,0,20110104,092331,542,1041
OTP,0,20110104,092331,5281,1288
RICHTER,0,20110104,092331,42620,3
RICHTER,0,20110104,092331,42620,21
RICHTER,0,20110104,092331,42615,10
RICHTER,0,20110104,092331,42615,58
RICHTER,0,20110104,092331,42610,7
SYNERGON,0,20110104,092332,488,2
PANNERGY,0,20110104,092334,926,382
PANNERGY,0,20110104,092334,927,618
OTP,0,20110104,092335,5281,619
OTP,0,20110104,092338,5280,1575
MOL,0,20110104,092341,21145,10
MOL,0,20110104,092342,21150,10
MTELEKOM,0,20110104,092347,543,118
MTELEKOM,0,20110104,092347,543,1505
MTELEKOM,0,20110104,092347,543,125
MTELEKOM,0,20110104,092347,543,52
OTP,0,20110104,092347,5280,20
BUX1112,0,20110104,092348,22480,25
MTELEKOM,0,20110104,092350,542,359
OTP,0,20110104,092352,5271,610
BUX1112,0,20110104,092354,22485,3
BUX1112,0,20110104,092354,22485,1
FHB,0,20110104,092400,990,80
FHB,0,20110104,092400,990,900
FHB,0,20110104,092400,990,20
OTP,0,20110104,092400,5280,180
OTP,0,20110104,092400,5280,618
OTP,0,20110104,092400,5280,300
OTP,0,20110104,092400,5280,2000
OTP,0,20110104,092400,5280,1000
BUX1112,0,20110104,092402,22485,1
BUX1112,0,20110104,092409,22485,2
BUX1112,0,20110104,092409,22480,1
OTP,0,20110104,092411,5280,50
OTP,0,20110104,092411,5280,1000
RICHTER,0,20110104,092411,42795,10
PANNERGY,0,20110104,092412,927,49
BUX1112,0,20110104,092414,22480,1
BUX1112,0,20110104,092414,22480,1
BUX1112,0,20110104,092414,22485,2
OTP,0,20110104,092417,5280,100
OTP,0,20110104,092421,5282,50
OTP,0,20110104,092421,5283,47
OTP,0,20110104,092421,5284,800
OTP,0,20110104,092421,5284,50
OTP,0,20110104,092421,5284,100
OTP,0,20110104,092421,5285,3000
OTP,0,20110104,092421,5285,200
OTP,0,20110104,092421,5285,25
OTP,0,20110104,092421,5285,1000
OTP,0,20110104,092421,5285,30
OTP,0,20110104,092421,5285,1000
OTP,0,20110104,092421,5285,37
BUX1112,0,20110104,092422,22485,1
MOL,0,20110104,092426,21150,10
OTP,0,20110104,092431,5285,100
OTP,0,20110104,092431,5287,200
OTP,0,20110104,092431,5287,13
OTP,0,20110104,092431,5288,842
OTP,0,20110104,092431,5288,8
OTP,0,20110104,092431,5290,100
OTP,0,20110104,092431,5290,2000
OTP,0,20110104,092431,5290,70
OTP,0,20110104,092434,5290,18
OTP,0,20110104,092437,5290,1050
MOL,0,20110104,092438,21150,53
OTP,0,20110104,092442,5290,9
OTP,0,20110104,092443,5292,50
OTP,0,20110104,092443,5292,100
OTP,0,20110104,092443,5293,50
OTP,0,20110104,092443,5290,100
OTP,0,20110104,092443,5293,180
OTP,0,20110104,092450,5290,10
BUX1112,0,20110104,092500,22480,19
OTP,0,20110104,092504,5290,250
BUX1112,0,20110104,092507,22480,10
OTP,0,20110104,092511,5290,96
OTP,0,20110104,092514,5290,234
OTP,0,20110104,092514,5290,766
OTP,0,20110104,092515,5290,100
OTP,0,20110104,092515,5290,370
MOL,0,20110104,092516,21135,6
MOL,0,20110104,092516,21135,31
RICHTER,0,20110104,092517,42795,5
OTP,0,20110104,092518,5290,100
MTELEKOM,0,20110104,092518,542,200
BUX1112,0,20110104,092522,22489,1
OTP,0,20110104,092524,5293,150
OTP,0,20110104,092524,5293,10
OTP,0,20110104,092524,5293,240
BUX1112,0,20110104,092526,22490,1
OTP,0,20110104,092530,5293,500
MTELEKOM,0,20110104,092533,542,2
OTP,0,20110104,092535,5293,902
PANNERGY,0,20110104,092538,927,60
OTP,0,20110104,092539,5293,4558
OTP,0,20110104,092540,5293,50
OTP,0,20110104,092543,5293,7
OTP,0,20110104,092543,5293,385
OTP,0,20110104,092546,5294,585
OTP,0,20110104,092548,5292,200
OTP,0,20110104,092551,5292,300
OTP,0,20110104,092554,5290,69
OTP,0,20110104,092558,5290,1500
MTELEKOM,0,20110104,092559,542,439
MTELEKOM,0,20110104,092559,542,61
MTELEKOM,0,20110104,092601,542,939
MTELEKOM,0,20110104,092605,541,500
MTELEKOM,0,20110104,092605,541,65
MTELEKOM,0,20110104,092605,541,58
MTELEKOM,0,20110104,092605,541,1737
MTELEKOM,0,20110104,092605,541,1570
OTP,0,20110104,092605,5292,15
OTP,0,20110104,092605,5292,50
OTP,0,20110104,092605,5294,415
OTP,0,20110104,092605,5294,25
OTP,0,20110104,092605,5294,918
ANY,0,20110104,092606,740,34
OTP,0,20110104,092606,5290,100
BUX1112,0,20110104,092607,22490,1
MTELEKOM,0,20110104,092610,541,110
OTP,0,20110104,092613,5290,300
MTELEKOM,0,20110104,092616,541,960
OTP,0,20110104,092616,5294,82
BUX1112,0,20110104,092616,22483,1
OTP,0,20110104,092620,5292,100
OTP,0,20110104,092623,5292,25
OTP,0,20110104,092624,5292,62
OTP,0,20110104,092625,5292,10
PANNERGY,0,20110104,092625,927,200
OTP,0,20110104,092632,5291,493
MTELEKOM,0,20110104,092633,542,1000
BUX1112,0,20110104,092637,22490,1
MTELEKOM,0,20110104,092639,542,500
RICHTER,0,20110104,092642,42700,18
KEG,0,20110104,092644,139,1500
KEG,0,20110104,092644,139,700
OTP,0,20110104,092647,5291,400
OTP,0,20110104,092648,5291,50
BUX1112,0,20110104,092648,22490,1
BUX1112,0,20110104,092648,22492,1
BUX1112,0,20110104,092648,22492,6
BUX1112,0,20110104,092648,22493,4
BUX1112,0,20110104,092648,22495,2
BUX1112,0,20110104,092648,22495,2
BUX1112,0,20110104,092648,22495,5
BUX1112,0,20110104,092648,22496,1
BUX1112,0,20110104,092648,22497,10
BUX1112,0,20110104,092648,22498,2
BUX1112,0,20110104,092648,22498,2
BUX1112,0,20110104,092648,22499,64
EGIS,0,20110104,092650,20150,12
EGIS,0,20110104,092650,20120,26
FHB,0,20110104,092650,980,12
FHB,0,20110104,092650,979,287
MOL,0,20110104,092650,21140,51
MOL,0,20110104,092650,21135,4
MOL,0,20110104,092650,21135,136
MOL,0,20110104,092650,21135,3
MOL,0,20110104,092650,21135,124
MTELEKOM,0,20110104,092651,542,4561
MTELEKOM,0,20110104,092651,542,202
OTP,0,20110104,092651,5291,1288
RICHTER,0,20110104,092651,42700,99
OTP,0,20110104,092654,5291,20
BUX1112,0,20110104,092701,22490,2
BUX1112,0,20110104,092701,22490,15
BUX1112,0,20110104,092701,22499,13
BUX1112,0,20110104,092708,22499,23
BUX1112,0,20110104,092708,22500,5
BUX1112,0,20110104,092708,22500,2
OTP,0,20110104,092710,5291,49
OTP,0,20110104,092711,5290,100
BUX1112,0,20110104,092711,22500,1
BUX1112,0,20110104,092711,22500,10
BUX1112,0,20110104,092711,22500,20
BUX1112,0,20110104,092711,22500,1
BUX1112,0,20110104,092711,22500,1
BUX1112,0,20110104,092711,22500,50
OTP,0,20110104,092717,5290,200
BUX1112,0,20110104,092718,22511,1
OTP,0,20110104,092719,5290,280
OTP,0,20110104,092719,5290,100
PANNERGY,0,20110104,092720,927,5
OTP,0,20110104,092720,5291,50
OTP,0,20110104,092720,5291,400
OTP,0,20110104,092723,5291,15
EGIS,0,20110104,092725,20125,25
EGIS,0,20110104,092725,20120,13
FHB,0,20110104,092725,979,213
FHB,0,20110104,092725,978,86
MOL,0,20110104,092725,21135,76
MOL,0,20110104,092725,21130,3
MOL,0,20110104,092725,21130,150
MOL,0,20110104,092725,21125,39
MOL,0,20110104,092725,21120,6
MOL,0,20110104,092725,21110,44
MTELEKOM,0,20110104,092725,542,1521
MTELEKOM,0,20110104,092725,541,1000
MTELEKOM,0,20110104,092725,541,1300
MTELEKOM,0,20110104,092725,541,500
MTELEKOM,0,20110104,092725,540,44
MTELEKOM,0,20110104,092725,540,398
MTELEKOM,0,20110104,092725,540,502
MTELEKOM,0,20110104,092725,540,128
OTP,0,20110104,092725,5291,1288
PVALTO,0,20110104,092726,1500,25
RICHTER,0,20110104,092726,42745,21
RICHTER,0,20110104,092726,42700,44
RICHTER,0,20110104,092726,42700,34
RICHTER,0,20110104,092727,42705,13
MTELEKOM,0,20110104,092732,542,200
BUX1112,0,20110104,092732,22511,3
OTP,0,20110104,092733,5291,200
OTP,0,20110104,092734,5291,647
OTP,0,20110104,092734,5290,115
OTP,0,20110104,092734,5290,20
OTP,0,20110104,092734,5290,3489
OTP,0,20110104,092734,5290,729
OTP,0,20110104,092737,5290,6
MOL,0,20110104,092739,21150,40
OTP,0,20110104,092740,5290,165
OTP,0,20110104,092740,5290,100
OTP,0,20110104,092740,5290,1000
MOL,0,20110104,092741,21150,1
BUX1112,0,20110104,092742,22502,10
BUX1112,0,20110104,092744,22500,17
OTP,0,20110104,092754,5290,114
OTP,0,20110104,092755,5285,888
MTELEKOM,0,20110104,092800,542,800
MTELEKOM,0,20110104,092800,542,1000
MTELEKOM,0,20110104,092800,542,3000
MTELEKOM,0,20110104,092800,542,400
OTP,0,20110104,092801,5285,112
OTP,0,20110104,092803,5290,86
OTP,0,20110104,092803,5290,100
OTP,0,20110104,092803,5290,100
OTP,0,20110104,092803,5290,85
MTELEKOM,0,20110104,092805,542,150
MOL,0,20110104,092809,21135,53
GSPARK,0,20110104,092820,782,82
MTELEKOM,0,20110104,092822,542,170
BUX1112,0,20110104,092829,22490.5,4
OTP,0,20110104,092841,5283,15
BUX1112,0,20110104,092846,22483.5,1
BUX1112,0,20110104,092846,22483,16
BUX1112,0,20110104,092846,22480,3
MOL,0,20110104,092847,21140,65
BUX1112,0,20110104,092848,22490,10
OTP,0,20110104,092849,5290,150
OTP,0,20110104,092849,5290,140
OTP,0,20110104,092858,5290,19
MTELEKOM,0,20110104,092900,541,500
OTP,0,20110104,092900,5290,1393
OTP,0,20110104,092902,5290,200
OTP,0,20110104,092903,5290,20
OTP,0,20110104,092903,5290,1078
BUX1112,0,20110104,092903,22490.5,1
MOL,0,20110104,092914,21140,10
RFV,0,20110104,092915,8485,16
OTP,0,20110104,092916,5290,220
OTP,0,20110104,092916,5290,1150
BUX1112,0,20110104,092916,22480,25
OTP,0,20110104,092918,5283,1
RICHTER,0,20110104,092920,42700,66
RICHTER,0,20110104,092920,42700,40
OTP,0,20110104,092922,5289,30
MTELEKOM,0,20110104,092927,542,780
MTELEKOM,0,20110104,092927,542,137
OTP,0,20110104,092928,5290,1000
BUX1112,0,20110104,092933,22483,5
OTP,0,20110104,092933,5290,970
FOTEX,0,20110104,092936,386,100
FOTEX,0,20110104,092936,386,582
FOTEX,0,20110104,092936,387,1020
FOTEX,0,20110104,092936,387,340
FOTEX,0,20110104,092936,388,1323
FOTEX,0,20110104,092936,388,100
FOTEX,0,20110104,092936,389,500
FOTEX,0,20110104,092936,389,150
FOTEX,0,20110104,092936,390,300
FOTEX,0,20110104,092936,390,10
FOTEX,0,20110104,092936,390,200
FOTEX,0,20110104,092936,390,700
FOTEX,0,20110104,092936,392,900
FOTEX,0,20110104,092936,392,1000
FOTEX,0,20110104,092936,393,270
FOTEX,0,20110104,092936,393,200
FOTEX,0,20110104,092936,394,100
FOTEX,0,20110104,092936,395,2205
BUX1112,0,20110104,092941,22483,5
FOTEX,0,20110104,092946,393,300
PANNERGY,0,20110104,092949,926,320
SYNERGON,0,20110104,093002,495,1
MOL,0,20110104,093005,21110,21
MOL,0,20110104,093005,21110,37
MOL,0,20110104,093005,21105,5
MOL,0,20110104,093005,21105,15
MOL,0,20110104,093005,21105,50
MOL,0,20110104,093005,21100,10
MOL,0,20110104,093005,21100,19
MOL,0,20110104,093005,21100,50
MOL,0,20110104,093005,21100,10
MOL,0,20110104,093005,21100,60
ANY,0,20110104,093006,740,300
MTELEKOM,0,20110104,093010,542,2863
MTELEKOM,0,20110104,093010,542,500
MTELEKOM,0,20110104,093010,542,4437
BUX1112,0,20110104,093010,22480,20
BUX1112,0,20110104,093014,22480,20
BUX1112,0,20110104,093014,22480,25
EGIS,0,20110104,093019,20125,30
EGIS,0,20110104,093019,20120,8
FHB,0,20110104,093019,978,115
FHB,0,20110104,093019,977,184
PANNERGY,0,20110104,093020,927,68
PANNERGY,0,20110104,093020,927,230
MTELEKOM,0,20110104,093020,541,4763
OTP,0,20110104,093020,5286,153
OTP,0,20110104,093020,5283,1135
BUX1112,0,20110104,093020,22480,2
RICHTER,0,20110104,093020,42655,25
RICHTER,0,20110104,093020,42650,20
RICHTER,0,20110104,093020,42610,10
RICHTER,0,20110104,093020,42600,25
RICHTER,0,20110104,093020,42600,1
RICHTER,0,20110104,093020,42600,18
BUX1112,0,20110104,093021,22480,4
RICHTER,0,20110104,093022,42600,22
RICHTER,0,20110104,093022,42600,15
OTP,0,20110104,093025,5283,500
BUX1112,0,20110104,093025,22480,1
OTP,0,20110104,093028,5283,849
OTP,0,20110104,093028,5282,531
OTP,0,20110104,093028,5282,150
MOL,0,20110104,093028,21060,42
MTELEKOM,0,20110104,093029,541,2039
OTP,0,20110104,093031,5283,200
MTELEKOM,0,20110104,093034,542,712
MTELEKOM,0,20110104,093034,542,500
MTELEKOM,0,20110104,093034,542,300
MTELEKOM,0,20110104,093034,543,5097
MTELEKOM,0,20110104,093034,543,1000
MTELEKOM,0,20110104,093034,543,100
MTELEKOM,0,20110104,093034,543,4500
MTELEKOM,0,20110104,093034,543,1000
MTELEKOM,0,20110104,093034,543,2500
MTELEKOM,0,20110104,093034,543,200
MTELEKOM,0,20110104,093034,544,502
MTELEKOM,0,20110104,093034,544,3589
MOL,0,20110104,093035,21060,50
OTP,0,20110104,093040,5283,1054
OTP,0,20110104,093043,5283,1000
HUMET,0,20110104,093044,9,3300
MOL,0,20110104,093044,21055,20
MOL,0,20110104,093044,21055,72
OTP,0,20110104,093044,5283,746
OTP,0,20110104,093044,5281,4
OTP,0,20110104,093044,5280,304
RABA,0,20110104,093048,813,24
RABA,0,20110104,093048,814,150
RABA,0,20110104,093048,814,70
RABA,0,20110104,093048,814,50
RABA,0,20110104,093048,814,250
RABA,0,20110104,093048,814,500
RABA,0,20110104,093048,815,500
RABA,0,20110104,093048,815,200
RABA,0,20110104,093048,815,1000
BUX1112,0,20110104,093050,22470,4
OTP,0,20110104,093052,5280,646
OTP,0,20110104,093052,5280,100
MOL,0,20110104,093053,21055,83
BUX1112,0,20110104,093056,22470,1
PANNERGY,0,20110104,093058,927,200
OTP,0,20110104,093105,5273,5
OTP,0,20110104,093105,5273,318
OTP,0,20110104,093105,5272,682
OTP,0,20110104,093109,5272,200
BUX1112,0,20110104,093109,22463,5
ANY,0,20110104,093110,742,70
OTP,0,20110104,093110,5274,600
HUMET,0,20110104,093113,9,10269
HUMET,0,20110104,093113,9,37000
HUMET,0,20110104,093113,9,19731
OTP,0,20110104,093114,5274,621
OTP,0,20110104,093115,5280,200
RABA,0,20110104,093118,817,100
RABA,0,20110104,093118,818,700
BUX1112,0,20110104,093118,22463,1
ANY,0,20110104,093118,740,80
MOL,0,20110104,093122,21060,8
MOL,0,20110104,093124,21055,5
RICHTER,0,20110104,093126,42565,15
OTP,0,20110104,093129,5280,300
OTP,0,20110104,093129,5280,754
OTP,0,20110104,093130,5280,246
OTP,0,20110104,093130,5280,300
OTP,0,20110104,093130,5280,500
OTP,0,20110104,093130,5280,13
OTP,0,20110104,093130,5280,25
BUX1112,0,20110104,093132,22462,5
MOL,0,20110104,093132,21055,100
OTP,0,20110104,093133,5280,300
OTP,0,20110104,093133,5280,716
OTP,0,20110104,093137,5280,300
OTP,0,20110104,093137,5280,754
BUX1112,0,20110104,093137,22463,1
FOTEX,0,20110104,093139,387,900
FHB,0,20110104,093139,977,219
FHB,0,20110104,093139,976,287
MOL,0,20110104,093140,21055,12
MOL,0,20110104,093140,21055,88
BUX1112,0,20110104,093142,22462,5
BUX1112,0,20110104,093142,22460,5
OTP,0,20110104,093144,5280,262
OTP,0,20110104,093144,5280,200
OTP,0,20110104,093147,5285,200
BUX1112,0,20110104,093149,22460,1
BUX1112,0,20110104,093151,22460,5
OTP,0,20110104,093153,5280,500
BUX1112,0,20110104,093153,22460,10
OTP,0,20110104,093155,5285,400
BUX1112,0,20110104,093159,22460,24
BUX1112,0,20110104,093159,22450,1
BUX1112,0,20110104,093159,22450,3
RICHTER,0,20110104,093203,42565,100
RICHTER,0,20110104,093208,42565,32
RICHTER,0,20110104,093208,42565,28
RICHTER,0,20110104,093208,42565,29
OTP,0,20110104,093209,5280,1500
OTP,0,20110104,093214,5276,2038
BUX1112,0,20110104,093223,22460,10
BUX1112,0,20110104,093223,22460,5
ANY,0,20110104,093230,740,80
MOL,0,20110104,093234,21055,32
FOTEX,0,20110104,093238,387,100
MOL,0,20110104,093238,21090,4
OTP,0,20110104,093239,5289,15000
OTP,0,20110104,093241,5279,46
MOL,0,20110104,093243,21090,70
OTP,0,20110104,093244,5275,80
OTP,0,20110104,093246,5275,70
ECONET,0,20110104,093248,90,770
BUX1112,0,20110104,093251,22445.5,1
OTP,0,20110104,093252,5275,50
OTP,0,20110104,093253,5275,200
OTP,0,20110104,093253,5274,300
OTP,0,20110104,093254,5275,20
OTP,0,20110104,093254,5279,260
BUX1112,0,20110104,093256,22460,4
MOL,0,20110104,093256,21090,10
MOL,0,20110104,093259,21055,12
PANNERGY,0,20110104,093300,927,2
BUX1112,0,20110104,093302,22460,2
RICHTER,0,20110104,093303,42560,10
RICHTER,0,20110104,093303,42560,1
RICHTER,0,20110104,093303,42560,99
OTP,0,20110104,093306,5279,194
OTP,0,20110104,093306,5279,6
OTP,0,20110104,093309,5275,2500
BUX1112,0,20110104,093310,22460,4
OTP,0,20110104,093312,5274,30
BUX1112,0,20110104,093313,22450,10
MTELEKOM,0,20110104,093313,542,270
OTP,0,20110104,093315,5274,2000
OTP,0,20110104,093316,5274,49
OTP,0,20110104,093316,5272,1005
OTP,0,20110104,093316,5272,413
OTP,0,20110104,093316,5272,200
OTP,0,20110104,093316,5271,441
OTP,0,20110104,093320,5271,1559
OTP,0,20110104,093321,5270,1000
OTP,0,20110104,093321,5270,54
OTP,0,20110104,093324,5270,1000
OTP,0,20110104,093324,5270,1200
OTP,0,20110104,093325,5275,2000
OTP,0,20110104,093325,5280,190
OTP,0,20110104,093325,5270,246
OTP,0,20110104,093325,5270,4
OTP,0,20110104,093325,5270,45
OTP,0,20110104,093325,5270,54
OTP,0,20110104,093325,5270,176
OTP,0,20110104,093326,5266,150
OTP,0,20110104,093326,5260,30
OTP,0,20110104,093326,5260,56
OTP,0,20110104,093326,5260,260
OTP,0,20110104,093326,5260,100
OTP,0,20110104,093326,5260,250
OTP,0,20110104,093326,5256,154
OTP,0,20110104,093326,5256,15
OTP,0,20110104,093330,5270,750
BUX1112,0,20110104,093334,22445,5
BUX1112,0,20110104,093334,22440,2
BUX1112,0,20110104,093334,22432,5
BUX1112,0,20110104,093334,22430,2
BUX1112,0,20110104,093334,22430,100
EGIS,0,20110104,093338,20125,38
FHB,0,20110104,093338,976,213
FHB,0,20110104,093338,974,86
MTELEKOM,0,20110104,093338,541,3198
MTELEKOM,0,20110104,093338,541,1565
OTP,0,20110104,093338,5261,1000
OTP,0,20110104,093338,5260,288
RICHTER,0,20110104,093338,42555,99
RICHTER,0,20110104,093339,42555,1
RICHTER,0,20110104,093339,42555,10
OTP,0,20110104,093339,5263,809
OTP,0,20110104,093339,5260,245
OTP,0,20110104,093343,5260,467
MOL,0,20110104,093352,21085,39
MOL,0,20110104,093352,21080,20
MOL,0,20110104,093352,21060,10
MOL,0,20110104,093352,21055,31
OTP,0,20110104,093356,5265,82
MOL,0,20110104,093357,21055,12
MOL,0,20110104,093357,21055,2
MOL,0,20110104,093357,21050,25
MOL,0,20110104,093357,21050,50
MOL,0,20110104,093357,21020,8
OTP,0,20110104,093359,5269,594
OTP,0,20110104,093359,5270,1000
MOL,0,20110104,093407,21050,43
OTP,0,20110104,093408,5270,133
OTP,0,20110104,093408,5275,3867
MOL,0,20110104,093416,21050,30
OTP,0,20110104,093419,5263,200
MOL,0,20110104,093419,21050,100
BUX1112,0,20110104,093420,22420,1
BUX1112,0,20110104,093420,22418.5,1
BUX1112,0,20110104,093420,22418,1
BUX1112,0,20110104,093420,22417,1
BUX1112,0,20110104,093420,22412.5,2
BUX1112,0,20110104,093420,22410,5
BUX1112,0,20110104,093420,22410,10
MOL,0,20110104,093427,21050,56
BUX1112,0,20110104,093432,22413,2
BUX1112,0,20110104,093434,22413,3
BUX1112,0,20110104,093445,22411,1
BUX1112,0,20110104,093449,22411,12
BUX1112,0,20110104,093449,22410,5
BUX1112,0,20110104,093449,22408,1
BUX1112,0,20110104,093449,22408,3
BUX1112,0,20110104,093449,22407,4
OTP,0,20110104,093449,5274,15
BUX1112,0,20110104,093450,22419,2
ANY,0,20110104,093458,744,80
OTP,0,20110104,093503,5270,167
OTP,0,20110104,093503,5267,33
RICHTER,0,20110104,093503,42645,10
BUX1112,0,20110104,093503,22415,1
BUX1112,0,20110104,093503,22419,1
BUX1112,0,20110104,093503,22420,4
OTP,0,20110104,093510,5274,15
OTP,0,20110104,093510,5274,20
OTP,0,20110104,093510,5274,314
OTP,0,20110104,093517,5270,3000
OTP,0,20110104,093524,5271,50
OTP,0,20110104,093524,5270,950
BUX1112,0,20110104,093526,22425,4
OTP,0,20110104,093528,5270,20
FHB,0,20110104,093528,985,200
FHB,0,20110104,093528,986,500
MOL,0,20110104,093529,21090,16
MOL,0,20110104,093529,21100,23
MOL,0,20110104,093529,21100,78
FHB,0,20110104,093530,987,310
OTP,0,20110104,093543,5267,67
OTP,0,20110104,093543,5267,33
OTP,0,20110104,093544,5272,40
OTP,0,20110104,093544,5274,186
OTP,0,20110104,093544,5275,108
OTP,0,20110104,093545,5275,135
MOL,0,20110104,093547,21100,92
OTP,0,20110104,093548,5267,10
OTP,0,20110104,093552,5270,865
BUX1112,0,20110104,093606,22440,1
BUX1112,0,20110104,093606,22448,4
BUX1112,0,20110104,093606,22448.5,1
BUX1112,0,20110104,093606,22449,1
MOL,0,20110104,093608,21100,100
HUMET,0,20110104,093612,9,9869
HUMET,0,20110104,093612,9,6631
MOL,0,20110104,093616,21100,10
OTP,0,20110104,093620,5270,500
OTP,0,20110104,093621,5270,70
MOL,0,20110104,093623,21100,38
OTP,0,20110104,093624,5270,1083
OTP,0,20110104,093628,5270,847
PANNERGY,0,20110104,093629,927,98
PANNERGY,0,20110104,093629,927,100
PANNERGY,0,20110104,093629,928,800
PANNERGY,0,20110104,093629,928,50
PANNERGY,0,20110104,093629,928,50
PANNERGY,0,20110104,093629,928,611
PANNERGY,0,20110104,093629,929,500
PANNERGY,0,20110104,093629,929,991
OTP,0,20110104,093631,5270,1083
OTP,0,20110104,093631,5270,300
OTP,0,20110104,093636,5270,500
RICHTER,0,20110104,093640,42600,1
MTELEKOM,0,20110104,093641,541,200
OTP,0,20110104,093642,5270,23
OTP,0,20110104,093644,5275,370
PANNERGY,0,20110104,093646,929,9
PANNERGY,0,20110104,093646,930,60
PANNERGY,0,20110104,093646,930,200
PANNERGY,0,20110104,093646,930,100
PANNERGY,0,20110104,093646,930,200
PANNERGY,0,20110104,093646,930,1000
PANNERGY,0,20110104,093646,931,493
PANNERGY,0,20110104,093646,932,100
PANNERGY,0,20110104,093646,932,250
GENESIS,0,20110104,093646,181,50
BUX1112,0,20110104,093649,22449,4
BUX1112,0,20110104,093649,22450,11
OTP,0,20110104,093652,5275,172
OTP,0,20110104,093652,5275,91
ANY,0,20110104,093653,745,6
OTP,0,20110104,093657,5275,80
OTP,0,20110104,093657,5275,1829
PANNERGY,0,20110104,093700,933,1000
RABA,0,20110104,093702,818,300
RABA,0,20110104,093702,818,66
PANNERGY,0,20110104,093703,933,237
PANNERGY,0,20110104,093703,933,65
PANNERGY,0,20110104,093703,935,398
OTP,0,20110104,093707,5275,80
OTP,0,20110104,093707,5270,20
GENESIS,0,20110104,093712,178,300
PANNERGY,0,20110104,093713,932,88
MTELEKOM,0,20110104,093715,542,730
MTELEKOM,0,20110104,093715,542,111
MTELEKOM,0,20110104,093715,542,8059
ANY,0,20110104,093718,740,6
ANY,0,20110104,093718,740,200
BUX1112,0,20110104,093719,22450,4
PANNERGY,0,20110104,093722,925,200
OTP,0,20110104,093734,5275,100
RABA,0,20110104,093737,819,65
PANNERGY,0,20110104,093738,932,12
PANNERGY,0,20110104,093738,932,100
PANNERGY,0,20110104,093738,934,300
PANNERGY,0,20110104,093738,935,100
PANNERGY,0,20110104,093738,935,88
PANNERGY,0,20110104,093738,935,600
BUX1112,0,20110104,093748,22450,1
BUX1112,0,20110104,093748,22450,2
PANNERGY,0,20110104,093751,932,100
PANNERGY,0,20110104,093751,935,900
RFV,0,20110104,093755,8485,50
OTP,0,20110104,093805,5275,75
OTP,0,20110104,093805,5275,425
OTP,0,20110104,093813,5275,75
OTP,0,20110104,093813,5279,30
OTP,0,20110104,093813,5280,395
MOL,0,20110104,093817,21120,5
BUX1112,0,20110104,093822,22450,18
OTP,0,20110104,093836,5275,89
RICHTER,0,20110104,093836,42645,90
BUX1112,0,20110104,093841,22450,44
OTP,0,20110104,093847,5275,500
BUX1112,0,20110104,093854,22450,20
RICHTER,0,20110104,093857,42650,5
EGIS,0,20110104,093857,20130,38
FHB,0,20110104,093857,976,214
FHB,0,20110104,093857,975,85
MOL,0,20110104,093857,21120,5
MOL,0,20110104,093857,21120,40
MOL,0,20110104,093857,21105,50
MOL,0,20110104,093857,21100,223
MTELEKOM,0,20110104,093857,541,235
MTELEKOM,0,20110104,093857,541,650
MTELEKOM,0,20110104,093857,541,600
MTELEKOM,0,20110104,093857,541,2000
MTELEKOM,0,20110104,093857,541,1278
MTELEKOM,0,20110104,093857,542,40
MTELEKOM,0,20110104,093857,542,1500
OTP,0,20110104,093857,5271,19
OTP,0,20110104,093857,5271,142
OTP,0,20110104,093857,5270,574
OTP,0,20110104,093857,5270,553
RICHTER,0,20110104,093858,42630,22
RICHTER,0,20110104,093858,42620,11
RICHTER,0,20110104,093858,42600,66
MOL,0,20110104,093900,21135,329
BUX1112,0,20110104,093904,22450,6
BUX1112,0,20110104,093905,22459,1
BUX1112,0,20110104,093905,22460,2
BUX1112,0,20110104,093905,22462,4
RABA,0,20110104,093907,819,5
RABA,0,20110104,093907,819,300
RABA,0,20110104,093907,819,300
OTP,0,20110104,093907,5271,100
OTP,0,20110104,093907,5270,1947
OTP,0,20110104,093907,5270,453
OTP,0,20110104,093914,5270,47
OTP,0,20110104,093914,5270,50
OTP,0,20110104,093914,5270,903
OTP,0,20110104,093915,5270,1320
BUX1112,0,20110104,093916,22459,6
OTP,0,20110104,093920,5270,277
HUMET,0,20110104,093922,9,38129
HUMET,0,20110104,093922,9,1000
OTP,0,20110104,093924,5270,223
OTP,0,20110104,093924,5270,277
OTP,0,20110104,093926,5270,1054
GENESIS,0,20110104,093930,181,50
MTELEKOM,0,20110104,093933,542,694
MTELEKOM,0,20110104,093933,542,1570
MTELEKOM,0,20110104,093933,541,22
MTELEKOM,0,20110104,093933,541,100
MTELEKOM,0,20110104,093933,541,144
MTELEKOM,0,20110104,093933,541,1300
MTELEKOM,0,20110104,093933,541,10
MTELEKOM,0,20110104,093933,541,1160
OTP,0,20110104,093935,5270,200
MOL,0,20110104,093937,21120,2
RABA,0,20110104,093947,816,200
RABA,0,20110104,093947,816,656
RABA,0,20110104,093947,815,256
RABA,0,20110104,093947,812,100
RABA,0,20110104,093947,812,198
OTP,0,20110104,093947,5270,746
OTP,0,20110104,093947,5270,254
OTP,0,20110104,093954,5270,311
RICHTER,0,20110104,093955,42600,18
OTP,0,20110104,093957,5270,189
ANY,0,20110104,093959,738,36
OTP,0,20110104,094001,5270,40
MTELEKOM,0,20110104,094005,542,1000
MTELEKOM,0,20110104,094005,543,1500
FOTEX,0,20110104,094012,386,390
FOTEX,0,20110104,094012,386,89
FOTEX,0,20110104,094012,385,300
FOTEX,0,20110104,094012,384,1000
FOTEX,0,20110104,094012,383,1000
FOTEX,0,20110104,094012,383,221
OTP,0,20110104,094022,5270,50
BUX1112,0,20110104,094022,22450,30
MTELEKOM,0,20110104,094037,542,2000
MTELEKOM,0,20110104,094037,542,3000
MTELEKOM,0,20110104,094037,542,10000
MOL,0,20110104,094039,21120,5
FHB,0,20110104,094040,980,84
RICHTER,0,20110104,094041,42600,7
MTELEKOM,0,20110104,094045,542,2000
ANY,0,20110104,094058,738,80
PANNERGY,0,20110104,094059,933,100
PANNERGY,0,20110104,094059,934,100
PANNERGY,0,20110104,094059,934,2000
PANNERGY,0,20110104,094059,935,50
PANNERGY,0,20110104,094059,935,150
FOTEX,0,20110104,094118,383,779
FOTEX,0,20110104,094118,383,500
FOTEX,0,20110104,094118,382,177
MTELEKOM,0,20110104,094119,542,500
OTP,0,20110104,094122,5275,500
OTP,0,20110104,094122,5275,19
OTP,0,20110104,094122,5279,178
OTP,0,20110104,094122,5280,415
OTP,0,20110104,094122,5280,50
OTP,0,20110104,094122,5280,338
MOL,0,20110104,094127,21140,3
BUX1112,0,20110104,094128,22450,10
MOL,0,20110104,094150,21140,1
RABA,0,20110104,094155,813,200
MTELEKOM,0,20110104,094200,543,1000
OTP,0,20110104,094203,5275,162
BUX1112,0,20110104,094212,22450,1
OTP,0,20110104,094214,5275,30
OTP,0,20110104,094221,5275,92
OTP,0,20110104,094222,5271,25
BUX1112,0,20110104,094223,22450,19
BUX1112,0,20110104,094223,22459,3
PANNERGY,0,20110104,094230,935,50
PANNERGY,0,20110104,094230,935,30
PANNERGY,0,20110104,094230,935,70
OTP,0,20110104,094235,5275,408
MOL,0,20110104,094241,21120,11
OTP,0,20110104,094304,5279,50
OTP,0,20110104,094304,5280,150
BUX1112,0,20110104,094305,22450,2
BUX1112,0,20110104,094305,22450,2
OTP,0,20110104,094323,5280,50
OTP,0,20110104,094323,5280,150
FHB,0,20110104,094328,983,116
FHB,0,20110104,094328,983,400
FHB,0,20110104,094328,984,500
FHB,0,20110104,094328,985,34
MOL,0,20110104,094342,21125,200
BUX1112,0,20110104,094348,22450,1
PANNERGY,0,20110104,094352,935,4
PANNERGY,0,20110104,094352,935,96
OTP,0,20110104,094403,5272,20
MTELEKOM,0,20110104,094413,543,430
MOL,0,20110104,094416,21140,100
RABA,0,20110104,094417,813,200
OTP,0,20110104,094427,5272,119
OTP,0,20110104,094427,5275,40
OTP,0,20110104,094428,5275,381
OTP,0,20110104,094440,5277,104
RABA,0,20110104,094441,815,50
ORC,0,20110104,094458,1980,20
OTP,0,20110104,094459,5275,120
OTP,0,20110104,094502,5275,1000
OTP,0,20110104,094508,5275,500
OTP,0,20110104,094509,5275,459
EGIS,0,20110104,094511,20150,3
BUX1112,0,20110104,094527,22452,1
BUX1112,0,20110104,094539,22452.5,1
BUX1112,0,20110104,094539,22451,5
BUX1112,0,20110104,094539,22450,14
OTP,0,20110104,094541,5272,312
OTP,0,20110104,094544,5271,5
OTP,0,20110104,094544,5271,400
OTP,0,20110104,094547,5270,1000
OTP,0,20110104,094547,5270,541
OTP,0,20110104,094548,5271,95
BUX1112,0,20110104,094552,22450.5,1
RICHTER,0,20110104,094553,42600,7
OTP,0,20110104,094554,5275,500
MOL,0,20110104,094604,21135,46
MOL,0,20110104,094604,21130,50
BUX1112,0,20110104,094605,22450,1
OTP,0,20110104,094610,5271,188
PANNERGY,0,20110104,094618,929,100
PANNERGY,0,20110104,094618,929,100
BUX1112,0,20110104,094619,22450,4
BUX1112,0,20110104,094627,22441,1
BUX1112,0,20110104,094627,22435,8
BUX1112,0,20110104,094627,22433,1
BUX1112,0,20110104,094627,22431,1
BUX1112,0,20110104,094627,22431,1
BUX1112,0,20110104,094627,22430,88
OTP,0,20110104,094628,5275,150
OTP,0,20110104,094628,5275,30
BUX1112,0,20110104,094631,22430,12
EGIS,0,20110104,094640,20150,3
EGIS,0,20110104,094640,20135,10
EGIS,0,20110104,094640,20130,15
EGIS,0,20110104,094640,20125,10
FHB,0,20110104,094640,978,299
MOL,0,20110104,094640,21125,300
MOL,0,20110104,094640,21120,2
MOL,0,20110104,094640,21100,16
MTELEKOM,0,20110104,094640,542,500
MTELEKOM,0,20110104,094640,542,4263
OTP,0,20110104,094640,5275,1000
OTP,0,20110104,094640,5275,1288
RICHTER,0,20110104,094640,42650,21
RICHTER,0,20110104,094640,42600,1
RICHTER,0,20110104,094640,42600,5
RICHTER,0,20110104,094640,42600,5
RICHTER,0,20110104,094640,42550,23
RICHTER,0,20110104,094640,42525,44
FOTEX,0,20110104,094640,386,18
FOTEX,0,20110104,094640,386,273
BUX1112,0,20110104,094649,22430,88
OTP,0,20110104,094651,5275,2000
OTP,0,20110104,094652,5275,532
EGIS,0,20110104,094653,20125,38
FHB,0,20110104,094653,979,299
MOL,0,20110104,094653,21100,44
MOL,0,20110104,094653,21100,100
MOL,0,20110104,094653,21100,174
MTELEKOM,0,20110104,094653,542,1137
MTELEKOM,0,20110104,094653,542,1100
MTELEKOM,0,20110104,094653,542,1570
MTELEKOM,0,20110104,094653,541,240
MTELEKOM,0,20110104,094653,541,716
OTP,0,20110104,094653,5271,217
OTP,0,20110104,094653,5270,680
OTP,0,20110104,094653,5270,64
OTP,0,20110104,094653,5270,100
OTP,0,20110104,094653,5267,227
RICHTER,0,20110104,094653,42530,21
RICHTER,0,20110104,094653,42525,76
RICHTER,0,20110104,094653,42500,2
FOTEX,0,20110104,094653,386,227
FOTEX,0,20110104,094653,385,64
OTP,0,20110104,094655,5267,100
BUX1112,0,20110104,094715,22430.5,1
ANY,0,20110104,094724,735,150
BUX1112,0,20110104,094728,22430,12
MTELEKOM,0,20110104,094751,542,400
MOL,0,20110104,094751,21100,50
OTP,0,20110104,094751,5267,130
OTP,0,20110104,094751,5267,40
MTELEKOM,0,20110104,094759,542,600
MTELEKOM,0,20110104,094759,542,1200
MTELEKOM,0,20110104,094759,542,1000
MTELEKOM,0,20110104,094806,542,200
RICHTER,0,20110104,094807,42505,7
BUX1112,0,20110104,094807,22422.5,1
OTP,0,20110104,094818,5270,40
MTELEKOM,0,20110104,094820,543,500
OTP,0,20110104,094836,5270,460
OTP,0,20110104,094836,5270,500
OTP,0,20110104,094836,5273,50
OTP,0,20110104,094836,5274,100
OTP,0,20110104,094836,5275,850
MTELEKOM,0,20110104,094843,542,400
BUX1112,0,20110104,094845,22438,1
BUX1112,0,20110104,094845,22444,5
BUX1112,0,20110104,094845,22445,5
BUX1112,0,20110104,094845,22448.5,1
OTP,0,20110104,094848,5270,2000
OTP,0,20110104,094849,5275,11
OTP,0,20110104,094850,5275,750
MTELEKOM,0,20110104,094850,543,1000
PHYLAXIA,0,20110104,094852,46,3000
OTP,0,20110104,094852,5270,1000
BUX1112,0,20110104,094856,22430,5
OTP,0,20110104,094901,5270,300
OTP,0,20110104,094904,5270,140
OTP,0,20110104,094919,5272,146
OTP,0,20110104,094919,5270,600
OTP,0,20110104,094919,5270,254
MTELEKOM,0,20110104,094922,542,1000
OTP,0,20110104,094925,5270,500
OTP,0,20110104,094932,5270,1000
OTP,0,20110104,094934,5270,746
MTELEKOM,0,20110104,094935,543,350
SYNERGON,0,20110104,094940,490,199
MTELEKOM,0,20110104,094945,542,400
MTELEKOM,0,20110104,094945,542,50
MTELEKOM,0,20110104,094945,542,50
OTP,0,20110104,094946,5270,20
MTELEKOM,0,20110104,094958,542,400
OTP,0,20110104,095011,5266,1500
OTP,0,20110104,095015,5265,100
OTP,0,20110104,095025,5264,40
OTP,0,20110104,095025,5264,25
OTP,0,20110104,095030,5264,100
BUX1112,0,20110104,095035,22430.5,1
BUX1112,0,20110104,095035,22430,8
OTP,0,20110104,095043,5264,70
BUX1112,0,20110104,095049,22430,1
OTP,0,20110104,095053,5264,15
MTELEKOM,0,20110104,095102,542,550
MTELEKOM,0,20110104,095102,542,650
MOL,0,20110104,095102,21115,38
BUX1112,0,20110104,095106,22430,1
BUX1112,0,20110104,095106,22430,5
MTELEKOM,0,20110104,095115,542,200
BUX1112,0,20110104,095117,22440,1
BUX1112,0,20110104,095117,22440,1
OTP,0,20110104,095117,5267,13
OTP,0,20110104,095117,5269,474
OTP,0,20110104,095117,5270,980
OTP,0,20110104,095117,5270,10
OTP,0,20110104,095117,5270,160
OTP,0,20110104,095117,5270,354
OTP,0,20110104,095117,5270,400
OTP,0,20110104,095117,5270,500
OTP,0,20110104,095117,5270,1690
OTP,0,20110104,095122,5270,2419
BUX1112,0,20110104,095122,22424,1
BUX1112,0,20110104,095122,22422,1
BUX1112,0,20110104,095122,22421,8
MTELEKOM,0,20110104,095123,542,1150
MTELEKOM,0,20110104,095123,542,8181
MTELEKOM,0,20110104,095123,542,1532
MTELEKOM,0,20110104,095123,542,1200
MTELEKOM,0,20110104,095123,541,1000
MTELEKOM,0,20110104,095123,541,200
MTELEKOM,0,20110104,095123,541,380
MTELEKOM,0,20110104,095123,541,500
MTELEKOM,0,20110104,095123,541,3000
MTELEKOM,0,20110104,095123,541,616
MTELEKOM,0,20110104,095123,540,1872
MTELEKOM,0,20110104,095123,540,1200
MTELEKOM,0,20110104,095123,540,10850
MTELEKOM,0,20110104,095123,540,230
MTELEKOM,0,20110104,095123,540,500
MTELEKOM,0,20110104,095123,540,1000
MTELEKOM,0,20110104,095123,540,178
MTELEKOM,0,20110104,095123,540,4000
MTELEKOM,0,20110104,095123,540,3100
MTELEKOM,0,20110104,095123,540,1500
MTELEKOM,0,20110104,095123,540,1601
MTELEKOM,0,20110104,095123,540,1000
MTELEKOM,0,20110104,095123,540,250
MTELEKOM,0,20110104,095123,540,180
MTELEKOM,0,20110104,095123,540,4780
RABA,0,20110104,095129,816,103
RABA,0,20110104,095129,817,100
RABA,0,20110104,095129,818,97
OTP,0,20110104,095135,5265,500
OTP,0,20110104,095135,5269,200
OTP,0,20110104,095135,5269,500
OTP,0,20110104,095135,5270,5800
OTP,0,20110104,095136,5265,2000
OTP,0,20110104,095136,5265,150
OTP,0,20110104,095136,5264,179
OTP,0,20110104,095136,5264,50
OTP,0,20110104,095136,5262,150
OTP,0,20110104,095136,5262,50
OTP,0,20110104,095136,5260,421
OTP,0,20110104,095136,5260,50
MTELEKOM,0,20110104,095140,541,1000
OTP,0,20110104,095140,5265,1500
OTP,0,20110104,095142,5264,57
OTP,0,20110104,095142,5260,443
OTP,0,20110104,095152,5261,500
OTP,0,20110104,095152,5260,100
FHB,0,20110104,095154,978,100
OTP,0,20110104,095200,5269,1157
FOTEX,0,20110104,095208,385,400
BUX1112,0,20110104,095212,22422,10
BUX1112,0,20110104,095212,22421,5
MOL,0,20110104,095214,21105,10
MOL,0,20110104,095214,21105,7
MOL,0,20110104,095214,21100,53
OTP,0,20110104,095217,5262,246
OTP,0,20110104,095217,5260,40
OTP,0,20110104,095217,5260,1054
OTP,0,20110104,095217,5260,441
OTP,0,20110104,095221,5260,559
OTP,0,20110104,095221,5260,19
OTP,0,20110104,095221,5260,95
OTP,0,20110104,095221,5260,12
OTP,0,20110104,095221,5260,315
OTP,0,20110104,095227,5260,1000
MOL,0,20110104,095228,21100,140
MOL,0,20110104,095228,21100,100
MOL,0,20110104,095228,21100,50
MTELEKOM,0,20110104,095231,540,500
MTELEKOM,0,20110104,095232,540,200
OTP,0,20110104,095233,5260,1000
OTP,0,20110104,095234,5260,185
MTELEKOM,0,20110104,095236,540,50
BUX1112,0,20110104,095243,22421,5
OTP,0,20110104,095247,5260,394
OTP,0,20110104,095247,5260,206
MTELEKOM,0,20110104,095249,540,161
MTELEKOM,0,20110104,095249,540,2000
MTELEKOM,0,20110104,095249,540,298
MTELEKOM,0,20110104,095249,540,5000
MTELEKOM,0,20110104,095249,540,200
BUX1112,0,20110104,095253,22421,2
BUX1112,0,20110104,095253,22420,4
BUX1112,0,20110104,095253,22420,5
MTELEKOM,0,20110104,095254,540,2341
MTELEKOM,0,20110104,095257,540,1659
GENESIS,0,20110104,095258,181,76
GENESIS,0,20110104,095258,181,198
GENESIS,0,20110104,095258,182,26
RABA,0,20110104,095302,817,100
OTP,0,20110104,095309,5256,1
RICHTER,0,20110104,095314,42550,2
OTP,0,20110104,095314,5256,399
OTP,0,20110104,095314,5256,662
OTP,0,20110104,095316,5255,200
OTP,0,20110104,095316,5255,2500
OTP,0,20110104,095316,5254,100
OTP,0,20110104,095316,5253,20
OTP,0,20110104,095316,5252,300
OTP,0,20110104,095316,5252,200
OTP,0,20110104,095316,5252,300
OTP,0,20110104,095316,5251,500
OTP,0,20110104,095316,5251,100
OTP,0,20110104,095316,5251,780
MTELEKOM,0,20110104,095318,539,6
MTELEKOM,0,20110104,095318,539,3
MTELEKOM,0,20110104,095318,539,95
MTELEKOM,0,20110104,095318,539,2
MTELEKOM,0,20110104,095318,539,998
MTELEKOM,0,20110104,095318,539,148
MTELEKOM,0,20110104,095318,539,99
OTP,0,20110104,095321,5252,1000
OTP,0,20110104,095322,5251,220
OTP,0,20110104,095322,5251,170
OTP,0,20110104,095322,5250,80
OTP,0,20110104,095322,5250,182
OTP,0,20110104,095322,5250,20
OTP,0,20110104,095322,5250,2000
OTP,0,20110104,095322,5250,25
OTP,0,20110104,095322,5250,20
OTP,0,20110104,095322,5250,40
OTP,0,20110104,095322,5250,100
OTP,0,20110104,095322,5250,76
OTP,0,20110104,095322,5250,192
OTP,0,20110104,095322,5250,99
OTP,0,20110104,095322,5250,1054
OTP,0,20110104,095322,5250,722
OTP,0,20110104,095322,5250,332
OTP,0,20110104,095322,5250,68
OTP,0,20110104,095322,5250,80
MTELEKOM,0,20110104,095323,539,1
MTELEKOM,0,20110104,095323,540,89
OTP,0,20110104,095327,5250,906
OTP,0,20110104,095327,5250,94
OTP,0,20110104,095328,5252,61
OTP,0,20110104,095329,5251,2500
OTP,0,20110104,095329,5250,106
OTP,0,20110104,095329,5250,2394
BUX1112,0,20110104,095329,22419,2
MOL,0,20110104,095332,21115,44
OTP,0,20110104,095334,5250,1000
FREESOFT,0,20110104,095337,1960,20
OTP,0,20110104,095338,5250,20
BUX1112,0,20110104,095340,22410,1
BUX1112,0,20110104,095340,22407,5
BUX1112,0,20110104,095340,22406,4
BUX1112,0,20110104,095340,22406,6
OTP,0,20110104,095340,5251,2000
OTP,0,20110104,095340,5250,1586
OTP,0,20110104,095340,5250,304
EGIS,0,20110104,095342,20200,5
EGIS,0,20110104,095342,20245,5
OTP,0,20110104,095355,5251,30
OTP,0,20110104,095355,5250,4696
OTP,0,20110104,095355,5250,100
MOL,0,20110104,095358,21100,100
OTP,0,20110104,095400,5250,174
BUX1112,0,20110104,095401,22405,15
OTP,0,20110104,095404,5250,1826
OTP,0,20110104,095404,5250,500
BUX1112,0,20110104,095410,22419,1
BUX1112,0,20110104,095410,22420,10
RICHTER,0,20110104,095410,42575,10
OTP,0,20110104,095411,5250,200
OTP,0,20110104,095415,5250,474
OTP,0,20110104,095415,5250,1000
OTP,0,20110104,095415,5250,600
RICHTER,0,20110104,095417,42575,12
MTELEKOM,0,20110104,095418,538,800
BUX1112,0,20110104,095419,22410,1
OTP,0,20110104,095424,5250,926
OTP,0,20110104,095428,5245,500
OTP,0,20110104,095428,5245,500
OTP,0,20110104,095428,5245,20
OTP,0,20110104,095428,5245,40
OTP,0,20110104,095430,5250,74
OTP,0,20110104,095433,5250,1000
OTP,0,20110104,095433,5250,16
OTP,0,20110104,095436,5251,2000
OTP,0,20110104,095437,5250,200
MTELEKOM,0,20110104,095438,538,2000
OTP,0,20110104,095438,5251,1000
OTP,0,20110104,095438,5251,500
OTP,0,20110104,095441,5251,319
OTP,0,20110104,095443,5252,453
OTP,0,20110104,095444,5251,681
OTP,0,20110104,095444,5251,319
MOL,0,20110104,095446,21100,50
OTP,0,20110104,095449,5253,47
OTP,0,20110104,095453,5252,453
OTP,0,20110104,095453,5251,50
OTP,0,20110104,095453,5251,500
OTP,0,20110104,095453,5251,500
OTP,0,20110104,095453,5250,497
OTP,0,20110104,095453,5253,233
BUX1112,0,20110104,095500,22411,5
OTP,0,20110104,095502,5258,160
OTP,0,20110104,095505,5258,20
MTELEKOM,0,20110104,095511,538,500
MOL,0,20110104,095512,21080,86
OTP,0,20110104,095512,5258,120
RABA,0,20110104,095514,817,19
OTP,0,20110104,095516,5260,500
OTP,0,20110104,095525,5253,50
OTP,0,20110104,095527,5260,100
ANY,0,20110104,095528,730,60
ANY,0,20110104,095528,729,80
OTP,0,20110104,095528,5253,30
OTP,0,20110104,095530,5253,148
OTP,0,20110104,095530,5252,117
OTP,0,20110104,095530,5251,735
PHYLAXIA,0,20110104,095536,46,1000
OTP,0,20110104,095537,5260,420
OTP,0,20110104,095537,5260,1000
OTP,0,20110104,095537,5260,40
OTP,0,20110104,095537,5260,18
OTP,0,20110104,095537,5260,100
OTP,0,20110104,095541,5260,922
MTELEKOM,0,20110104,095548,540,100
MTELEKOM,0,20110104,095550,540,200
BUX1112,0,20110104,095604,22411,5
PANNERGY,0,20110104,095606,928,100
OTP,0,20110104,095608,5254,192
OTP,0,20110104,095608,5253,300
OTP,0,20110104,095608,5253,200
OTP,0,20110104,095608,5253,308
RICHTER,0,20110104,095614,42590,50
MOL,0,20110104,095618,21100,13
MTELEKOM,0,20110104,095625,540,1100
OTP,0,20110104,095628,5255,500
OTP,0,20110104,095635,5260,2
OTP,0,20110104,095639,5260,138
RICHTER,0,20110104,095642,42580,10
OTP,0,20110104,095647,5260,662
OTP,0,20110104,095653,5260,260
OTP,0,20110104,095657,5256,25
MTELEKOM,0,20110104,095659,540,1552
MTELEKOM,0,20110104,095659,540,14000
MTELEKOM,0,20110104,095659,540,1000
OTP,0,20110104,095704,5257,70
OTP,0,20110104,095704,5260,1000
BUX1112,0,20110104,095707,22430,5
PANNERGY,0,20110104,095708,929,150
MOL,0,20110104,095712,21080,67
PANNERGY,0,20110104,095714,928,60
PANNERGY,0,20110104,095714,927,700
OTP,0,20110104,095719,5260,50
PANNERGY,0,20110104,095720,925,185
PANNERGY,0,20110104,095720,925,700
PANNERGY,0,20110104,095720,925,100
MOL,0,20110104,095726,21080,34
RICHTER,0,20110104,095729,42590,4
RICHTER,0,20110104,095729,42600,4
RICHTER,0,20110104,095729,42600,12
MOL,0,20110104,095730,21080,5
MTELEKOM,0,20110104,095746,541,185
OTP,0,20110104,095755,5260,450
OTP,0,20110104,095755,5260,350
MOL,0,20110104,095803,21085,2
MOL,0,20110104,095803,21080,8
MOL,0,20110104,095803,21080,1
MOL,0,20110104,095803,21080,14
MOL,0,20110104,095803,21080,5
OTP,0,20110104,095821,5260,150
OTP,0,20110104,095821,5265,1000
OTP,0,20110104,095821,5268,20
OTP,0,20110104,095821,5268,100
OTP,0,20110104,095821,5268,20
OTP,0,20110104,095821,5269,190
OTP,0,20110104,095821,5269,30
OTP,0,20110104,095821,5270,255
MTELEKOM,0,20110104,095822,540,200
PANNERGY,0,20110104,095834,925,300
OTP,0,20110104,095835,5260,10
MOL,0,20110104,095840,21100,8
PANNERGY,0,20110104,095849,925,200
PHYLAXIA,0,20110104,095851,46,1000
PHYLAXIA,0,20110104,095851,47,100
BUX1112,0,20110104,095900,22420,1
OTP,0,20110104,095912,5260,10
PANNERGY,0,20110104,095914,925,220
PANNERGY,0,20110104,095914,927,140
PANNERGY,0,20110104,095914,929,40
MTELEKOM,0,20110104,095924,541,45
MTELEKOM,0,20110104,095924,541,500
RICHTER,0,20110104,095927,42605,13
RICHTER,0,20110104,095927,42600,1
OTP,0,20110104,095928,5265,500
RICHTER,0,20110104,095946,42600,2
RICHTER,0,20110104,095946,42600,5
MTELEKOM,0,20110104,095951,541,105
OTP,0,20110104,095951,5268,10
BUX1112,0,20110104,095955,22429,1
BUX1112,0,20110104,095955,22430,5
MOL,0,20110104,100011,21080,36
OTP,0,20110104,100011,5268,10
OTP,0,20110104,100011,5269,1070
OTP,0,20110104,100011,5270,745
OTP,0,20110104,100011,5270,24
OTP,0,20110104,100011,5270,400
OTP,0,20110104,100011,5270,25
OTP,0,20110104,100013,5270,30
OTP,0,20110104,100016,5270,701
MOL,0,20110104,100018,21070,53
OTP,0,20110104,100018,5270,500
MOL,0,20110104,100021,21070,96
MTELEKOM,0,20110104,100021,541,897
OTP,0,20110104,100026,5270,500
MOL,0,20110104,100028,21070,4
MOL,0,20110104,100028,21080,71
OTP,0,20110104,100028,5275,100
RICHTER,0,20110104,100034,42600,95
RICHTER,0,20110104,100034,42600,5
RICHTER,0,20110104,100034,42580,10
RICHTER,0,20110104,100034,42550,3
RICHTER,0,20110104,100034,42550,50
OTP,0,20110104,100036,5270,1
OTP,0,20110104,100042,5270,994
OTP,0,20110104,100042,5270,164
RICHTER,0,20110104,100045,42505,14
MOL,0,20110104,100048,21080,20
MTELEKOM,0,20110104,100049,541,103
OTP,0,20110104,100051,5260,300
OTP,0,20110104,100051,5257,100
BUX1112,0,20110104,100059,22430,1
BUX1112,0,20110104,100102,22440,2
BUX1112,0,20110104,100102,22448,1
BUX1112,0,20110104,100102,22448,1
BUX1112,0,20110104,100102,22449,3
BUX1112,0,20110104,100102,22449,5
BUX1112,0,20110104,100102,22450,13
OTP,0,20110104,100112,5269,50
OTP,0,20110104,100112,5270,500
EGIS,0,20110104,100115,20150,40
OTP,0,20110104,100117,5265,500
BUX1112,0,20110104,100120,22449.5,1
BUX1112,0,20110104,100120,22449.5,1
BUX1112,0,20110104,100120,22450,2
MOL,0,20110104,100132,21080,8
OTP,0,20110104,100135,5270,108
RABA,0,20110104,100138,818,3
RABA,0,20110104,100138,818,148
RABA,0,20110104,100138,819,149
PANNERGY,0,20110104,100139,929,310
PANNERGY,0,20110104,100139,930,25
PANNERGY,0,20110104,100139,930,88
MOL,0,20110104,100155,21080,65
PANNERGY,0,20110104,100159,930,105
RICHTER,0,20110104,100221,42550,280
OTP,0,20110104,100223,5268,100
OTP,0,20110104,100223,5265,5400
RICHTER,0,20110104,100224,42640,9
RICHTER,0,20110104,100224,42640,104
OTP,0,20110104,100230,5265,500
BUX1112,0,20110104,100255,22450,3
MTELEKOM,0,20110104,100317,541,500
MOL,0,20110104,100337,21080,35
MOL,0,20110104,100337,21080,15
MTELEKOM,0,20110104,100341,541,2900
BUX1112,0,20110104,100352,22450,11
BUX1112,0,20110104,100352,22450,4
BUX1112,0,20110104,100403,22431,2
MTELEKOM,0,20110104,100406,542,500
MTELEKOM,0,20110104,100406,541,1497
MTELEKOM,0,20110104,100406,541,1500
RICHTER,0,20110104,100413,42635,14
OTP,0,20110104,100422,5270,13
RABA,0,20110104,100424,817,150
BUX1112,0,20110104,100434,22431,3
OTP,0,20110104,100437,5265,100
OTP,0,20110104,100437,5265,154
OTP,0,20110104,100437,5261,25
OTP,0,20110104,100437,5257,400
OTP,0,20110104,100437,5256,475
OTP,0,20110104,100437,5255,400
OTP,0,20110104,100437,5255,1016
BUX1112,0,20110104,100438,22450,2
OTP,0,20110104,100448,5255,10
MTELEKOM,0,20110104,100452,541,300
OTP,0,20110104,100501,5265,100
OTP,0,20110104,100501,5265,50
MTELEKOM,0,20110104,100509,541,375
MTELEKOM,0,20110104,100520,541,500
MTELEKOM,0,20110104,100536,541,1000
MOL,0,20110104,100537,21100,50
KEG,0,20110104,100541,138,50
KEG,0,20110104,100541,138,500
KEG,0,20110104,100541,138,405
KEG,0,20110104,100541,138,850
KEG,0,20110104,100541,137,4200
KEG,0,20110104,100541,137,1100
KEG,0,20110104,100541,137,895
RICHTER,0,20110104,100550,42605,18
OTP,0,20110104,100550,5257,200
OTP,0,20110104,100550,5257,10
BUX1112,0,20110104,100551,22444,1
OTP,0,20110104,100555,5256,1000
OTP,0,20110104,100559,5256,70
OTP,0,20110104,100604,5256,40
OTP,0,20110104,100619,5257,560
MTELEKOM,0,20110104,100620,541,200
OTP,0,20110104,100623,5256,350
KEG,0,20110104,100626,138,500
OTP,0,20110104,100626,5268,16
OTP,0,20110104,100626,5270,184
BUX1112,0,20110104,100629,22445,5
OTP,0,20110104,100634,5270,56
MTELEKOM,0,20110104,100645,540,100
RABA,0,20110104,100704,817,96
BUX1112,0,20110104,100730,22430,8
PANNERGY,0,20110104,100757,928,935
OTP,0,20110104,100805,5257,50
OTP,0,20110104,100817,5257,30
OTP,0,20110104,100817,5256,20
RICHTER,0,20110104,100822,42605,4
RICHTER,0,20110104,100822,42520,3
MTELEKOM,0,20110104,100827,541,628
OTP,0,20110104,100829,5256,24
FHB,0,20110104,100834,980,80
MOL,0,20110104,100837,21095,26
MOL,0,20110104,100837,21095,39
MOL,0,20110104,100837,21060,100
MOL,0,20110104,100837,21050,20
MOL,0,20110104,100837,21050,50
MOL,0,20110104,100837,21050,20
MOL,0,20110104,100837,21050,100
MOL,0,20110104,100837,21025,45
MOL,0,20110104,100837,21025,1
MOL,0,20110104,100856,21095,53
BUX1112,0,20110104,100904,22431,1
BUX1112,0,20110104,100904,22421,1
BUX1112,0,20110104,100904,22421,1
BUX1112,0,20110104,100904,22420,7
OTP,0,20110104,100911,5258,182
OTP,0,20110104,100911,5256,496
OTP,0,20110104,100911,5256,100
OTP,0,20110104,100911,5256,22
BUX1112,0,20110104,100912,22420,1
BUX1112,0,20110104,100912,22418,1
BUX1112,0,20110104,100912,22418,1
BUX1112,0,20110104,100912,22415,10
BUX1112,0,20110104,100912,22414,5
BUX1112,0,20110104,100912,22414,2
BUX1112,0,20110104,100912,22411,5
BUX1112,0,20110104,100912,22411,2
BUX1112,0,20110104,100912,22410,3
RFV,0,20110104,100912,8500,39
BUX1112,0,20110104,100914,22410,6
BUX1112,0,20110104,100914,22405,30
BUX1112,0,20110104,100914,22400,5
BUX1112,0,20110104,100914,22390,1
BUX1112,0,20110104,100914,22390,1
BUX1112,0,20110104,100914,22382,1
CSEPEL,0,20110104,100916,256,150
RFV,0,20110104,100917,8500,11
MOL,0,20110104,100924,21100,15
OTP,0,20110104,100925,5256,228
OTP,0,20110104,100925,5256,100
OTP,0,20110104,100925,5255,474
OTP,0,20110104,100925,5255,128
OTP,0,20110104,100937,5254,10
OTP,0,20110104,100937,5254,40
BUX1112,0,20110104,100944,22400,10
OTP,0,20110104,100945,5254,110
OTP,0,20110104,100945,5253,692
OTP,0,20110104,100945,5253,198
PANNERGY,0,20110104,100947,930,307
PANNERGY,0,20110104,100947,930,1000
PANNERGY,0,20110104,100947,930,200
BUX1112,0,20110104,100947,22400,10
OTP,0,20110104,100948,5253,250
OTP,0,20110104,100951,5255,100
OTP,0,20110104,100956,5255,100
OTP,0,20110104,101001,5255,300
PANNERGY,0,20110104,101005,930,442
OTP,0,20110104,101006,5255,50
OTP,0,20110104,101008,5255,50
OTP,0,20110104,101012,5254,40
OTP,0,20110104,101016,5254,15
ZWACK,0,20110104,101024,12950,5
OTP,0,20110104,101036,5254,45
BUX1112,0,20110104,101040,22400,20
CSEPEL,0,20110104,101044,256,250
RICHTER,0,20110104,101044,42520,13
MTELEKOM,0,20110104,101047,541,80
OTP,0,20110104,101048,5252,100
OTP,0,20110104,101048,5252,400
OTP,0,20110104,101048,5252,500
OTP,0,20110104,101048,5252,1000
OTP,0,20110104,101048,5251,25
OTP,0,20110104,101048,5251,975
OTP,0,20110104,101051,5251,25
OTP,0,20110104,101051,5251,100
OTP,0,20110104,101051,5251,1000
OTP,0,20110104,101051,5250,875
MTELEKOM,0,20110104,101056,541,292
MTELEKOM,0,20110104,101056,541,8
OTP,0,20110104,101058,5250,125
OTP,0,20110104,101058,5250,50
OTP,0,20110104,101058,5250,25
OTP,0,20110104,101101,5250,1225
OTP,0,20110104,101101,5250,28
OTP,0,20110104,101101,5250,40
BUX1112,0,20110104,101103,22400,2
GSPARK,0,20110104,101105,792,20
GENESIS,0,20110104,101107,182,30
OTP,0,20110104,101108,5246,100
OTP,0,20110104,101108,5246,100
OTP,0,20110104,101114,5248,35
BUX1112,0,20110104,101115,22400,6
OTP,0,20110104,101116,5250,25
OTP,0,20110104,101118,5250,475
OTP,0,20110104,101118,5250,300
OTP,0,20110104,101118,5250,25
OTP,0,20110104,101119,5250,35
BUX1112,0,20110104,101122,22400,10
BUX1112,0,20110104,101123,22400,3
OTP,0,20110104,101138,5255,70
OTP,0,20110104,101138,5251,75
BUX1112,0,20110104,101138,22400,1
BUX1112,0,20110104,101140,22399.5,2
OTP,0,20110104,101201,5250,41
BUX1112,0,20110104,101216,22399.5,8
BUX1112,0,20110104,101216,22399,3
BUX1112,0,20110104,101219,22399,2
MTELEKOM,0,20110104,101221,542,3000
MTELEKOM,0,20110104,101221,542,200
MTELEKOM,0,20110104,101221,542,500
MTELEKOM,0,20110104,101221,542,300
MTELEKOM,0,20110104,101221,542,1000
MTELEKOM,0,20110104,101221,542,5000
OTP,0,20110104,101222,5255,1400
OTP,0,20110104,101222,5255,500
MTELEKOM,0,20110104,101225,542,5000
MTELEKOM,0,20110104,101225,542,500
OTP,0,20110104,101244,5251,10
FOTEX,0,20110104,101252,385,3
OTP,0,20110104,101254,5260,75
RICHTER,0,20110104,101256,42595,17
RICHTER,0,20110104,101256,42600,96
RICHTER,0,20110104,101256,42600,14
RICHTER,0,20110104,101256,42600,7
ZWACK,0,20110104,101257,12900,8
BUX1112,0,20110104,101259,22399,1
BUX1112,0,20110104,101259,22400,2
BUX1112,0,20110104,101259,22400,1
MTELEKOM,0,20110104,101305,543,200
MTELEKOM,0,20110104,101305,543,112
MTELEKOM,0,20110104,101305,543,70
MTELEKOM,0,20110104,101305,543,400
MTELEKOM,0,20110104,101305,543,500
MTELEKOM,0,20110104,101305,543,446
BUX1112,0,20110104,101311,22400,20
BUX1112,0,20110104,101319,22400,6
MTELEKOM,0,20110104,101325,542,500
BUX1112,0,20110104,101328,22400,1
FHB,0,20110104,101333,979,335
FHB,0,20110104,101333,978,301
BUX1112,0,20110104,101334,22400,15
BUX1112,0,20110104,101335,22400,2
BUX1112,0,20110104,101335,22400,3
BUX1112,0,20110104,101355,22400,2
BUX1112,0,20110104,101359,22400,2
BUX1112,0,20110104,101400,22400,1
BUX1112,0,20110104,101404,22400,2
ZWACK,0,20110104,101426,12895,10
ZWACK,0,20110104,101426,12900,42
SYNERGON,0,20110104,101444,490,1
SYNERGON,0,20110104,101444,488,99
BUX1112,0,20110104,101447,22405,3
OTP,0,20110104,101454,5260,25
OTP,0,20110104,101454,5260,175
ANY,0,20110104,101506,730,100
BUX1112,0,20110104,101523,22439,1
MTELEKOM,0,20110104,101526,543,270
MTELEKOM,0,20110104,101526,543,2151
MTELEKOM,0,20110104,101526,543,830
MTELEKOM,0,20110104,101526,543,200
MTELEKOM,0,20110104,101526,543,300
ANY,0,20110104,101531,729,100
BUX1112,0,20110104,101542,22405.5,2
OTP,0,20110104,101547,5260,6
OTP,0,20110104,101547,5260,94
MOL,0,20110104,101552,21095,46
MOL,0,20110104,101552,21095,40
ANY,0,20110104,101556,728,100
GENESIS,0,20110104,101557,182,500
BUX1112,0,20110104,101601,22439,1
PHYLAXIA,0,20110104,101601,46,590
MOL,0,20110104,101620,21100,2
OTP,0,20110104,101623,5256,145
OTP,0,20110104,101626,5253,45
ANY,0,20110104,101626,727,100
OTP,0,20110104,101731,5253,2
OTP,0,20110104,101810,5256,30
BUX1112,0,20110104,101820,22430,1
OTP,0,20110104,101837,5260,56
OTP,0,20110104,101837,5260,44
EBGOLD,0,20110104,101841,2932,20
OTP,0,20110104,101903,5256,162
OTP,0,20110104,101903,5253,18
OTP,0,20110104,101903,5253,20
BUX1112,0,20110104,101921,22415,1
BUX1112,0,20110104,101921,22408,3
BUX1112,0,20110104,101921,22405,6
PHYLAXIA,0,20110104,101925,46,1410
RICHTER,0,20110104,101927,42590,10
RICHTER,0,20110104,101936,42590,5
RABA,0,20110104,102004,818,200
MOL,0,20110104,102012,21065,50
MOL,0,20110104,102012,21065,45
RFV,0,20110104,102021,8528,58
RFV,0,20110104,102021,8529,11
RFV,0,20110104,102021,8530,40
ZWACK,0,20110104,102033,12900,10
OTP,0,20110104,102046,5253,380
OTP,0,20110104,102046,5252,100
OTP,0,20110104,102046,5252,100
OTP,0,20110104,102046,5251,558
OTP,0,20110104,102046,5250,164
OTP,0,20110104,102046,5250,698
OTP,0,20110104,102046,5250,300
RFV,0,20110104,102051,8535,16
OTP,0,20110104,102102,5250,150
BUX1112,0,20110104,102113,22405,4
MTELEKOM,0,20110104,102120,543,1719
MTELEKOM,0,20110104,102120,543,1281
OTP,0,20110104,102135,5251,50
MOL,0,20110104,102138,21090,59
MOL,0,20110104,102139,21090,50
MTELEKOM,0,20110104,102218,543,80
MTELEKOM,0,20110104,102218,543,420
MTELEKOM,0,20110104,102225,543,680
MTELEKOM,0,20110104,102225,543,720
FHB,0,20110104,102237,983,30
OTP,0,20110104,102243,5257,70
RICHTER,0,20110104,102247,42600,5
MTELEKOM,0,20110104,102302,543,200
MOL,0,20110104,102307,21090,14
MOL,0,20110104,102307,21095,86
OTP,0,20110104,102336,5257,50
RICHTER,0,20110104,102349,42600,2
RICHTER,0,20110104,102349,42600,2
OTP,0,20110104,102353,5257,57
OTP,0,20110104,102353,5255,100
OTP,0,20110104,102353,5251,73
MTELEKOM,0,20110104,102407,543,580
MTELEKOM,0,20110104,102407,543,100
MTELEKOM,0,20110104,102407,543,520
OTP,0,20110104,102436,5251,13
MOL,0,20110104,102458,21095,30
RICHTER,0,20110104,102513,42595,13
MOL,0,20110104,102514,21090,10
MOL,0,20110104,102516,21095,1
RABA,0,20110104,102528,817,2
OTP,0,20110104,102548,5259,2
MTELEKOM,0,20110104,102604,544,500
OTP,0,20110104,102609,5259,750
MTELEKOM,0,20110104,102624,543,374
MTELEKOM,0,20110104,102633,543,100
OTP,0,20110104,102636,5252,25
OTP,0,20110104,102636,5252,95
OTP,0,20110104,102642,5259,50
ANY,0,20110104,102644,734,200
OTP,0,20110104,102700,5252,6
MTELEKOM,0,20110104,102709,543,100
OTP,0,20110104,102721,5259,198
OTP,0,20110104,102721,5260,16
OTP,0,20110104,102721,5260,1155
OTP,0,20110104,102721,5260,700
OTP,0,20110104,102721,5260,15
OTP,0,20110104,102721,5260,95
OTP,0,20110104,102727,5260,405
OTP,0,20110104,102727,5260,120
OTP,0,20110104,102736,5260,475
OTP,0,20110104,102736,5260,500
BUX1112,0,20110104,102746,22410,10
MOL,0,20110104,102747,21095,7
OTP,0,20110104,102801,5260,25
OTP,0,20110104,102801,5261,250
OTP,0,20110104,102801,5265,863
OTP,0,20110104,102801,5265,20
BUX1112,0,20110104,102810,22429,1
BUX1112,0,20110104,102810,22429,1
BUX1112,0,20110104,102810,22430,3
MOL,0,20110104,102813,21100,40
BUX1112,0,20110104,102819,22430,6
BUX1112,0,20110104,102819,22430,3
BUX1112,0,20110104,102904,22430,7
BUX1112,0,20110104,102911,22438,2
RICHTER,0,20110104,102920,42595,8
RICHTER,0,20110104,102920,42535,6
MTELEKOM,0,20110104,102942,543,1000
MTELEKOM,0,20110104,102958,543,240
MOL,0,20110104,103013,21115,123
MOL,0,20110104,103017,21115,46
OTP,0,20110104,103020,5262,30
OTP,0,20110104,103034,5263,50
OTP,0,20110104,103034,5265,117
OTP,0,20110104,103034,5265,643
OTP,0,20110104,103034,5265,1000
OTP,0,20110104,103037,5262,12
ECONET,0,20110104,103039,90,1060
ECONET,0,20110104,103039,90,600
ECONET,0,20110104,103039,90,340
OTP,0,20110104,103043,5268,190
MOL,0,20110104,103055,21120,37
MOL,0,20110104,103055,21120,24
MOL,0,20110104,103055,21120,39
FOTEX,0,20110104,103057,387,17
BUX1112,0,20110104,103109,22438,3
BUX1112,0,20110104,103109,22440,2
BUX1112,0,20110104,103109,22440,15
MOL,0,20110104,103116,21120,6
BUX1112,0,20110104,103118,22440,5
BUX1112,0,20110104,103118,22445,2
BUX1112,0,20110104,103118,22445,10
BUX1112,0,20110104,103118,22449,3
OTP,0,20110104,103128,5266,2
OTP,0,20110104,103128,5265,199
BUX1112,0,20110104,103142,22450,1
BUX1112,0,20110104,103142,22450,4
OTP,0,20110104,103142,5265,299
OTP,0,20110104,103142,5265,1000
FOTEX,0,20110104,103152,388,200
FOTEX,0,20110104,103152,389,50
OTP,0,20110104,103210,5265,1
MTELEKOM,0,20110104,103217,544,1500
MTELEKOM,0,20110104,103217,544,60
RABA,0,20110104,103219,817,600
KEG,0,20110104,103220,139,100
BUX1112,0,20110104,103224,22450,1
BUX1112,0,20110104,103226,22440,1
BUX1112,0,20110104,103226,22450,20
BUX1112,0,20110104,103226,22450,4
BUX1112,0,20110104,103226,22450,6
MOL,0,20110104,103228,21115,26
MOL,0,20110104,103228,21115,40
MTELEKOM,0,20110104,103231,544,440
MTELEKOM,0,20110104,103231,544,500
MTELEKOM,0,20110104,103231,544,60
PHYLAXIA,0,20110104,103231,46,10
MTELEKOM,0,20110104,103243,544,1940
MTELEKOM,0,20110104,103243,544,2560
MTELEKOM,0,20110104,103250,544,3000
KEG,0,20110104,103305,137,105
KEG,0,20110104,103305,137,1000
KEG,0,20110104,103305,137,1111
KEG,0,20110104,103305,137,23
KEG,0,20110104,103305,136,600
KEG,0,20110104,103305,136,2000
KEG,0,20110104,103305,136,5000
KEG,0,20110104,103305,136,2000
KEG,0,20110104,103305,136,442
GSPARK,0,20110104,103319,798,100
GSPARK,0,20110104,103319,798,100
BUX1112,0,20110104,103320,22450,4
FOTEX,0,20110104,103323,389,450
FOTEX,0,20110104,103323,390,50
KEG,0,20110104,103329,136,300
RICHTER,0,20110104,103338,42545,58
RICHTER,0,20110104,103338,42545,18
RICHTER,0,20110104,103338,42540,10
RICHTER,0,20110104,103340,42540,71
OTP,0,20110104,103341,5255,499
RICHTER,0,20110104,103353,42600,9
RICHTER,0,20110104,103353,42600,11
RICHTER,0,20110104,103353,42600,10
KEG,0,20110104,103355,136,1000
KEG,0,20110104,103405,136,1000
KEG,0,20110104,103406,136,1000
RICHTER,0,20110104,103413,42600,20
PHYLAXIA,0,20110104,103414,46,2000
MTELEKOM,0,20110104,103417,544,400
OTP,0,20110104,103429,5255,50
KEG,0,20110104,103429,136,230
MTELEKOM,0,20110104,103430,544,900
RICHTER,0,20110104,103438,42600,300
OTP,0,20110104,103448,5255,451
OTP,0,20110104,103448,5255,152
OTP,0,20110104,103448,5255,100
OTP,0,20110104,103448,5255,147
MTELEKOM,0,20110104,103449,544,140
MTELEKOM,0,20110104,103449,544,60
RICHTER,0,20110104,103450,42605,11
RICHTER,0,20110104,103450,42600,14
MOL,0,20110104,103452,21110,5
MTELEKOM,0,20110104,103452,543,1304
GENESIS,0,20110104,103453,182,500
PHYLAXIA,0,20110104,103506,46,1590
KEG,0,20110104,103507,136,9
MOL,0,20110104,103507,21115,41
RICHTER,0,20110104,103515,42605,157
GENESIS,0,20110104,103520,182,904
GENESIS,0,20110104,103520,182,600
GENESIS,0,20110104,103520,182,600
GENESIS,0,20110104,103520,182,158
RICHTER,0,20110104,103527,42600,8
MTELEKOM,0,20110104,103545,544,440
MTELEKOM,0,20110104,103545,544,200
MTELEKOM,0,20110104,103545,544,80
MTELEKOM,0,20110104,103545,544,1000
MTELEKOM,0,20110104,103545,544,500
MTELEKOM,0,20110104,103545,544,700
MTELEKOM,0,20110104,103545,544,125
MTELEKOM,0,20110104,103545,544,200
RICHTER,0,20110104,103548,42650,5
KEG,0,20110104,103550,137,1000
MTELEKOM,0,20110104,103555,545,2394
MTELEKOM,0,20110104,103555,545,180
MTELEKOM,0,20110104,103555,545,650
MTELEKOM,0,20110104,103555,545,1750
MTELEKOM,0,20110104,103555,545,105
MTELEKOM,0,20110104,103555,545,110
MTELEKOM,0,20110104,103555,545,200
MTELEKOM,0,20110104,103555,545,1000
MTELEKOM,0,20110104,103555,545,400
MTELEKOM,0,20110104,103555,545,2000
MTELEKOM,0,20110104,103555,545,10000
MTELEKOM,0,20110104,103555,545,21114
MTELEKOM,0,20110104,103602,545,5000
MTELEKOM,0,20110104,103606,545,4200
MTELEKOM,0,20110104,103607,545,686
MTELEKOM,0,20110104,103607,545,3000
MTELEKOM,0,20110104,103607,545,3000
MTELEKOM,0,20110104,103607,545,2000
MTELEKOM,0,20110104,103607,545,100
MTELEKOM,0,20110104,103607,545,1000
MTELEKOM,0,20110104,103607,545,1000
MTELEKOM,0,20110104,103607,545,1000
MTELEKOM,0,20110104,103617,546,741
MTELEKOM,0,20110104,103617,546,200
PHYLAXIA,0,20110104,103633,46,1955
PHYLAXIA,0,20110104,103633,46,4045
PANNERGY,0,20110104,103639,929,537
PANNERGY,0,20110104,103639,930,558
PANNERGY,0,20110104,103639,930,300
PANNERGY,0,20110104,103639,930,50
PANNERGY,0,20110104,103639,930,200
PANNERGY,0,20110104,103639,930,30
PANNERGY,0,20110104,103639,931,300
PANNERGY,0,20110104,103639,931,25
GENESIS,0,20110104,103650,184,1000
KEG,0,20110104,103658,137,1000
RICHTER,0,20110104,103703,42605,10
RICHTER,0,20110104,103703,42600,78
RICHTER,0,20110104,103712,42600,50
GENESIS,0,20110104,103713,185,1000
GENESIS,0,20110104,103713,185,1500
RICHTER,0,20110104,103729,42600,17
RABA,0,20110104,103736,819,80
RABA,0,20110104,103736,819,30
BUX1112,0,20110104,103738,22469,1
BUX1112,0,20110104,103738,22470,1
OTP,0,20110104,103738,5260,400
PANNERGY,0,20110104,103747,930,300
OTP,0,20110104,103801,5260,100
OTP,0,20110104,103801,5260,60
OTP,0,20110104,103801,5260,93
OTP,0,20110104,103801,5260,500
GENESIS,0,20110104,103826,187,350
GENESIS,0,20110104,103826,187,600
GENESIS,0,20110104,103826,188,50
MTELEKOM,0,20110104,103832,545,2650
MTELEKOM,0,20110104,103832,545,1573
MTELEKOM,0,20110104,103832,545,1037
GENESIS,0,20110104,103837,188,200
MTELEKOM,0,20110104,103841,545,147
MTELEKOM,0,20110104,103841,545,653
MTELEKOM,0,20110104,103858,545,500
OTP,0,20110104,103907,5256,100
OTP,0,20110104,103907,5256,160
OTP,0,20110104,103907,5256,240
MTELEKOM,0,20110104,103917,545,250
