<TICKER>,<PER>,<DTYYYYMMDD>,<TIME>,<CLOSE>,<VOLUME>
BUX1112,0,20110124,090016,23770,2
BUX1112,0,20110124,090016,23770,3
BUX1112,0,20110124,090016,23770,2
BUX1112,0,20110124,090016,23770,1
BUX1112,0,20110124,090016,23770,1
BUX1112,0,20110124,090016,23770,1
BUX1112,0,20110124,090016,23770,5
BUX1112,0,20110124,090016,23770,1
BUX1112,0,20110124,090016,23770,1
BUX1112,0,20110124,090016,23770,10
BUX1112,0,20110124,090016,23770,4
BUX1112,0,20110124,090016,23770,30
BUX1112,0,20110124,090016,23770,1
BUX1112,0,20110124,090016,23770,10
BUX1112,0,20110124,090016,23770,1
BUX1112,0,20110124,090016,23770,4
BUX1112,0,20110124,090016,23770,1
BUX1112,0,20110124,090016,23770,27
BUX1112,0,20110124,090016,23770,10
BUX1112,0,20110124,090016,23770,15
BUX1112,0,20110124,090016,23770,10
CSEPEL,0,20110124,090035,361,25
CSEPEL,0,20110124,090035,361,150
DANUBIUS,0,20110124,090035,4200,5
DANUBIUS,0,20110124,090035,4200,112
DANUBIUS,0,20110124,090035,4200,388
HUMET,0,20110124,090035,9,3
HUMET,0,20110124,090035,9,47
MOL,0,20110124,090035,22450,31
MOL,0,20110124,090035,22450,13
MOL,0,20110124,090035,22450,36
MOL,0,20110124,090035,22450,50
MOL,0,20110124,090035,22450,10
MOL,0,20110124,090035,22450,154
MOL,0,20110124,090035,22450,100
MOL,0,20110124,090035,22450,246
MOL,0,20110124,090035,22450,4
MOL,0,20110124,090035,22450,1
MOL,0,20110124,090035,22450,8
MTELEKOM,0,20110124,090035,551,151
MTELEKOM,0,20110124,090035,551,79
MTELEKOM,0,20110124,090035,551,121
MTELEKOM,0,20110124,090035,551,100
MTELEKOM,0,20110124,090035,551,1279
MTELEKOM,0,20110124,090035,551,221
ORC,0,20110124,090035,1995,5
OTP,0,20110124,090035,5731,200
OTP,0,20110124,090035,5731,150
OTP,0,20110124,090035,5731,1650
OTP,0,20110124,090035,5731,142
OTP,0,20110124,090035,5731,120
OTP,0,20110124,090035,5731,17
OTP,0,20110124,090035,5731,35
OTP,0,20110124,090035,5731,40
OTP,0,20110124,090035,5731,8
OTP,0,20110124,090035,5731,7
OTP,0,20110124,090035,5731,3
OTP,0,20110124,090035,5731,50
OTP,0,20110124,090035,5731,49
OTP,0,20110124,090035,5731,100
OTP,0,20110124,090035,5731,13
OTP,0,20110124,090035,5731,20
OTP,0,20110124,090035,5731,138
OTP,0,20110124,090035,5731,140
OTP,0,20110124,090035,5731,100
OTP,0,20110124,090035,5731,75
OTP,0,20110124,090035,5731,200
OTP,0,20110124,090035,5731,1830
OTP,0,20110124,090035,5731,100
OTP,0,20110124,090035,5731,88
OTP,0,20110124,090035,5731,120
OTP,0,20110124,090035,5731,890
OTP,0,20110124,090035,5731,5
OTP,0,20110124,090035,5731,164
OTP,0,20110124,090035,5731,11
OTP,0,20110124,090035,5731,14
OTP,0,20110124,090035,5731,25
OTP,0,20110124,090035,5731,25
OTP,0,20110124,090035,5731,450
OTP,0,20110124,090035,5731,20
OTP,0,20110124,090035,5731,1530
OTP,0,20110124,090035,5731,2470
OTP,0,20110124,090035,5731,30
OTP,0,20110124,090035,5731,70
OTP,0,20110124,090035,5731,3
PHYLAXIA,0,20110124,090035,44,150
PHYLAXIA,0,20110124,090035,44,100
QUAESTOR,0,20110124,090035,305,35
QUAESTOR,0,20110124,090035,305,100
RICHTER,0,20110124,090035,42550,8
RICHTER,0,20110124,090035,42550,1
RICHTER,0,20110124,090035,42550,1
RICHTER,0,20110124,090035,42550,23
RICHTER,0,20110124,090035,42550,10
RICHTER,0,20110124,090035,42550,16
SYNERGON,0,20110124,090035,511,120
SYNERGON,0,20110124,090035,511,700
PANNERGY,0,20110124,090204,915,1000
BUX1112,0,20110124,090206,23770,128
OTP,0,20110124,090209,5740,3
BUX1112,0,20110124,090209,23770,10
OTP,0,20110124,090210,5740,243
OTP,0,20110124,090210,5740,389
OTP,0,20110124,090210,5740,232
BUX1112,0,20110124,090213,23721,10
FOTEX,0,20110124,090213,388,124
MTELEKOM,0,20110124,090214,553,182
BUX1112,0,20110124,090217,23770,1
BUX1112,0,20110124,090217,23779,10
BUX1112,0,20110124,090217,23780,20
BUX1112,0,20110124,090217,23785,15
BUX1112,0,20110124,090217,23788,2
BUX1112,0,20110124,090217,23788,1
BUX1112,0,20110124,090217,23790,1
ZWACK,0,20110124,090217,13410,5
ZWACK,0,20110124,090217,13410,8
OTP,0,20110124,090218,5740,10
OTP,0,20110124,090223,5735,875
RICHTER,0,20110124,090226,42550,20
OTP,0,20110124,090227,5740,10
OTP,0,20110124,090227,5740,100
OTP,0,20110124,090234,5740,50
OTP,0,20110124,090235,5740,182
OTP,0,20110124,090237,5740,5
CSEPEL,0,20110124,090238,365,1
BUX1112,0,20110124,090239,23790,3
OTP,0,20110124,090250,5740,13
OTP,0,20110124,090250,5740,87
OTP,0,20110124,090250,5744,10
OTP,0,20110124,090250,5744,50
BUX1112,0,20110124,090255,23770,3
OTP,0,20110124,090256,5744,30
OTP,0,20110124,090256,5749,33
OTP,0,20110124,090256,5749,100
OTP,0,20110124,090256,5749,100
OTP,0,20110124,090256,5750,200
OTP,0,20110124,090256,5750,109
OTP,0,20110124,090256,5750,67
OTP,0,20110124,090256,5750,90
OTP,0,20110124,090256,5750,271
RABA,0,20110124,090301,836,132
RABA,0,20110124,090301,835,9
MOL,0,20110124,090304,22500,8
MOL,0,20110124,090304,22500,6
MOL,0,20110124,090304,22500,73
OTP,0,20110124,090306,5750,189
OTP,0,20110124,090306,5750,145
OTP,0,20110124,090306,5750,26
OTP,0,20110124,090306,5750,320
OTP,0,20110124,090306,5750,100
OTP,0,20110124,090306,5750,172
OTP,0,20110124,090306,5750,8
RICHTER,0,20110124,090308,42550,4
OTP,0,20110124,090310,5750,10
OTP,0,20110124,090316,5750,1262
OTP,0,20110124,090316,5750,200
OTP,0,20110124,090316,5750,50
OTP,0,20110124,090316,5750,252
OTP,0,20110124,090316,5750,20
OTP,0,20110124,090316,5750,100
OTP,0,20110124,090316,5750,2000
OTP,0,20110124,090316,5750,56
OTP,0,20110124,090316,5750,30
OTP,0,20110124,090324,5750,65
OTP,0,20110124,090333,5752,225
OTP,0,20110124,090334,5755,20
OTP,0,20110124,090334,5755,100
OTP,0,20110124,090334,5755,15
OTP,0,20110124,090334,5755,261
OTP,0,20110124,090341,5759,100
OTP,0,20110124,090341,5759,100
OTP,0,20110124,090341,5760,100
OTP,0,20110124,090341,5760,499
OTP,0,20110124,090341,5760,1000
OTP,0,20110124,090341,5760,100
OTP,0,20110124,090341,5760,185
OTP,0,20110124,090341,5760,100
OTP,0,20110124,090341,5760,200
MTELEKOM,0,20110124,090344,552,500
MTELEKOM,0,20110124,090344,552,500
OTP,0,20110124,090345,5760,100
OTP,0,20110124,090347,5764,11
OTP,0,20110124,090347,5764,144
OTP,0,20110124,090349,5765,25
OTP,0,20110124,090349,5765,73
OTP,0,20110124,090349,5766,91
OTP,0,20110124,090349,5768,375
OTP,0,20110124,090349,5768,12
OTP,0,20110124,090349,5768,40
OTP,0,20110124,090349,5769,208
OTP,0,20110124,090349,5769,100
OTP,0,20110124,090349,5769,100
OTP,0,20110124,090349,5770,16
OTP,0,20110124,090349,5770,300
OTP,0,20110124,090349,5770,19
OTP,0,20110124,090349,5770,141
OTP,0,20110124,090354,5770,659
OTP,0,20110124,090354,5770,50
OTP,0,20110124,090354,5770,79
OTP,0,20110124,090356,5770,121
OTP,0,20110124,090356,5770,48
OTP,0,20110124,090356,5770,40
OTP,0,20110124,090356,5770,2291
OTP,0,20110124,090357,5770,246
OTP,0,20110124,090400,5770,73
OTP,0,20110124,090401,5761,28
OTP,0,20110124,090401,5769,486
OTP,0,20110124,090405,5769,264
OTP,0,20110124,090406,5770,220
OTP,0,20110124,090408,5769,4
OTP,0,20110124,090410,5769,96
OTP,0,20110124,090410,5770,904
ZWACK,0,20110124,090413,13400,10
ZWACK,0,20110124,090414,13400,15
ZWACK,0,20110124,090414,13400,10
OTP,0,20110124,090416,5770,236
OTP,0,20110124,090416,5770,169
OTP,0,20110124,090416,5770,102
OTP,0,20110124,090416,5770,400
OTP,0,20110124,090417,5770,8
OTP,0,20110124,090419,5770,65
OTP,0,20110124,090419,5770,425
OTP,0,20110124,090419,5770,59
OTP,0,20110124,090419,5770,1016
OTP,0,20110124,090424,5772,95
OTP,0,20110124,090425,5775,100
OTP,0,20110124,090425,5775,80
OTP,0,20110124,090425,5772,100
OTP,0,20110124,090426,5775,143
OTP,0,20110124,090427,5775,17
OTP,0,20110124,090427,5775,268
OTP,0,20110124,090428,5775,222
OTP,0,20110124,090428,5775,30
OTP,0,20110124,090428,5775,206
OTP,0,20110124,090428,5775,50
OTP,0,20110124,090428,5772,82
OTP,0,20110124,090428,5771,668
OTP,0,20110124,090430,5775,63
OTP,0,20110124,090430,5775,102
OTP,0,20110124,090431,5775,38
OTP,0,20110124,090437,5775,250
OTP,0,20110124,090440,5778,113
OTP,0,20110124,090440,5779,100
OTP,0,20110124,090440,5779,139
OTP,0,20110124,090440,5779,100
OTP,0,20110124,090440,5780,191
OTP,0,20110124,090440,5780,50
OTP,0,20110124,090440,5780,300
OTP,0,20110124,090440,5780,25
OTP,0,20110124,090440,5780,130
OTP,0,20110124,090440,5780,122
OTP,0,20110124,090442,5780,342
OTP,0,20110124,090443,5780,36
OTP,0,20110124,090443,5780,223
OTP,0,20110124,090443,5780,113
OTP,0,20110124,090446,5780,664
OTP,0,20110124,090446,5780,390
OTP,0,20110124,090446,5780,400
OTP,0,20110124,090446,5780,80
OTP,0,20110124,090446,5780,10
OTP,0,20110124,090446,5780,158
OTP,0,20110124,090449,5781,10
OTP,0,20110124,090449,5782,10
OTP,0,20110124,090453,5783,40
OTP,0,20110124,090454,5784,15
OTP,0,20110124,090456,5784,326
OTP,0,20110124,090456,5784,269
OTP,0,20110124,090456,5783,131
OTP,0,20110124,090457,5783,100
OTP,0,20110124,090457,5783,95
OTP,0,20110124,090457,5780,5
OTP,0,20110124,090458,5785,649
OTP,0,20110124,090458,5780,367
OTP,0,20110124,090458,5779,133
OTP,0,20110124,090504,5780,200
OTP,0,20110124,090504,5780,50
OTP,0,20110124,090505,5780,150
OTP,0,20110124,090505,5785,158
OTP,0,20110124,090505,5785,60
OTP,0,20110124,090505,5785,30
OTP,0,20110124,090505,5785,323
BUX1112,0,20110124,090507,23785,10
OTP,0,20110124,090508,5780,50
BUX1112,0,20110124,090510,23770,1
OTP,0,20110124,090511,5780,232
MTELEKOM,0,20110124,090513,552,318
MTELEKOM,0,20110124,090513,552,500
MTELEKOM,0,20110124,090513,553,358
MTELEKOM,0,20110124,090513,553,100
MTELEKOM,0,20110124,090513,553,294
OTP,0,20110124,090514,5784,10
OTP,0,20110124,090519,5780,200
OTP,0,20110124,090521,5780,300
OTP,0,20110124,090522,5776,5
OTP,0,20110124,090524,5784,90
OTP,0,20110124,090524,5785,10
BUX1112,0,20110124,090525,23784,1
OTP,0,20110124,090529,5782,84
OTP,0,20110124,090529,5782,56
DANUBIUS,0,20110124,090531,4200,12
OTP,0,20110124,090531,5780,50
OTP,0,20110124,090532,5782,67
OTP,0,20110124,090533,5780,150
OTP,0,20110124,090533,5780,45
OTP,0,20110124,090538,5782,750
OTP,0,20110124,090540,5783,16
OTP,0,20110124,090541,5785,17
OTP,0,20110124,090541,5785,83
OTP,0,20110124,090543,5780,591
OTP,0,20110124,090543,5780,40
OTP,0,20110124,090543,5782,15
OTP,0,20110124,090543,5783,271
OTP,0,20110124,090551,5780,124
OTP,0,20110124,090551,5780,200
OTP,0,20110124,090551,5780,500
OTP,0,20110124,090551,5780,176
OTP,0,20110124,090552,5783,824
OTP,0,20110124,090556,5780,200
OTP,0,20110124,090556,5780,709
OTP,0,20110124,090556,5780,185
OTP,0,20110124,090558,5780,106
OTP,0,20110124,090558,5783,471
OTP,0,20110124,090601,5782,200
OTP,0,20110124,090604,5780,1349
OTP,0,20110124,090605,5780,100
OTP,0,20110124,090605,5780,51
OTP,0,20110124,090605,5780,52
OTP,0,20110124,090605,5782,300
OTP,0,20110124,090606,5780,48
OTP,0,20110124,090607,5780,2
OTP,0,20110124,090607,5780,37
OTP,0,20110124,090608,5780,1056
OTP,0,20110124,090610,5780,104
OTP,0,20110124,090613,5780,330
OTP,0,20110124,090615,5780,205
OTP,0,20110124,090615,5780,64
OTP,0,20110124,090619,5776,50
OTP,0,20110124,090634,5776,295
OTP,0,20110124,090634,5776,705
OTP,0,20110124,090636,5779,209
OTP,0,20110124,090637,5779,200
OTP,0,20110124,090638,5779,223
OTP,0,20110124,090639,5776,400
OTP,0,20110124,090639,5775,20
OTP,0,20110124,090642,5775,80
OTP,0,20110124,090642,5771,1357
OTP,0,20110124,090642,5770,501
OTP,0,20110124,090642,5770,150
OTP,0,20110124,090643,5775,30
OTP,0,20110124,090643,5779,386
OTP,0,20110124,090646,5776,10
MTELEKOM,0,20110124,090657,553,10
OTP,0,20110124,090704,5777,135
OTP,0,20110124,090705,5775,15
MOL,0,20110124,090709,22485,10
MTELEKOM,0,20110124,090712,552,300
OTP,0,20110124,090717,5775,422
OTP,0,20110124,090717,5770,149
OTP,0,20110124,090717,5770,51
OTP,0,20110124,090718,5775,58
OTP,0,20110124,090719,5770,50
MOL,0,20110124,090719,22485,7
OTP,0,20110124,090719,5775,500
OTP,0,20110124,090721,5775,45
OTP,0,20110124,090723,5770,899
OTP,0,20110124,090723,5770,101
OTP,0,20110124,090728,5770,99
OTP,0,20110124,090728,5770,180
OTP,0,20110124,090728,5770,110
OTP,0,20110124,090728,5770,180
OTP,0,20110124,090728,5770,705
OTP,0,20110124,090728,5770,111
BUX1112,0,20110124,090728,23770,49
BUX1112,0,20110124,090728,23770,1
OTP,0,20110124,090729,5770,115
MTELEKOM,0,20110124,090732,552,187
OTP,0,20110124,090732,5775,975
OTP,0,20110124,090732,5775,130
OTP,0,20110124,090732,5775,395
OTP,0,20110124,090732,5762,50
OTP,0,20110124,090733,5770,105
OTP,0,20110124,090734,5770,316
MTELEKOM,0,20110124,090736,552,313
SYNERGON,0,20110124,090739,517,20
SYNERGON,0,20110124,090739,518,50
SYNERGON,0,20110124,090739,519,50
MOL,0,20110124,090746,22450,100
MOL,0,20110124,090748,22480,10
OTP,0,20110124,090751,5762,110
OTP,0,20110124,090751,5762,196
OTP,0,20110124,090751,5762,721
OTP,0,20110124,090751,5761,696
OTP,0,20110124,090752,5770,79
OTP,0,20110124,090752,5770,200
OTP,0,20110124,090752,5770,130
OTP,0,20110124,090752,5770,591
OTP,0,20110124,090753,5770,141
OTP,0,20110124,090755,5770,107
OTP,0,20110124,090801,5773,30
OTP,0,20110124,090801,5770,249
OTP,0,20110124,090802,5769,170
OTP,0,20110124,090802,5770,262
OTP,0,20110124,090803,5770,59
OTP,0,20110124,090808,5761,776
OTP,0,20110124,090808,5761,328
OTP,0,20110124,090810,5761,151
OTP,0,20110124,090810,5761,45
OTP,0,20110124,090818,5770,130
OTP,0,20110124,090818,5770,150
OTP,0,20110124,090818,5770,30
OTP,0,20110124,090818,5770,15
OTP,0,20110124,090819,5770,44
OTP,0,20110124,090821,5770,30
OTP,0,20110124,090821,5770,10
OTP,0,20110124,090841,5769,100
OTP,0,20110124,090841,5770,9
OTP,0,20110124,090841,5770,85
OTP,0,20110124,090841,5770,90
OTP,0,20110124,090841,5770,30
OTP,0,20110124,090844,5770,186
OTP,0,20110124,090845,5770,80
OTP,0,20110124,090846,5770,134
OTP,0,20110124,090852,5770,59
OTP,0,20110124,090853,5772,200
OTP,0,20110124,090904,5774,46
OTP,0,20110124,090904,5774,10
OTP,0,20110124,090905,5774,61
OTP,0,20110124,090912,5774,100
OTP,0,20110124,090915,5770,14
OTP,0,20110124,090916,5773,5
OTP,0,20110124,090916,5774,345
OTP,0,20110124,090917,5774,63
BUX1112,0,20110124,090920,23770,7
PANNERGY,0,20110124,090920,912,100
RICHTER,0,20110124,090922,42520,16
RICHTER,0,20110124,090922,42525,4
OTP,0,20110124,090927,5774,60
OTP,0,20110124,090929,5772,100
OTP,0,20110124,090929,5774,15
OTP,0,20110124,090929,5774,1000
OTP,0,20110124,090929,5774,284
OTP,0,20110124,090929,5770,7
OTP,0,20110124,090929,5770,23
BUX1112,0,20110124,090930,23770,2
OTP,0,20110124,090931,5772,100
OTP,0,20110124,090932,5772,57
OTP,0,20110124,090932,5770,14
MOL,0,20110124,090934,22465,13
BUX1112,0,20110124,090935,23770,40
OTP,0,20110124,090938,5770,162
OTP,0,20110124,090938,5770,34
OTP,0,20110124,090938,5770,444
OTP,0,20110124,090938,5770,295
OTP,0,20110124,090938,5770,1000
MOL,0,20110124,090939,22465,84
MOL,0,20110124,090939,22465,35
OTP,0,20110124,090939,5770,65
BUX1112,0,20110124,090939,23770,1
BUX1112,0,20110124,090939,23755,3
MOL,0,20110124,090940,22470,22
RICHTER,0,20110124,090944,42525,6
OTP,0,20110124,090953,5763,122
OTP,0,20110124,090953,5763,53
FHB,0,20110124,090955,976,230
FHB,0,20110124,090955,976,100
FHB,0,20110124,090955,977,300
FHB,0,20110124,090955,977,370
ANY,0,20110124,091001,760,7
OTP,0,20110124,091003,5763,101
MOL,0,20110124,091013,22450,100
OTP,0,20110124,091014,5765,30
OTP,0,20110124,091014,5765,108
BUX1112,0,20110124,091016,23756,5
MOL,0,20110124,091017,22470,31
MTELEKOM,0,20110124,091020,552,187
MTELEKOM,0,20110124,091020,552,891
MTELEKOM,0,20110124,091020,552,422
MOL,0,20110124,091028,22450,10
OTP,0,20110124,091034,5770,100
OTP,0,20110124,091034,5770,50
OTP,0,20110124,091035,5770,110
OTP,0,20110124,091035,5770,150
OTP,0,20110124,091035,5765,800
OTP,0,20110124,091035,5765,300
OTP,0,20110124,091035,5765,200
OTP,0,20110124,091035,5763,346
OTP,0,20110124,091035,5762,94
BUX1112,0,20110124,091040,23756,1
OTP,0,20110124,091044,5767,5
OTP,0,20110124,091044,5762,20
OTP,0,20110124,091044,5771,50
OTP,0,20110124,091045,5771,72
OTP,0,20110124,091045,5771,50
OTP,0,20110124,091045,5763,30
MTELEKOM,0,20110124,091049,552,1000
BUX1112,0,20110124,091052,23751,5
BUX1112,0,20110124,091052,23751,1
BUX1112,0,20110124,091052,23750,5
MOL,0,20110124,091101,22450,90
OTP,0,20110124,091105,5763,470
OTP,0,20110124,091105,5763,161
OTP,0,20110124,091105,5762,886
OTP,0,20110124,091105,5762,20
OTP,0,20110124,091105,5761,1455
OTP,0,20110124,091105,5760,8
OTP,0,20110124,091105,5760,500
OTP,0,20110124,091107,5770,342
OTP,0,20110124,091108,5769,300
OTP,0,20110124,091108,5770,373
OTP,0,20110124,091108,5770,50
OTP,0,20110124,091108,5770,57
OTP,0,20110124,091112,5769,133
OTP,0,20110124,091112,5770,127
OTP,0,20110124,091115,5770,15
OTP,0,20110124,091115,5763,139
OTP,0,20110124,091116,5770,105
OTP,0,20110124,091116,5770,54
ZWACK,0,20110124,091124,13400,10
BUX1112,0,20110124,091124,23734,3
BUX1112,0,20110124,091124,23727,1
BUX1112,0,20110124,091124,23726,1
BUX1112,0,20110124,091124,23722,1
BUX1112,0,20110124,091124,23722,1
BUX1112,0,20110124,091124,23720,1
BUX1112,0,20110124,091124,23715,1
BUX1112,0,20110124,091124,23712,1
OTP,0,20110124,091126,5763,50
OTP,0,20110124,091127,5763,694
OTP,0,20110124,091127,5763,293
FHB,0,20110124,091129,975,10
OTP,0,20110124,091132,5763,98
OTP,0,20110124,091132,5763,100
OTP,0,20110124,091132,5760,2
OTP,0,20110124,091137,5760,306
OTP,0,20110124,091137,5760,20
OTP,0,20110124,091137,5760,20
OTP,0,20110124,091137,5756,500
MOL,0,20110124,091140,22450,50
OTP,0,20110124,091140,5760,1500
MOL,0,20110124,091142,22450,50
MOL,0,20110124,091144,22465,4
MOL,0,20110124,091144,22465,3
PANNERGY,0,20110124,091148,912,200
OTP,0,20110124,091148,5767,242
OTP,0,20110124,091148,5755,200
OTP,0,20110124,091151,5767,30
OTP,0,20110124,091152,5767,553
BUX1112,0,20110124,091153,23720,1
BUX1112,0,20110124,091153,23716,5
BUX1112,0,20110124,091153,23715,4
OTP,0,20110124,091155,5756,133
OTP,0,20110124,091155,5755,800
OTP,0,20110124,091155,5755,50
OTP,0,20110124,091155,5755,243
OTP,0,20110124,091155,5755,768
OTP,0,20110124,091155,5754,37
OTP,0,20110124,091155,5753,250
OTP,0,20110124,091155,5752,1275
OTP,0,20110124,091155,5751,100
OTP,0,20110124,091155,5750,500
OTP,0,20110124,091155,5750,1000
OTP,0,20110124,091155,5750,369
OTP,0,20110124,091155,5750,500
OTP,0,20110124,091155,5750,13
OTP,0,20110124,091155,5750,15
OTP,0,20110124,091156,5767,367
OTP,0,20110124,091157,5765,200
OTP,0,20110124,091157,5767,308
OTP,0,20110124,091157,5767,367
OTP,0,20110124,091158,5767,92
OTP,0,20110124,091204,5767,241
OTP,0,20110124,091205,5752,14
OTP,0,20110124,091205,5751,186
OTP,0,20110124,091213,5751,1314
OTP,0,20110124,091213,5751,1322
OTP,0,20110124,091213,5750,103
OTP,0,20110124,091213,5750,20
OTP,0,20110124,091213,5750,241
OTP,0,20110124,091214,5765,3
OTP,0,20110124,091214,5765,486
OTP,0,20110124,091215,5765,11
OTP,0,20110124,091216,5765,367
OTP,0,20110124,091216,5750,59
OTP,0,20110124,091216,5750,30
OTP,0,20110124,091216,5750,20
OTP,0,20110124,091216,5750,20
OTP,0,20110124,091216,5749,46
OTP,0,20110124,091216,5745,30
OTP,0,20110124,091216,5745,250
OTP,0,20110124,091216,5742,50
OTP,0,20110124,091216,5741,477
OTP,0,20110124,091216,5747,150
OTP,0,20110124,091216,5766,520
MOL,0,20110124,091219,22465,13
MOL,0,20110124,091219,22465,26
BUX1112,0,20110124,091220,23716,1
BUX1112,0,20110124,091220,23716,1
OTP,0,20110124,091229,5742,250
OTP,0,20110124,091229,5742,350
OTP,0,20110124,091234,5750,1358
OTP,0,20110124,091235,5750,558
OTP,0,20110124,091239,5750,84
OTP,0,20110124,091239,5750,222
MOL,0,20110124,091245,22445,25
OTP,0,20110124,091246,5755,66
OTP,0,20110124,091246,5763,43
OTP,0,20110124,091247,5750,109
OTP,0,20110124,091252,5750,25
OTP,0,20110124,091306,5751,300
OTP,0,20110124,091306,5751,50
OTP,0,20110124,091306,5760,30
OTP,0,20110124,091306,5760,29
OTP,0,20110124,091306,5760,25
OTP,0,20110124,091306,5760,46
OTP,0,20110124,091310,5760,111
OTP,0,20110124,091311,5760,156
MOL,0,20110124,091314,22445,5
RICHTER,0,20110124,091328,42410,10
RICHTER,0,20110124,091328,42350,5
MTELEKOM,0,20110124,091330,552,2578
MTELEKOM,0,20110124,091330,552,625
MTELEKOM,0,20110124,091330,552,900
MOL,0,20110124,091332,22445,20
OTP,0,20110124,091339,5760,329
MOL,0,20110124,091339,22445,10
OTP,0,20110124,091340,5759,20
OTP,0,20110124,091340,5760,25
MOL,0,20110124,091350,22445,40
BUX1112,0,20110124,091351,23720,3
RICHTER,0,20110124,091357,42285,5
OTP,0,20110124,091407,5755,50
OTP,0,20110124,091407,5755,427
OTP,0,20110124,091422,5755,228
OTP,0,20110124,091422,5755,20
OTP,0,20110124,091423,5755,98
OTP,0,20110124,091423,5755,281
OTP,0,20110124,091426,5755,350
OTP,0,20110124,091427,5755,86
FHB,0,20110124,091433,967,10
OTP,0,20110124,091434,5753,379
RICHTER,0,20110124,091442,42285,1
RICHTER,0,20110124,091442,42285,6
OTP,0,20110124,091443,5753,363
OTP,0,20110124,091451,5755,285
OTP,0,20110124,091451,5755,140
OTP,0,20110124,091453,5755,1075
OTP,0,20110124,091455,5755,147
OTP,0,20110124,091456,5755,996
OTP,0,20110124,091456,5755,136
OTP,0,20110124,091504,5755,221
OTP,0,20110124,091505,5753,50
OTP,0,20110124,091508,5755,307
OTP,0,20110124,091509,5755,79
OTP,0,20110124,091527,5753,50
MTELEKOM,0,20110124,091532,552,400
OTP,0,20110124,091533,5753,130
MTELEKOM,0,20110124,091535,552,3900
ZWACK,0,20110124,091539,13360,4
MTELEKOM,0,20110124,091542,552,597
MTELEKOM,0,20110124,091542,552,421
MTELEKOM,0,20110124,091542,552,200
MTELEKOM,0,20110124,091542,552,2500
OTP,0,20110124,091550,5753,28
OTP,0,20110124,091550,5753,693
OTP,0,20110124,091550,5752,50
OTP,0,20110124,091550,5751,50
OTP,0,20110124,091550,5751,100
OTP,0,20110124,091550,5750,18
OTP,0,20110124,091550,5750,20
OTP,0,20110124,091550,5750,41
OTP,0,20110124,091554,5750,1389
OTP,0,20110124,091554,5750,100
OTP,0,20110124,091554,5750,11
OTP,0,20110124,091555,5750,9
OTP,0,20110124,091555,5750,200
OTP,0,20110124,091556,5750,394
OTP,0,20110124,091603,5750,100
RICHTER,0,20110124,091615,42400,2
MTELEKOM,0,20110124,091618,551,900
OTP,0,20110124,091621,5750,35000
BUX1112,0,20110124,091622,23722,1
OTP,0,20110124,091622,5750,95
OTP,0,20110124,091627,5750,200
OTP,0,20110124,091628,5753,37
OTP,0,20110124,091628,5753,210
OTP,0,20110124,091634,5755,300
OTP,0,20110124,091634,5755,1085
OTP,0,20110124,091635,5755,300
OTP,0,20110124,091635,5755,149
OTP,0,20110124,091635,5754,852
OTP,0,20110124,091636,5754,499
OTP,0,20110124,091637,5753,50
OTP,0,20110124,091640,5754,645
OTP,0,20110124,091641,5754,855
OTP,0,20110124,091641,5754,270
OTP,0,20110124,091643,5754,1125
OTP,0,20110124,091643,5750,5
OTP,0,20110124,091643,5750,120
OTP,0,20110124,091645,5750,825
OTP,0,20110124,091645,5750,50
OTP,0,20110124,091645,5754,375
OTP,0,20110124,091647,5754,1500
OTP,0,20110124,091647,5758,50
OTP,0,20110124,091648,5754,1500
OTP,0,20110124,091649,5758,384
OTP,0,20110124,091649,5758,611
OTP,0,20110124,091649,5758,261
OTP,0,20110124,091650,5754,264
OTP,0,20110124,091650,5754,965
OTP,0,20110124,091651,5754,10
OTP,0,20110124,091651,5754,29
OTP,0,20110124,091652,5754,39
OTP,0,20110124,091652,5754,170
OTP,0,20110124,091652,5754,438
OTP,0,20110124,091654,5754,520
OTP,0,20110124,091655,5754,99
MTELEKOM,0,20110124,091702,552,1026
RICHTER,0,20110124,091708,42410,15
OTP,0,20110124,091721,5750,50
OTP,0,20110124,091721,5750,300
OTP,0,20110124,091721,5750,150
OTP,0,20110124,091721,5750,17
OTP,0,20110124,091721,5750,483
OTP,0,20110124,091725,5750,1017
OTP,0,20110124,091727,5750,275
OTP,0,20110124,091728,5750,50
OTP,0,20110124,091729,5750,133
BUX1112,0,20110124,091731,23720,1
BUX1112,0,20110124,091731,23720,1
BUX1112,0,20110124,091731,23720,1
OTP,0,20110124,091735,5735,8300
OTP,0,20110124,091736,5753,296
OTP,0,20110124,091737,5753,827
OTP,0,20110124,091737,5753,677
MTELEKOM,0,20110124,091739,553,363
OTP,0,20110124,091740,5755,241
OTP,0,20110124,091741,5755,666
BUX1112,0,20110124,091750,23717,3
BUX1112,0,20110124,091750,23715,2
SYNERGON,0,20110124,091755,511,180
ECONET,0,20110124,091805,89,5000
ECONET,0,20110124,091805,89,1000
ECONET,0,20110124,091805,89,4000
ECONET,0,20110124,091805,89,5000
OTP,0,20110124,091807,5752,100
OTP,0,20110124,091809,5752,1000
OTP,0,20110124,091809,5752,500
OTP,0,20110124,091809,5750,500
OTP,0,20110124,091810,5750,286
BUX1112,0,20110124,091811,23715,3
OTP,0,20110124,091811,5750,382
OTP,0,20110124,091813,5750,32
OTP,0,20110124,091813,5750,7
OTP,0,20110124,091815,5750,286
OTP,0,20110124,091816,5750,52
MOL,0,20110124,091816,22425,5
MOL,0,20110124,091816,22425,19
MOL,0,20110124,091816,22425,56
MOL,0,20110124,091816,22425,15
MOL,0,20110124,091816,22425,30
MOL,0,20110124,091816,22425,54
MOL,0,20110124,091816,22425,21
MOL,0,20110124,091818,22425,23
BUX1112,0,20110124,091819,23712,5
BUX1112,0,20110124,091819,23711,2
MOL,0,20110124,091826,22425,10
OTP,0,20110124,091830,5750,150
OTP,0,20110124,091832,5750,100
RICHTER,0,20110124,091835,42400,20
OTP,0,20110124,091839,5746,230
BUX1112,0,20110124,091839,23712,1
BUX1112,0,20110124,091841,23712,2
OTP,0,20110124,091842,5750,30
OTP,0,20110124,091843,5750,20
OTP,0,20110124,091843,5750,50
CSEPEL,0,20110124,091845,365,100
BUX1112,0,20110124,091847,23712,1
OTP,0,20110124,091901,5746,11
CSEPEL,0,20110124,091904,365,29
CSEPEL,0,20110124,091904,365,300
CSEPEL,0,20110124,091907,366,500
OTP,0,20110124,091908,5750,200
BUX1112,0,20110124,091908,23713,1
BUX1112,0,20110124,091908,23713,1
BUX1112,0,20110124,091908,23712,1
BUX1112,0,20110124,091908,23712,1
BUX1112,0,20110124,091908,23712,1
OTP,0,20110124,091909,5750,100
OTP,0,20110124,091910,5750,42
OTP,0,20110124,091912,5750,150
OTP,0,20110124,091913,5750,58
OTP,0,20110124,091913,5750,82
OTP,0,20110124,091913,5750,30
OTP,0,20110124,091913,5750,60
OTP,0,20110124,091913,5750,29
OTP,0,20110124,091914,5750,29
OTP,0,20110124,091915,5753,25
OTP,0,20110124,091921,5753,600
BUX1112,0,20110124,091925,23712,1
OTP,0,20110124,091925,5750,112
OTP,0,20110124,091927,5750,1088
OTP,0,20110124,091927,5750,373
OTP,0,20110124,091928,5750,149
RICHTER,0,20110124,091928,42400,48
OTP,0,20110124,091929,5750,51
OTP,0,20110124,091931,5750,1000
OTP,0,20110124,091932,5750,51
OTP,0,20110124,091932,5750,143
OTP,0,20110124,091932,5750,39
BUX1112,0,20110124,091941,23715,1
OTP,0,20110124,091941,5750,50
MOL,0,20110124,091950,22425,200
MOL,0,20110124,091952,22485,50
MOL,0,20110124,091952,22485,5
OTP,0,20110124,091954,5752,13
OTP,0,20110124,091954,5753,4
KEG,0,20110124,092010,130,500
CSEPEL,0,20110124,092015,369,50
CSEPEL,0,20110124,092015,370,60
CSEPEL,0,20110124,092015,373,100
CSEPEL,0,20110124,092015,374,90
OTP,0,20110124,092019,5753,5
OTP,0,20110124,092019,5750,22
OTP,0,20110124,092024,5753,50
CSEPEL,0,20110124,092024,370,160
OTP,0,20110124,092027,5750,78
ORC,0,20110124,092032,1995,46
OTP,0,20110124,092032,5750,100
OTP,0,20110124,092039,5750,359
OTP,0,20110124,092039,5750,1800
OTP,0,20110124,092041,5753,528
OTP,0,20110124,092042,5753,416
RICHTER,0,20110124,092047,42400,1
OTP,0,20110124,092056,5753,1
MTELEKOM,0,20110124,092103,552,200
MTELEKOM,0,20110124,092103,552,2486
MTELEKOM,0,20110124,092103,552,150
MTELEKOM,0,20110124,092103,552,1464
OTP,0,20110124,092106,5753,196
OTP,0,20110124,092107,5753,1200
OTP,0,20110124,092108,5753,14
OTP,0,20110124,092108,5753,1200
OTP,0,20110124,092108,5753,100
OTP,0,20110124,092110,5753,369
OTP,0,20110124,092114,5750,100
OTP,0,20110124,092114,5750,200
OTP,0,20110124,092114,5750,3600
OTP,0,20110124,092117,5750,50
OTP,0,20110124,092118,5750,500
EGIS,0,20110124,092126,20710,10
EGIS,0,20110124,092126,20710,37
EGIS,0,20110124,092126,20705,10
EGIS,0,20110124,092126,20700,1
PANNERGY,0,20110124,092130,912,30
PANNERGY,0,20110124,092130,911,51
PANNERGY,0,20110124,092130,911,21
PANNERGY,0,20110124,092130,910,58
MTELEKOM,0,20110124,092130,552,3366
BUX1112,0,20110124,092131,23717,2
MOL,0,20110124,092134,22485,10
OTP,0,20110124,092134,5753,831
MTELEKOM,0,20110124,092135,552,4830
OTP,0,20110124,092136,5750,1000
OTP,0,20110124,092137,5753,989
MTELEKOM,0,20110124,092138,552,340
MOL,0,20110124,092141,22430,50
MOL,0,20110124,092142,22430,28
OTP,0,20110124,092144,5753,211
OTP,0,20110124,092146,5753,265
OTP,0,20110124,092146,5750,100
BUX1112,0,20110124,092157,23718,2
BUX1112,0,20110124,092157,23717,8
BUX1112,0,20110124,092159,23729,1
OTP,0,20110124,092206,5753,400
MOL,0,20110124,092209,22425,100
MOL,0,20110124,092210,22430,5
MOL,0,20110124,092217,22425,3
OTP,0,20110124,092219,5750,25
OTP,0,20110124,092219,5750,25
OTP,0,20110124,092221,5750,260
BUX1112,0,20110124,092224,23717,5
BUX1112,0,20110124,092224,23717,15
MTELEKOM,0,20110124,092224,551,879
MTELEKOM,0,20110124,092224,551,200
MTELEKOM,0,20110124,092224,551,3921
OTP,0,20110124,092226,5752,200
OTP,0,20110124,092228,5752,11
OTP,0,20110124,092234,5753,244
OTP,0,20110124,092235,5753,124
OTP,0,20110124,092236,5753,11
MTELEKOM,0,20110124,092239,551,679
MTELEKOM,0,20110124,092239,551,3000
MTELEKOM,0,20110124,092239,551,121
MTELEKOM,0,20110124,092239,551,285
MTELEKOM,0,20110124,092239,551,915
OTP,0,20110124,092239,5752,1468
RICHTER,0,20110124,092243,42325,10
RICHTER,0,20110124,092243,42325,16
OTP,0,20110124,092248,5753,156
OTP,0,20110124,092248,5753,256
MTELEKOM,0,20110124,092253,551,1000
OTP,0,20110124,092258,5753,214
OTP,0,20110124,092258,5753,786
MTELEKOM,0,20110124,092258,551,1000
EGIS,0,20110124,092303,20700,8
MOL,0,20110124,092304,22425,9
MOL,0,20110124,092306,22430,52
OTP,0,20110124,092318,5750,15
OTP,0,20110124,092318,5750,35
OTP,0,20110124,092319,5750,65
OTP,0,20110124,092319,5750,35
BUX1112,0,20110124,092320,23716,1
BUX1112,0,20110124,092320,23713,5
BUX1112,0,20110124,092320,23711,1
BUX1112,0,20110124,092320,23711,1
BUX1112,0,20110124,092320,23711,2
BUX1112,0,20110124,092320,23702,1
BUX1112,0,20110124,092320,23700,48
OTP,0,20110124,092331,5751,65
OTP,0,20110124,092331,5750,265
OTP,0,20110124,092331,5750,2159
OTP,0,20110124,092331,5750,82
MOL,0,20110124,092338,22430,24
OTP,0,20110124,092339,5750,50
OTP,0,20110124,092339,5750,810
MTELEKOM,0,20110124,092351,551,685
MTELEKOM,0,20110124,092351,551,3299
MTELEKOM,0,20110124,092351,551,4600
MTELEKOM,0,20110124,092352,551,800
ECONET,0,20110124,092355,89,3000
OTP,0,20110124,092358,5750,500
MTELEKOM,0,20110124,092402,551,8680
MTELEKOM,0,20110124,092414,551,616
MTELEKOM,0,20110124,092414,551,4384
OTP,0,20110124,092415,5748,35
OTP,0,20110124,092416,5748,25
OTP,0,20110124,092416,5748,109
OTP,0,20110124,092417,5750,69
OTP,0,20110124,092417,5750,131
MOL,0,20110124,092421,22430,200
BUX1112,0,20110124,092421,23700,10
MOL,0,20110124,092422,22430,21
MOL,0,20110124,092424,22430,34
BUX1112,0,20110124,092425,23701,1
BUX1112,0,20110124,092425,23700,5
BUX1112,0,20110124,092425,23690.5,1
BUX1112,0,20110124,092425,23690.5,1
BUX1112,0,20110124,092425,23690,2
BUX1112,0,20110124,092425,23690,1
BUX1112,0,20110124,092425,23690,9
BUX1112,0,20110124,092425,23690,11
BUX1112,0,20110124,092425,23680,1
BUX1112,0,20110124,092428,23680,8
OTP,0,20110124,092435,5750,123
OTP,0,20110124,092435,5750,50
OTP,0,20110124,092435,5750,50
OTP,0,20110124,092435,5750,177
OTP,0,20110124,092436,5748,50
OTP,0,20110124,092441,5750,500
OTP,0,20110124,092444,5750,523
OTP,0,20110124,092445,5750,10
RICHTER,0,20110124,092445,42340,15
RICHTER,0,20110124,092445,42340,4
OTP,0,20110124,092446,5750,226
OTP,0,20110124,092447,5750,552
ECONET,0,20110124,092450,89,1000
OTP,0,20110124,092451,5750,44
MTELEKOM,0,20110124,092452,551,616
MTELEKOM,0,20110124,092452,551,200
MTELEKOM,0,20110124,092452,551,3000
MTELEKOM,0,20110124,092452,551,2609
BUX1112,0,20110124,092455,23680,2
OTP,0,20110124,092456,5750,6
OTP,0,20110124,092505,5750,65
MOL,0,20110124,092506,22425,50
OTP,0,20110124,092520,5748,5
OTP,0,20110124,092524,5748,388
OTP,0,20110124,092525,5745,300
MOL,0,20110124,092525,22425,38
RICHTER,0,20110124,092527,42300,10
KEG,0,20110124,092529,130,855
KEG,0,20110124,092529,130,145
OTP,0,20110124,092543,5745,200
OTP,0,20110124,092543,5745,30
OTP,0,20110124,092543,5745,491
BUX1112,0,20110124,092543,23680,1
BUX1112,0,20110124,092549,23681,2
BUX1112,0,20110124,092550,23680,5
OTP,0,20110124,092553,5742,5
OTP,0,20110124,092553,5741,25
OTP,0,20110124,092554,5745,279
OTP,0,20110124,092554,5745,185
OTP,0,20110124,092555,5742,146
OTP,0,20110124,092555,5741,175
OTP,0,20110124,092555,5741,100
OTP,0,20110124,092555,5741,579
BUX1112,0,20110124,092555,23680,3
BUX1112,0,20110124,092555,23678,8
BUX1112,0,20110124,092555,23670,1
BUX1112,0,20110124,092555,23670,1
OTP,0,20110124,092556,5741,100
MTELEKOM,0,20110124,092600,551,150
OTP,0,20110124,092602,5743,70
OTP,0,20110124,092604,5743,153
MOL,0,20110124,092606,22420,1
MOL,0,20110124,092607,22420,6
MOL,0,20110124,092607,22420,39
OTP,0,20110124,092608,5745,180
OTP,0,20110124,092611,5745,1135
OTP,0,20110124,092611,5748,12
OTP,0,20110124,092611,5749,100
OTP,0,20110124,092611,5749,434
BUX1112,0,20110124,092616,23670,3
OTP,0,20110124,092619,5743,190
OTP,0,20110124,092619,5741,10
MOL,0,20110124,092626,22405,1
MOL,0,20110124,092626,22405,4
EMASZ,0,20110124,092628,21800,17
EMASZ,0,20110124,092628,21500,10
OTP,0,20110124,092645,5742,55
OTP,0,20110124,092646,5745,200
MOL,0,20110124,092650,22405,1
MOL,0,20110124,092650,22400,118
MOL,0,20110124,092652,22415,2
MOL,0,20110124,092652,22415,51
MOL,0,20110124,092652,22415,10
OTP,0,20110124,092654,5743,20
MOL,0,20110124,092658,22400,82
MOL,0,20110124,092658,22400,18
OTP,0,20110124,092700,5742,200
OTP,0,20110124,092701,5745,150
BUX1112,0,20110124,092711,23680,1
OTP,0,20110124,092712,5745,177
OTP,0,20110124,092713,5744,123
OTP,0,20110124,092723,5748,36
MTELEKOM,0,20110124,092727,552,5000
MTELEKOM,0,20110124,092727,552,200
MTELEKOM,0,20110124,092727,552,390
EMASZ,0,20110124,092729,21500,10
MTELEKOM,0,20110124,092731,552,1299
MTELEKOM,0,20110124,092731,552,3650
OTP,0,20110124,092733,5743,200
MTELEKOM,0,20110124,092737,553,1000
MTELEKOM,0,20110124,092740,552,5051
HUMET,0,20110124,092742,9,31653
HUMET,0,20110124,092742,9,2347
MOL,0,20110124,092744,22400,2
MOL,0,20110124,092744,22400,50
MOL,0,20110124,092744,22400,98
MOL,0,20110124,092745,22405,43
MOL,0,20110124,092745,22405,20
BUX1112,0,20110124,092751,23680,10
OTP,0,20110124,092754,5747,40
OTP,0,20110124,092755,5745,14
MTELEKOM,0,20110124,092756,551,90
OTP,0,20110124,092756,5745,986
BUX1112,0,20110124,092801,23680,4
OTP,0,20110124,092803,5743,4
OTP,0,20110124,092803,5743,106
BUX1112,0,20110124,092804,23680,6
OTP,0,20110124,092811,5743,12
OTP,0,20110124,092814,5745,200
OTP,0,20110124,092814,5743,82
OTP,0,20110124,092814,5743,385
OTP,0,20110124,092814,5742,133
OTP,0,20110124,092816,5742,60
OTP,0,20110124,092827,5744,300
OTP,0,20110124,092827,5742,700
OTP,0,20110124,092836,5745,180
MOL,0,20110124,092837,22400,2
OTP,0,20110124,092839,5745,200
MTELEKOM,0,20110124,092844,552,200
MOL,0,20110124,092845,22360,18
MOL,0,20110124,092845,22355,2
MOL,0,20110124,092905,22400,3
MOL,0,20110124,092905,22400,51
MOL,0,20110124,092905,22400,33
MOL,0,20110124,092905,22400,13
OTP,0,20110124,092923,5747,5
MTELEKOM,0,20110124,092928,552,80
MOL,0,20110124,092935,22400,63
MOL,0,20110124,092935,22400,15
MOL,0,20110124,092935,22400,6
MOL,0,20110124,092935,22400,16
SYNERGON,0,20110124,092936,514,50
SYNERGON,0,20110124,092936,514,10
OTP,0,20110124,092958,5745,30
OTP,0,20110124,092959,5745,40
OTP,0,20110124,093002,5745,50
BUX1112,0,20110124,093005,23681,2
MTELEKOM,0,20110124,093026,552,200
OTP,0,20110124,093034,5745,500
OTP,0,20110124,093034,5745,226
OTP,0,20110124,093035,5745,274
OTP,0,20110124,093037,5745,30
OTP,0,20110124,093039,5747,107
OTP,0,20110124,093039,5747,184
OTP,0,20110124,093039,5747,400
OTP,0,20110124,093039,5747,160
OTP,0,20110124,093046,5748,100
ZWACK,0,20110124,093047,13395,20
ZWACK,0,20110124,093047,13400,34
BUX1112,0,20110124,093047,23681,1
OTP,0,20110124,093047,5748,64
OTP,0,20110124,093047,5748,250
BUX1112,0,20110124,093051,23689,1
OTP,0,20110124,093056,5747,303
OTP,0,20110124,093056,5745,197
ZWACK,0,20110124,093104,13430,18
ZWACK,0,20110124,093104,13430,7
OTP,0,20110124,093107,5745,100
RICHTER,0,20110124,093116,42290,5
RICHTER,0,20110124,093116,42290,24
RICHTER,0,20110124,093116,42280,21
MOL,0,20110124,093123,22390,25
MOL,0,20110124,093123,22390,19
MOL,0,20110124,093123,22390,24
MOL,0,20110124,093123,22390,32
OTP,0,20110124,093128,5745,100
OTP,0,20110124,093145,5745,103
OTP,0,20110124,093145,5745,300
OTP,0,20110124,093145,5745,114
OTP,0,20110124,093145,5745,783
OTP,0,20110124,093147,5742,200
OTP,0,20110124,093151,5748,100
OTP,0,20110124,093151,5748,239
OTP,0,20110124,093152,5745,10
RICHTER,0,20110124,093153,42295,2
RICHTER,0,20110124,093153,42295,6
RICHTER,0,20110124,093153,42295,12
BUX1112,0,20110124,093154,23682,1
OTP,0,20110124,093156,5749,200
OTP,0,20110124,093156,5749,150
OTP,0,20110124,093159,5749,19
BUX1112,0,20110124,093207,23682,2
BUX1112,0,20110124,093207,23680,1
MOL,0,20110124,093230,22390,17
MOL,0,20110124,093230,22390,44
MOL,0,20110124,093231,22425,7
EMASZ,0,20110124,093232,21500,220
MOL,0,20110124,093237,22430,21
OTP,0,20110124,093240,5745,10
OTP,0,20110124,093240,5745,167
OTP,0,20110124,093240,5745,323
OTP,0,20110124,093252,5745,177
OTP,0,20110124,093252,5745,23
OTP,0,20110124,093306,5750,40
OTP,0,20110124,093317,5745,18
OTP,0,20110124,093319,5750,89
OTP,0,20110124,093319,5750,1300
OTP,0,20110124,093319,5750,100
OTP,0,20110124,093319,5750,30
OTP,0,20110124,093319,5750,20
OTP,0,20110124,093319,5750,50
OTP,0,20110124,093319,5750,110
OTP,0,20110124,093319,5750,200
OTP,0,20110124,093319,5750,101
MOL,0,20110124,093325,22400,25
OTP,0,20110124,093328,5750,79
OTP,0,20110124,093328,5750,7
OTP,0,20110124,093328,5750,34
OTP,0,20110124,093328,5750,20
BUX1112,0,20110124,093336,23689,2
BUX1112,0,20110124,093336,23690,5
OTP,0,20110124,093338,5750,46
OTP,0,20110124,093338,5750,954
MOL,0,20110124,093339,22430,24
OTP,0,20110124,093341,5750,446
OTP,0,20110124,093341,5750,400
OTP,0,20110124,093341,5750,154
OTP,0,20110124,093354,5750,446
OTP,0,20110124,093354,5750,454
OTP,0,20110124,093405,5750,34
OTP,0,20110124,093408,5750,12
OTP,0,20110124,093408,5750,144
OTP,0,20110124,093408,5750,44
ECONET,0,20110124,093410,89,2000
ECONET,0,20110124,093410,89,5000
MOL,0,20110124,093413,22430,171
MOL,0,20110124,093413,22430,57
MOL,0,20110124,093413,22430,42
MOL,0,20110124,093414,22430,7
OTP,0,20110124,093416,5750,156
OTP,0,20110124,093419,5746,200
OTP,0,20110124,093419,5746,87
MOL,0,20110124,093420,22450,30
OTP,0,20110124,093441,5750,1311
OTP,0,20110124,093441,5750,180
OTP,0,20110124,093441,5747,100
OTP,0,20110124,093441,5746,347
OTP,0,20110124,093441,5746,100
OTP,0,20110124,093441,5746,175
OTP,0,20110124,093441,5745,59
OTP,0,20110124,093441,5745,20
OTP,0,20110124,093441,5745,268
OTP,0,20110124,093442,5745,32
OTP,0,20110124,093442,5745,33
OTP,0,20110124,093442,5745,35
RICHTER,0,20110124,093513,42280,68
RICHTER,0,20110124,093513,42280,50
RICHTER,0,20110124,093513,42280,25
RICHTER,0,20110124,093513,42250,50
RICHTER,0,20110124,093513,42250,10
RICHTER,0,20110124,093513,42250,19
RICHTER,0,20110124,093513,42230,2
RICHTER,0,20110124,093513,42230,140
RICHTER,0,20110124,093513,42220,7
RICHTER,0,20110124,093513,42210,27
RICHTER,0,20110124,093513,42210,15
OTP,0,20110124,093514,5750,1000
MOL,0,20110124,093521,22400,75
MOL,0,20110124,093521,22400,125
RICHTER,0,20110124,093533,42205,10
OTP,0,20110124,093543,5750,100
RICHTER,0,20110124,093553,42200,10
RICHTER,0,20110124,093553,42200,26
OTP,0,20110124,093607,5750,5
RICHTER,0,20110124,093611,42205,6
RICHTER,0,20110124,093611,42205,11
RICHTER,0,20110124,093611,42205,4
RICHTER,0,20110124,093611,42210,17
OTP,0,20110124,093625,5750,8
OTP,0,20110124,093625,5750,92
BUX1112,0,20110124,093631,23695,1
BUX1112,0,20110124,093636,23695,2
OTP,0,20110124,093644,5750,500
BUX1112,0,20110124,093649,23700,10
OTP,0,20110124,093650,5746,200
OTP,0,20110124,093650,5746,50
EMASZ,0,20110124,093652,21500,10
MTELEKOM,0,20110124,093654,552,20
BUX1112,0,20110124,093656,23700,2
MTELEKOM,0,20110124,093658,551,3000
RICHTER,0,20110124,093703,42200,44
BUX1112,0,20110124,093706,23700,6
PFLAX,0,20110124,093718,675,19
RICHTER,0,20110124,093724,42210,10
RICHTER,0,20110124,093736,42210,3
OTP,0,20110124,093739,5753,15
OTP,0,20110124,093739,5753,143
OTP,0,20110124,093739,5753,365
OTP,0,20110124,093739,5754,88
OTP,0,20110124,093739,5754,389
MTELEKOM,0,20110124,093740,552,330
OTP,0,20110124,093742,5754,11
OTP,0,20110124,093742,5754,100
OTP,0,20110124,093742,5755,389
OTP,0,20110124,093746,5755,111
OTP,0,20110124,093748,5755,400
OTP,0,20110124,093756,5757,500
OTP,0,20110124,093809,5759,500
OTP,0,20110124,093809,5759,30
OTP,0,20110124,093809,5759,359
KARPOT,0,20110124,093811,450,1000
KEG,0,20110124,093815,130,105
KEG,0,20110124,093815,130,895
MOL,0,20110124,093817,22430,31
MOL,0,20110124,093817,22430,16
OTP,0,20110124,093824,5759,299
MOL,0,20110124,093834,22435,45
MOL,0,20110124,093834,22435,57
MOL,0,20110124,093834,22435,39
MOL,0,20110124,093834,22435,76
MOL,0,20110124,093834,22435,48
MOL,0,20110124,093834,22435,60
MOL,0,20110124,093835,22435,2
MOL,0,20110124,093842,22445,23
EMASZ,0,20110124,093845,21500,5
MOL,0,20110124,093849,22445,7
MOL,0,20110124,093849,22445,18
OTP,0,20110124,093851,5755,697
MOL,0,20110124,093855,22450,55
OTP,0,20110124,093855,5755,250
OTP,0,20110124,093857,5755,170
OTP,0,20110124,093857,5755,70
OTP,0,20110124,093857,5753,20
OTP,0,20110124,093857,5753,143
RICHTER,0,20110124,093859,42210,10
MTELEKOM,0,20110124,093905,551,200
OTP,0,20110124,093911,5753,697
OTP,0,20110124,093911,5753,303
AAA,0,20110124,093926,265,4
OTP,0,20110124,093926,5753,160
OTP,0,20110124,093928,5753,328
OTP,0,20110124,093928,5750,472
BUX1112,0,20110124,093956,23701,3
BUX1112,0,20110124,093956,23700,7
MOL,0,20110124,094004,22435,50
MTELEKOM,0,20110124,094009,551,5610
MTELEKOM,0,20110124,094009,551,139
MTELEKOM,0,20110124,094035,551,161
MTELEKOM,0,20110124,094035,551,1839
BUX1112,0,20110124,094041,23700,4
BUX1112,0,20110124,094041,23700,4
BUX1112,0,20110124,094041,23700,2
OTP,0,20110124,094043,5751,20
OTP,0,20110124,094043,5751,150
OTP,0,20110124,094043,5751,61
OTP,0,20110124,094043,5751,50
OTP,0,20110124,094043,5750,28
OTP,0,20110124,094043,5750,500
OTP,0,20110124,094043,5750,20
OTP,0,20110124,094043,5750,671
MTELEKOM,0,20110124,094045,551,661
MTELEKOM,0,20110124,094045,551,1800
MTELEKOM,0,20110124,094045,551,2000
MTELEKOM,0,20110124,094045,551,539
OTP,0,20110124,094058,5750,128
OTP,0,20110124,094058,5750,730
OTP,0,20110124,094058,5750,334
OTP,0,20110124,094059,5750,128
OTP,0,20110124,094100,5750,400
MTELEKOM,0,20110124,094111,551,461
MTELEKOM,0,20110124,094111,551,89
BUX1112,0,20110124,094120,23700.5,1
BUX1112,0,20110124,094120,23700,8
OTP,0,20110124,094120,5751,10
RICHTER,0,20110124,094127,42205,10
RICHTER,0,20110124,094140,42205,5
RICHTER,0,20110124,094140,42205,1
OTP,0,20110124,094143,5757,145
OTP,0,20110124,094143,5757,61
MOL,0,20110124,094144,22435,20
MOL,0,20110124,094144,22405,1
BUX1112,0,20110124,094146,23700,1
OTP,0,20110124,094216,5757,49
OTP,0,20110124,094217,5753,11
OTP,0,20110124,094217,5753,59
MTELEKOM,0,20110124,094233,552,100
MOL,0,20110124,094237,22480,27
EGIS,0,20110124,094240,20700,10
OTP,0,20110124,094247,5753,61
MTELEKOM,0,20110124,094300,552,3000
OTP,0,20110124,094304,5752,14
OTP,0,20110124,094304,5751,10
OTP,0,20110124,094304,5750,128
OTP,0,20110124,094304,5750,30
OTP,0,20110124,094304,5750,50
OTP,0,20110124,094304,5750,73
OTP,0,20110124,094308,5750,200
OTP,0,20110124,094323,5750,67
OTP,0,20110124,094323,5750,154
OTP,0,20110124,094323,5750,73
OTP,0,20110124,094323,5748,106
EGIS,0,20110124,094337,20700,68
EGIS,0,20110124,094337,20700,10
OTP,0,20110124,094337,5750,975
EGIS,0,20110124,094339,20700,22
MOL,0,20110124,094340,22405,5
RICHTER,0,20110124,094340,42205,3
BUX1112,0,20110124,094344,23690,1
BUX1112,0,20110124,094344,23690,5
BUX1112,0,20110124,094344,23690,4
MOL,0,20110124,094350,22410,5
MOL,0,20110124,094350,22410,43
RABA,0,20110124,094354,835,9
OTP,0,20110124,094359,5750,25
OTP,0,20110124,094359,5750,1975
RICHTER,0,20110124,094403,42205,5
OTP,0,20110124,094414,5750,25
OTP,0,20110124,094419,5750,198
OTP,0,20110124,094419,5750,32
MTELEKOM,0,20110124,094420,551,1400
OTP,0,20110124,094426,5752,25
OTP,0,20110124,094426,5752,337
OTP,0,20110124,094426,5754,115
OTP,0,20110124,094426,5754,23
OTP,0,20110124,094427,5752,130
OTP,0,20110124,094445,5752,200
OTP,0,20110124,094455,5752,20
BUX1112,0,20110124,094455,23698,2
BUX1112,0,20110124,094455,23699,3
MOL,0,20110124,094505,22400,50
MTELEKOM,0,20110124,094510,551,511
MTELEKOM,0,20110124,094510,551,200
MTELEKOM,0,20110124,094510,551,1795
BUX1112,0,20110124,094516,23699,1
OTP,0,20110124,094519,5752,31
OTP,0,20110124,094530,5750,100
MTELEKOM,0,20110124,094533,551,1000
MTELEKOM,0,20110124,094543,551,175
OTP,0,20110124,094559,5750,15
RICHTER,0,20110124,094603,42205,10
OTP,0,20110124,094610,5750,853
OTP,0,20110124,094610,5750,147
OTP,0,20110124,094616,5750,3
OTP,0,20110124,094616,5750,1
OTP,0,20110124,094616,5750,500
OTP,0,20110124,094616,5750,123
OTP,0,20110124,094616,5750,26
OTP,0,20110124,094616,5750,1000
OTP,0,20110124,094617,5750,823
OTP,0,20110124,094618,5750,24
OTP,0,20110124,094631,5753,325
OTP,0,20110124,094631,5753,25
OTP,0,20110124,094632,5750,90
OTP,0,20110124,094632,5753,48
RICHTER,0,20110124,094637,42205,1
RICHTER,0,20110124,094637,42205,9
RICHTER,0,20110124,094640,42200,50
RICHTER,0,20110124,094640,42200,15
RICHTER,0,20110124,094640,42200,200
OTP,0,20110124,094649,5750,886
OTP,0,20110124,094649,5750,364
BUX1112,0,20110124,094656,23693,1
BUX1112,0,20110124,094656,23690,7
OTP,0,20110124,094657,5750,5
OTP,0,20110124,094657,5750,5
MOL,0,20110124,094701,22400,25
RICHTER,0,20110124,094701,42200,35
RICHTER,0,20110124,094701,42200,18
RICHTER,0,20110124,094701,42200,15
RICHTER,0,20110124,094711,42200,200
OTP,0,20110124,094716,5750,62
BUX1112,0,20110124,094724,23699,3
OTP,0,20110124,094727,5750,140
OTP,0,20110124,094732,5750,100
OTP,0,20110124,094743,5753,77
OTP,0,20110124,094743,5753,23
OTP,0,20110124,094744,5753,137
OTP,0,20110124,094744,5753,60
MOL,0,20110124,094746,22360,9
MOL,0,20110124,094746,22360,17
OTP,0,20110124,094747,5750,693
OTP,0,20110124,094747,5750,7
OTP,0,20110124,094751,5750,27
MOL,0,20110124,094756,22365,10
OTP,0,20110124,094808,5750,570
OTP,0,20110124,094810,5750,5
CSEPEL,0,20110124,094828,365,200
CSEPEL,0,20110124,094828,365,35
MOL,0,20110124,094842,22360,1
MOL,0,20110124,094842,22360,4
MTELEKOM,0,20110124,094846,551,440
SYNERGON,0,20110124,094847,512,100
SYNERGON,0,20110124,094847,511,1000
SYNERGON,0,20110124,094847,510,900
OTP,0,20110124,094853,5751,53
MOL,0,20110124,094859,22355,8
OTP,0,20110124,094905,5751,247
OTP,0,20110124,094905,5750,391
OTP,0,20110124,094905,5750,309
OTP,0,20110124,094905,5750,53
OTP,0,20110124,094908,5750,130
ORC,0,20110124,094908,2000,10
RICHTER,0,20110124,094909,42200,32
OTP,0,20110124,094911,5750,50
MTELEKOM,0,20110124,094914,551,400
MTELEKOM,0,20110124,094925,550,50
MOL,0,20110124,094934,22360,45
MOL,0,20110124,094934,22360,15
MOL,0,20110124,094934,22360,44
MOL,0,20110124,094934,22360,36
MOL,0,20110124,094934,22360,74
MOL,0,20110124,094934,22360,12
MOL,0,20110124,094934,22360,24
OTP,0,20110124,094935,5751,80
MOL,0,20110124,094935,22360,22
MOL,0,20110124,094935,22360,12
MOL,0,20110124,094938,22360,15
MOL,0,20110124,094939,22360,7
MOL,0,20110124,094939,22355,43
RICHTER,0,20110124,094942,42200,18
RICHTER,0,20110124,094942,42200,15
RICHTER,0,20110124,094942,42200,7
RICHTER,0,20110124,094942,42200,30
RICHTER,0,20110124,094942,42200,14
RICHTER,0,20110124,094942,42210,16
OTP,0,20110124,094942,5751,120
OTP,0,20110124,094958,5753,150
OTP,0,20110124,094958,5753,330
OTP,0,20110124,094958,5753,20
OTP,0,20110124,094958,5751,196
OTP,0,20110124,094958,5751,369
OTP,0,20110124,094958,5751,181
OTP,0,20110124,095000,5751,254
MTELEKOM,0,20110124,095005,550,650
MTELEKOM,0,20110124,095005,550,1500
MTELEKOM,0,20110124,095005,550,5100
MTELEKOM,0,20110124,095005,550,200
MTELEKOM,0,20110124,095005,550,1000
MTELEKOM,0,20110124,095005,550,4
MTELEKOM,0,20110124,095005,550,9600
MTELEKOM,0,20110124,095005,550,19000
MTELEKOM,0,20110124,095005,550,200
MTELEKOM,0,20110124,095005,550,15600
MTELEKOM,0,20110124,095005,550,2000
MTELEKOM,0,20110124,095005,550,1165
MTELEKOM,0,20110124,095011,550,1335
MTELEKOM,0,20110124,095011,550,1800
MTELEKOM,0,20110124,095011,550,9600
MTELEKOM,0,20110124,095016,550,1000
OTP,0,20110124,095039,5750,267
OTP,0,20110124,095039,5750,133
OTP,0,20110124,095040,5753,112
OTP,0,20110124,095040,5753,88
OTP,0,20110124,095041,5753,79
MTELEKOM,0,20110124,095056,550,8600
MTELEKOM,0,20110124,095056,550,2500
MTELEKOM,0,20110124,095056,550,15000
CSEPEL,0,20110124,095102,369,24
RICHTER,0,20110124,095111,42210,21
OTP,0,20110124,095114,5750,75
MOL,0,20110124,095114,22400,100
MOL,0,20110124,095114,22400,43
MOL,0,20110124,095114,22400,73
MOL,0,20110124,095114,22400,54
MOL,0,20110124,095114,22400,30
MOL,0,20110124,095116,22400,13
MOL,0,20110124,095116,22400,42
BUX1112,0,20110124,095116,23699,3
BUX1112,0,20110124,095116,23690,2
MTELEKOM,0,20110124,095118,550,1200
MTELEKOM,0,20110124,095118,550,439
OTP,0,20110124,095126,5750,400
OTP,0,20110124,095143,5750,54
OTP,0,20110124,095143,5750,338
OTP,0,20110124,095143,5750,100
OTP,0,20110124,095143,5750,62
OTP,0,20110124,095154,5750,88
OTP,0,20110124,095154,5750,12
BUX1112,0,20110124,095154,23691,1
BUX1112,0,20110124,095154,23690,2
OTP,0,20110124,095215,5750,8
OTP,0,20110124,095215,5750,92
MTELEKOM,0,20110124,095215,550,1650
RICHTER,0,20110124,095226,42210,510
RICHTER,0,20110124,095226,42210,6
OTP,0,20110124,095229,5750,69
EGIS,0,20110124,095236,20700,5
OTP,0,20110124,095239,5750,10
PFLAX,0,20110124,095239,675,81
OTP,0,20110124,095242,5750,900
OTP,0,20110124,095247,5750,356
OTP,0,20110124,095247,5750,144
OTP,0,20110124,095253,5750,856
OTP,0,20110124,095253,5750,244
MOL,0,20110124,095258,22400,12
OTP,0,20110124,095305,5750,47
OTP,0,20110124,095305,5750,190
OTP,0,20110124,095305,5750,13
MOL,0,20110124,095316,22380,6
MOL,0,20110124,095316,22365,44
OTP,0,20110124,095341,5751,29
BUX1112,0,20110124,095348,23699,1
OTP,0,20110124,095351,5751,271
OTP,0,20110124,095351,5751,366
OTP,0,20110124,095351,5750,63
MTELEKOM,0,20110124,095412,551,1707
MTELEKOM,0,20110124,095412,551,2563
AAA,0,20110124,095415,276,100
OTP,0,20110124,095431,5750,124
OTP,0,20110124,095431,5750,106
ZWACK,0,20110124,095445,13410,20
OTP,0,20110124,095446,5750,894
OTP,0,20110124,095446,5750,500
OTP,0,20110124,095446,5750,200
OTP,0,20110124,095446,5748,289
OTP,0,20110124,095447,5748,117
RICHTER,0,20110124,095456,42390,96
RICHTER,0,20110124,095456,42390,16
RICHTER,0,20110124,095456,42390,28
RICHTER,0,20110124,095456,42400,20
RICHTER,0,20110124,095456,42400,20
RICHTER,0,20110124,095456,42400,10
OTP,0,20110124,095504,5750,1000
OTP,0,20110124,095504,5750,200
OTP,0,20110124,095506,5750,160
OTP,0,20110124,095506,5750,10
TVK,0,20110124,095507,3390,26
TVK,0,20110124,095507,3390,4
TVK,0,20110124,095507,3390,151
RICHTER,0,20110124,095509,42390,96
RICHTER,0,20110124,095509,42390,8
RICHTER,0,20110124,095513,42400,8
OTP,0,20110124,095518,5750,830
OTP,0,20110124,095518,5750,170
OTP,0,20110124,095518,5750,109
OTP,0,20110124,095519,5750,170
OTP,0,20110124,095519,5750,1000
OTP,0,20110124,095519,5747,20
OTP,0,20110124,095519,5750,721
OTP,0,20110124,095537,5753,80
OTP,0,20110124,095553,5753,20
OTP,0,20110124,095553,5753,480
OTP,0,20110124,095603,5753,75
OTP,0,20110124,095603,5750,60
OTP,0,20110124,095603,5750,100
OTP,0,20110124,095603,5745,139
RICHTER,0,20110124,095605,42400,78
RICHTER,0,20110124,095605,42400,190
OTP,0,20110124,095610,5745,270
BUX1112,0,20110124,095615,23691,3
BUX1112,0,20110124,095615,23690,5
BUX1112,0,20110124,095615,23687,2
BUX1112,0,20110124,095615,23687,10
BUX1112,0,20110124,095615,23685,15
BUX1112,0,20110124,095615,23681,15
OTP,0,20110124,095618,5745,56
OTP,0,20110124,095618,5745,100
OTP,0,20110124,095618,5745,100
OTP,0,20110124,095618,5745,100
OTP,0,20110124,095618,5745,16
OTP,0,20110124,095618,5745,107
OTP,0,20110124,095619,5745,21
BUX1112,0,20110124,095620,23680,20
OTP,0,20110124,095626,5742,133
OTP,0,20110124,095626,5741,47
RICHTER,0,20110124,095635,42400,32
RICHTER,0,20110124,095635,42400,11
RICHTER,0,20110124,095635,42400,20
RICHTER,0,20110124,095635,42400,6
SYNERGON,0,20110124,095637,511,36
MTELEKOM,0,20110124,095641,550,10000
OTP,0,20110124,095642,5741,453
OTP,0,20110124,095642,5741,47
BUX1112,0,20110124,095648,23674,1
BUX1112,0,20110124,095648,23672,1
BUX1112,0,20110124,095648,23671,3
BUX1112,0,20110124,095648,23671,1
BUX1112,0,20110124,095648,23670,1
MOL,0,20110124,095700,22395,55
BUX1112,0,20110124,095706,23670,10
BUX1112,0,20110124,095706,23670,5
OTP,0,20110124,095706,5741,200
OTP,0,20110124,095709,5745,320
OTP,0,20110124,095709,5745,180
OTP,0,20110124,095711,5745,18
OTP,0,20110124,095711,5745,169
RICHTER,0,20110124,095721,42400,3
OTP,0,20110124,095721,5741,150
BUX1112,0,20110124,095722,23664,3
OTP,0,20110124,095723,5741,603
OTP,0,20110124,095723,5741,50
OTP,0,20110124,095723,5741,142
OTP,0,20110124,095723,5740,20
OTP,0,20110124,095723,5740,10
OTP,0,20110124,095723,5740,175
OTP,0,20110124,095727,5740,325
OTP,0,20110124,095727,5740,3000
OTP,0,20110124,095727,5740,200
OTP,0,20110124,095727,5740,50
OTP,0,20110124,095727,5740,11
OTP,0,20110124,095727,5740,20
OTP,0,20110124,095727,5740,900
OTP,0,20110124,095727,5740,6
OTP,0,20110124,095729,5741,73
OTP,0,20110124,095729,5749,27
OTP,0,20110124,095731,5740,15
ANY,0,20110124,095731,756,102
ANY,0,20110124,095731,751,200
ANY,0,20110124,095731,750,147
ANY,0,20110124,095731,750,451
OTP,0,20110124,095732,5749,106
OTP,0,20110124,095732,5749,200
OTP,0,20110124,095732,5749,45
OTP,0,20110124,095732,5749,304
OTP,0,20110124,095732,5749,122
OTP,0,20110124,095736,5741,100
OTP,0,20110124,095736,5749,187
OTP,0,20110124,095737,5749,161
SYNERGON,0,20110124,095738,511,272
OTP,0,20110124,095739,5749,203
MTELEKOM,0,20110124,095741,550,10911
MTELEKOM,0,20110124,095741,550,9089
OTP,0,20110124,095748,5741,80
RICHTER,0,20110124,095749,42400,118
FOTEX,0,20110124,095751,385,36
FOTEX,0,20110124,095751,385,150
FOTEX,0,20110124,095751,384,3314
RABA,0,20110124,095758,837,2750
OTP,0,20110124,095802,5742,300
OTP,0,20110124,095802,5741,100
OTP,0,20110124,095803,5741,270
RICHTER,0,20110124,095808,42400,82
RICHTER,0,20110124,095808,42400,15
RICHTER,0,20110124,095812,42400,93
GSPARK,0,20110124,095813,770,1000
MOL,0,20110124,095814,22370,13
MOL,0,20110124,095814,22370,42
MOL,0,20110124,095814,22370,11
MOL,0,20110124,095814,22370,17
MOL,0,20110124,095814,22370,19
MOL,0,20110124,095814,22370,44
MOL,0,20110124,095814,22370,42
MOL,0,20110124,095815,22380,59
MOL,0,20110124,095816,22370,2
RICHTER,0,20110124,095819,42400,7
RICHTER,0,20110124,095819,42400,17
MOL,0,20110124,095819,22370,10
MOL,0,20110124,095824,22365,20
MOL,0,20110124,095824,22360,64
MTELEKOM,0,20110124,095827,550,6511
MTELEKOM,0,20110124,095827,550,1000
MTELEKOM,0,20110124,095827,550,500
MTELEKOM,0,20110124,095827,550,1989
BUX1112,0,20110124,095837,23663,1
BUX1112,0,20110124,095837,23662,1
OTP,0,20110124,095844,5741,450
OTP,0,20110124,095844,5741,83
BUX1112,0,20110124,095846,23661,1
CSEPEL,0,20110124,095853,369,76
MOL,0,20110124,095855,22360,250
MTELEKOM,0,20110124,095900,550,1111
MTELEKOM,0,20110124,095900,550,500
MTELEKOM,0,20110124,095900,550,1500
PANNERGY,0,20110124,095903,912,100
BUX1112,0,20110124,095907,23670,1
CSEPEL,0,20110124,095921,369,105
RICHTER,0,20110124,095923,42410,3
OTP,0,20110124,095930,5741,200
BUX1112,0,20110124,095936,23661,1
BUX1112,0,20110124,095936,23660,2
MOL,0,20110124,095940,22385,16
MOL,0,20110124,095940,22385,46
MOL,0,20110124,095940,22385,19
MOL,0,20110124,095940,22385,71
MOL,0,20110124,095944,22400,20
OTP,0,20110124,095946,5745,4
OTP,0,20110124,095946,5745,7
OTP,0,20110124,095947,5745,43
OTP,0,20110124,095947,5745,161
ECONET,0,20110124,095948,89,3000
ECONET,0,20110124,095948,89,625
BUX1112,0,20110124,095955,23662,5
BUX1112,0,20110124,095955,23660,13
OTP,0,20110124,095957,5742,310
ANY,0,20110124,100004,755,140
BUX1112,0,20110124,100008,23661,1
ZWACK,0,20110124,100008,13490,7
ZWACK,0,20110124,100008,13495,15
MOL,0,20110124,100010,22400,61
BUX1112,0,20110124,100022,23661,4
BUX1112,0,20110124,100022,23660,5
BUX1112,0,20110124,100022,23655,1
OTP,0,20110124,100029,5745,15
OTP,0,20110124,100029,5748,35
OTP,0,20110124,100030,5745,39
ZWACK,0,20110124,100030,13495,5
BUX1112,0,20110124,100058,23656,1
BUX1112,0,20110124,100058,23655,2
BUX1112,0,20110124,100058,23652,5
BUX1112,0,20110124,100058,23651,2
BUX1112,0,20110124,100058,23650.5,2
BUX1112,0,20110124,100058,23650,5
BUX1112,0,20110124,100058,23650,9
BUX1112,0,20110124,100101,23650,15
MOL,0,20110124,100113,22385,48
OTP,0,20110124,100113,5742,345
BUX1112,0,20110124,100116,23650,1
OTP,0,20110124,100117,5745,252
OTP,0,20110124,100117,5745,23
SYNERGON,0,20110124,100118,514,220
OTP,0,20110124,100118,5745,94
BUX1112,0,20110124,100121,23650,3
MOL,0,20110124,100124,22360,2
OTP,0,20110124,100144,5743,119
MOL,0,20110124,100146,22385,70
MOL,0,20110124,100146,22385,26
MOL,0,20110124,100146,22385,51
MOL,0,20110124,100146,22385,40
MOL,0,20110124,100146,22385,13
OTP,0,20110124,100154,5743,380
OTP,0,20110124,100154,5743,1
OTP,0,20110124,100154,5742,189
BUX1112,0,20110124,100157,23649,1
BUX1112,0,20110124,100157,23650,14
OTP,0,20110124,100202,5745,50
OTP,0,20110124,100202,5745,150
OTP,0,20110124,100203,5745,34
BUX1112,0,20110124,100203,23650,5
BUX1112,0,20110124,100207,23650,25
BUX1112,0,20110124,100210,23650,1
BUX1112,0,20110124,100216,23642,3
MOL,0,20110124,100219,22360,138
MOL,0,20110124,100219,22360,10
MOL,0,20110124,100219,22360,56
MOL,0,20110124,100221,22360,46
OTP,0,20110124,100231,5744,61
OTP,0,20110124,100231,5742,489
OTP,0,20110124,100245,5744,16
OTP,0,20110124,100245,5748,65
OTP,0,20110124,100245,5748,35
OTP,0,20110124,100246,5748,15
OTP,0,20110124,100246,5748,137
RICHTER,0,20110124,100300,42410,2
RICHTER,0,20110124,100300,42410,36
SYNERGON,0,20110124,100304,514,280
RICHTER,0,20110124,100314,42410,10
OTP,0,20110124,100344,5745,20
OTP,0,20110124,100355,5745,80
OTP,0,20110124,100355,5745,707
OTP,0,20110124,100355,5742,167
OTP,0,20110124,100355,5741,1300
OTP,0,20110124,100355,5741,1000
OTP,0,20110124,100355,5741,90
OTP,0,20110124,100355,5740,656
MOL,0,20110124,100356,22355,30
BUX1112,0,20110124,100400,23650,1
OTP,0,20110124,100404,5741,1000
RICHTER,0,20110124,100407,42410,4
RICHTER,0,20110124,100407,42410,17
RICHTER,0,20110124,100407,42410,15
BUX1112,0,20110124,100411,23668,1
BUX1112,0,20110124,100411,23670,1
MTELEKOM,0,20110124,100415,550,910
MOL,0,20110124,100427,22380,31
MOL,0,20110124,100427,22380,45
OTP,0,20110124,100507,5741,1000
OTP,0,20110124,100507,5741,110
EMASZ,0,20110124,100514,21500,5
MOL,0,20110124,100519,22385,15
MOL,0,20110124,100519,22385,3
OTP,0,20110124,100532,5745,200
OTP,0,20110124,100533,5745,200
OTP,0,20110124,100533,5745,172
OTP,0,20110124,100534,5745,112
OTP,0,20110124,100534,5745,136
OTP,0,20110124,100534,5745,248
OTP,0,20110124,100535,5745,89
OTP,0,20110124,100544,5745,45
OTP,0,20110124,100545,5745,755
RICHTER,0,20110124,100546,42410,84
OTP,0,20110124,100546,5744,41
ZWACK,0,20110124,100555,13500,10
ZWACK,0,20110124,100555,13500,2
ZWACK,0,20110124,100555,13500,5
MTELEKOM,0,20110124,100555,550,880
RICHTER,0,20110124,100557,42400,2
RICHTER,0,20110124,100605,42400,26
FHB,0,20110124,100618,975,40
FHB,0,20110124,100618,975,13
RICHTER,0,20110124,100621,42400,80
MOL,0,20110124,100625,22385,22
OTP,0,20110124,100642,5742,160
MTELEKOM,0,20110124,100648,550,2446
MTELEKOM,0,20110124,100657,549,1000
MTELEKOM,0,20110124,100657,549,500
MTELEKOM,0,20110124,100657,549,128
RICHTER,0,20110124,100659,42400,58
OTP,0,20110124,100704,5742,840
OTP,0,20110124,100704,5742,90
MOL,0,20110124,100712,22375,40
OTP,0,20110124,100721,5742,79
OTP,0,20110124,100723,5744,204
OTP,0,20110124,100723,5744,604
OTP,0,20110124,100723,5744,192
OTP,0,20110124,100724,5744,87
OTP,0,20110124,100724,5744,143
MOL,0,20110124,100729,22375,12
GENESIS,0,20110124,100732,207,209
MOL,0,20110124,100739,22355,17
MOL,0,20110124,100739,22355,5
MOL,0,20110124,100739,22355,20
MOL,0,20110124,100739,22355,49
MOL,0,20110124,100739,22355,9
OTP,0,20110124,100746,5742,1000
OTP,0,20110124,100803,5742,8
OTP,0,20110124,100803,5741,262
OTP,0,20110124,100811,5741,380
OTP,0,20110124,100811,5740,2329
OTP,0,20110124,100811,5740,200
OTP,0,20110124,100811,5740,12
OTP,0,20110124,100811,5740,79
FOTEX,0,20110124,100813,384,171
FOTEX,0,20110124,100813,384,200
FOTEX,0,20110124,100813,383,124
FOTEX,0,20110124,100813,382,500
FOTEX,0,20110124,100813,382,5
OTP,0,20110124,100817,5740,82
OTP,0,20110124,100817,5740,418
OTP,0,20110124,100818,5740,910
OTP,0,20110124,100818,5736,88
OTP,0,20110124,100818,5735,100
OTP,0,20110124,100818,5735,100
OTP,0,20110124,100818,5734,145
OTP,0,20110124,100818,5733,57
OTP,0,20110124,100818,5733,100
OTP,0,20110124,100818,5733,20
RICHTER,0,20110124,100820,42395,15
RICHTER,0,20110124,100820,42400,10
RICHTER,0,20110124,100820,42400,7
OTP,0,20110124,100820,5740,910
OTP,0,20110124,100830,5740,1323
RICHTER,0,20110124,100834,42400,7
FHB,0,20110124,100841,976,1000
OTP,0,20110124,100844,5733,1323
OTP,0,20110124,100844,5733,242
OTP,0,20110124,100844,5732,4435
OTP,0,20110124,100851,5732,565
OTP,0,20110124,100851,5731,100
OTP,0,20110124,100851,5731,200
OTP,0,20110124,100851,5730,500
OTP,0,20110124,100851,5730,100
OTP,0,20110124,100851,5730,300
OTP,0,20110124,100851,5730,50
OTP,0,20110124,100851,5730,2185
OTP,0,20110124,100851,5730,500
BUX1112,0,20110124,100854,23646,5
BUX1112,0,20110124,100854,23645,3
BUX1112,0,20110124,100854,23642,1
BUX1112,0,20110124,100854,23642,1
BUX1112,0,20110124,100854,23640,2
BUX1112,0,20110124,100854,23640,1
FHB,0,20110124,100857,976,242
OTP,0,20110124,100857,5734,500
OTP,0,20110124,100857,5734,1663
OTP,0,20110124,100857,5730,4315
OTP,0,20110124,100857,5730,50
OTP,0,20110124,100858,5730,1472
OTP,0,20110124,100858,5740,528
OTP,0,20110124,100858,5726,100
OTP,0,20110124,100858,5725,120
OTP,0,20110124,100858,5725,80
OTP,0,20110124,100858,5725,20
OTP,0,20110124,100858,5725,100
OTP,0,20110124,100859,5726,80
OTP,0,20110124,100859,5740,1472
OTP,0,20110124,100900,5740,500
OTP,0,20110124,100907,5740,2000
OTP,0,20110124,100907,5740,2000
OTP,0,20110124,100908,5740,3000
OTP,0,20110124,100911,5740,1323
OTP,0,20110124,100912,5730,400
MOL,0,20110124,100915,22355,1
MOL,0,20110124,100915,22350,49
MOL,0,20110124,100915,22350,1
OTP,0,20110124,100915,5740,3000
OTP,0,20110124,100916,5731,100
OTP,0,20110124,100916,5740,500
FOTEX,0,20110124,100924,382,465
FOTEX,0,20110124,100924,382,500
FOTEX,0,20110124,100924,381,1500
FOTEX,0,20110124,100924,381,350
FOTEX,0,20110124,100924,381,200
FOTEX,0,20110124,100924,381,60
FOTEX,0,20110124,100924,381,500
FOTEX,0,20110124,100924,381,270
FOTEX,0,20110124,100924,380,300
FOTEX,0,20110124,100924,380,400
FOTEX,0,20110124,100924,380,100
FOTEX,0,20110124,100924,380,355
OTP,0,20110124,100929,5740,100
OTP,0,20110124,100930,5740,100
OTP,0,20110124,100931,5740,73
OTP,0,20110124,100931,5740,1000
BUX1112,0,20110124,100934,23632,1
BUX1112,0,20110124,100934,23630,1
BUX1112,0,20110124,100934,23630,1
BUX1112,0,20110124,100934,23627,4
BUX1112,0,20110124,100934,23627,4
BUX1112,0,20110124,100934,23625,1
BUX1112,0,20110124,100934,23625,1
BUX1112,0,20110124,100934,23625,1
BUX1112,0,20110124,100934,23625,6
BUX1112,0,20110124,100934,23625,1
BUX1112,0,20110124,100934,23625,2
MOL,0,20110124,100939,22355,20
OTP,0,20110124,100939,5740,500
MTELEKOM,0,20110124,100945,549,734
OTP,0,20110124,100948,5740,100
OTP,0,20110124,100949,5740,2000
RICHTER,0,20110124,100950,42400,25
OTP,0,20110124,100953,5732,500
OTP,0,20110124,100953,5732,1905
OTP,0,20110124,100953,5732,95
MOL,0,20110124,100957,22355,35
MOL,0,20110124,100957,22355,39
MOL,0,20110124,100957,22355,19
MOL,0,20110124,100957,22355,43
MOL,0,20110124,100957,22355,65
MOL,0,20110124,100957,22355,51
MOL,0,20110124,100957,22355,39
MOL,0,20110124,100958,22355,37
MOL,0,20110124,100958,22355,48
MOL,0,20110124,100958,22355,24
BUX1112,0,20110124,100959,23625,11
BUX1112,0,20110124,100959,23622,3
BUX1112,0,20110124,100959,23621,1
BUX1112,0,20110124,100959,23620,2
BUX1112,0,20110124,100959,23620,10
MOL,0,20110124,100959,22355,11
OTP,0,20110124,100959,5735,1000
MOL,0,20110124,101001,22355,28
BUX1112,0,20110124,101001,23620,3
OTP,0,20110124,101005,5740,240
OTP,0,20110124,101007,5740,2000
OTP,0,20110124,101009,5740,127
MOL,0,20110124,101010,22360,51
MOL,0,20110124,101010,22360,29
OTP,0,20110124,101011,5735,500
OTP,0,20110124,101022,5740,600
MOL,0,20110124,101030,22360,21
MOL,0,20110124,101030,22360,35
MOL,0,20110124,101030,22360,38
OTP,0,20110124,101031,5735,100
OTP,0,20110124,101031,5735,331
OTP,0,20110124,101031,5735,569
OTP,0,20110124,101032,5735,50
OTP,0,20110124,101037,5740,4095
OTP,0,20110124,101042,5735,381
OTP,0,20110124,101042,5735,2119
OTP,0,20110124,101044,5740,2200
OTP,0,20110124,101047,5740,441
OTP,0,20110124,101048,5740,2556
OTP,0,20110124,101051,5735,135
OTP,0,20110124,101052,5735,865
OTP,0,20110124,101056,5740,365
OTP,0,20110124,101101,5740,145
OTP,0,20110124,101101,5740,54
MOL,0,20110124,101104,22360,6
MOL,0,20110124,101104,22360,14
OTP,0,20110124,101113,5740,1300
OTP,0,20110124,101119,5740,1000
MTELEKOM,0,20110124,101119,549,138
MTELEKOM,0,20110124,101119,549,2091
OTP,0,20110124,101128,5740,150
OTP,0,20110124,101151,5740,1600
OTP,0,20110124,101215,5737,100
OTP,0,20110124,101215,5737,966
OTP,0,20110124,101215,5736,200
OTP,0,20110124,101215,5735,1000
OTP,0,20110124,101215,5730,500
OTP,0,20110124,101215,5730,50
OTP,0,20110124,101216,5730,2184
OTP,0,20110124,101218,5737,1000
OTP,0,20110124,101223,5740,2200
OTP,0,20110124,101229,5740,1638
BUX1112,0,20110124,101231,23622,1
BUX1112,0,20110124,101231,23621,3
BUX1112,0,20110124,101231,23620,2
OTP,0,20110124,101235,5740,13
OTP,0,20110124,101236,5740,266
OTP,0,20110124,101236,5740,589
OTP,0,20110124,101237,5740,266
MOL,0,20110124,101237,22360,86
MOL,0,20110124,101237,22360,52
MOL,0,20110124,101237,22355,10
MOL,0,20110124,101237,22355,82
OTP,0,20110124,101238,5740,1145
OTP,0,20110124,101238,5740,266
OTP,0,20110124,101238,5740,531
MOL,0,20110124,101240,22355,18
MOL,0,20110124,101240,22350,212
MOL,0,20110124,101243,22350,38
MOL,0,20110124,101243,22350,100
MOL,0,20110124,101243,22350,10
MOL,0,20110124,101243,22350,82
RICHTER,0,20110124,101245,42400,126
OTP,0,20110124,101246,5740,437
MOL,0,20110124,101246,22350,18
MOL,0,20110124,101246,22350,17
MOL,0,20110124,101246,22340,3
MOL,0,20110124,101246,22320,35
MOL,0,20110124,101246,22315,50
MOL,0,20110124,101246,22310,1
MOL,0,20110124,101246,22310,106
OTP,0,20110124,101247,5740,13
OTP,0,20110124,101248,5740,26
OTP,0,20110124,101249,5740,884
RICHTER,0,20110124,101300,42400,74
BUX1112,0,20110124,101304,23620,14
MTELEKOM,0,20110124,101316,550,160
OTP,0,20110124,101316,5740,200
BUX1112,0,20110124,101317,23620,5
OTP,0,20110124,101320,5740,100
OTP,0,20110124,101327,5740,100
OTP,0,20110124,101330,5740,100
OTP,0,20110124,101337,5740,45
OTP,0,20110124,101342,5740,112
BUX1112,0,20110124,101355,23621,1
BUX1112,0,20110124,101355,23620,4
OTP,0,20110124,101400,5740,345
OTP,0,20110124,101400,5740,600
OTP,0,20110124,101400,5740,55
OTP,0,20110124,101401,5740,545
OTP,0,20110124,101403,5740,1000
MOL,0,20110124,101405,22355,200
MOL,0,20110124,101405,22350,300
MOL,0,20110124,101406,22380,112
BUX1112,0,20110124,101407,23621,3
RICHTER,0,20110124,101411,42400,20
MTELEKOM,0,20110124,101411,550,100
OTP,0,20110124,101419,5740,650
OTP,0,20110124,101423,5740,1020
OTP,0,20110124,101428,5739,5
OTP,0,20110124,101432,5740,1000
OTP,0,20110124,101434,5740,1000
BUX1112,0,20110124,101437,23625,9
BUX1112,0,20110124,101437,23622,1
OTP,0,20110124,101437,5740,100
OTP,0,20110124,101445,5740,200
OTP,0,20110124,101447,5740,800
OTP,0,20110124,101447,5740,175
OTP,0,20110124,101453,5740,1000
CSEPEL,0,20110124,101454,374,10
CSEPEL,0,20110124,101454,375,25
BUX1112,0,20110124,101457,23622,1
MOL,0,20110124,101459,22380,88
MOL,0,20110124,101459,22380,40
MOL,0,20110124,101459,22380,44
MOL,0,20110124,101500,22380,5
MOL,0,20110124,101500,22380,37
MOL,0,20110124,101500,22380,15
OTP,0,20110124,101502,5740,1000
OTP,0,20110124,101503,5740,1000
RFV,0,20110124,101503,8625,9
OTP,0,20110124,101504,5740,154
OTP,0,20110124,101504,5740,9846
OTP,0,20110124,101507,5740,1000
RICHTER,0,20110124,101508,42400,96
OTP,0,20110124,101513,5740,1000
OTP,0,20110124,101515,5740,1000
OTP,0,20110124,101516,5740,200
OTP,0,20110124,101516,5740,57
OTP,0,20110124,101524,5740,743
OTP,0,20110124,101525,5740,257
OTP,0,20110124,101525,5740,743
BUX1112,0,20110124,101527,23622.5,2
BUX1112,0,20110124,101527,23622,23
BUX1112,0,20110124,101530,23622,5
OTP,0,20110124,101541,5740,230
SYNERGON,0,20110124,101544,514,170
SYNERGON,0,20110124,101544,515,100
SYNERGON,0,20110124,101544,516,10
SYNERGON,0,20110124,101544,516,720
RICHTER,0,20110124,101547,42300,2
OTP,0,20110124,101548,5740,770
OTP,0,20110124,101552,5740,230
OTP,0,20110124,101552,5740,161
BUX1112,0,20110124,101553,23622,5
BUX1112,0,20110124,101553,23621,7
BUX1112,0,20110124,101553,23620.5,1
BUX1112,0,20110124,101553,23620,17
RICHTER,0,20110124,101612,42300,12
RICHTER,0,20110124,101612,42300,14
OTP,0,20110124,101615,5740,300
OTP,0,20110124,101622,5740,309
OTP,0,20110124,101622,5740,105
OTP,0,20110124,101629,5740,25
MTELEKOM,0,20110124,101629,550,2393
MTELEKOM,0,20110124,101629,550,5000
MTELEKOM,0,20110124,101629,550,1458
MTELEKOM,0,20110124,101629,550,2000
MTELEKOM,0,20110124,101629,550,200
MTELEKOM,0,20110124,101629,550,1716
MTELEKOM,0,20110124,101629,550,200
BUX1112,0,20110124,101630,23630,1
MTELEKOM,0,20110124,101635,551,85
MTELEKOM,0,20110124,101635,551,1600
MTELEKOM,0,20110124,101635,551,1000
MTELEKOM,0,20110124,101635,551,1000
MTELEKOM,0,20110124,101638,552,1690
MTELEKOM,0,20110124,101639,550,2033
MTELEKOM,0,20110124,101639,550,2544
OTP,0,20110124,101641,5738,165
OTP,0,20110124,101641,5738,254
OTP,0,20110124,101642,5739,164
OTP,0,20110124,101642,5740,15
OTP,0,20110124,101642,5740,343
OTP,0,20110124,101642,5740,1478
OTP,0,20110124,101643,5740,522
EGIS,0,20110124,101643,20700,10
MTELEKOM,0,20110124,101648,550,5000
OTP,0,20110124,101651,5740,478
OTP,0,20110124,101651,5740,22
OTP,0,20110124,101706,5740,12
ANY,0,20110124,101709,750,90
MOL,0,20110124,101717,22370,3
OTP,0,20110124,101717,5740,270
MOL,0,20110124,101718,22370,20
MTELEKOM,0,20110124,101725,550,300
OTP,0,20110124,101732,5740,95
OTP,0,20110124,101733,5741,100
OTP,0,20110124,101733,5741,261
OTP,0,20110124,101733,5741,168
OTP,0,20110124,101734,5742,20
OTP,0,20110124,101734,5743,492
OTP,0,20110124,101734,5743,488
OTP,0,20110124,101736,5743,12
OTP,0,20110124,101736,5743,150
OTP,0,20110124,101739,5745,500
OTP,0,20110124,101740,5745,152
OTP,0,20110124,101742,5743,27
OTP,0,20110124,101742,5743,39
OTP,0,20110124,101744,5745,358
OTP,0,20110124,101749,5747,40
OTP,0,20110124,101749,5748,45
OTP,0,20110124,101749,5748,2500
OTP,0,20110124,101749,5748,415
OTP,0,20110124,101749,5748,1085
OTP,0,20110124,101749,5748,100
OTP,0,20110124,101749,5749,40
OTP,0,20110124,101749,5749,1775
OTP,0,20110124,101749,5749,3000
OTP,0,20110124,101751,5749,225
OTP,0,20110124,101751,5749,2000
OTP,0,20110124,101751,5750,100
OTP,0,20110124,101751,5750,4
OTP,0,20110124,101751,5750,45
OTP,0,20110124,101751,5750,500
OTP,0,20110124,101751,5750,126
OTP,0,20110124,101751,5750,1074
OTP,0,20110124,101751,5750,1200
OTP,0,20110124,101751,5750,105
OTP,0,20110124,101751,5750,190
OTP,0,20110124,101751,5750,431
OTP,0,20110124,101753,5750,600
OTP,0,20110124,101753,5750,1000
OTP,0,20110124,101756,5750,112
OTP,0,20110124,101756,5750,2857
OTP,0,20110124,101756,5750,143
OTP,0,20110124,101808,5745,400
OTP,0,20110124,101811,5750,100
OTP,0,20110124,101817,5750,246
OTP,0,20110124,101826,5750,2500
OTP,0,20110124,101829,5750,2500
BUX1112,0,20110124,101830,23645,3
OTP,0,20110124,101833,5750,2500
BUX1112,0,20110124,101834,23645,1
CSEPEL,0,20110124,101835,375,119
CSEPEL,0,20110124,101835,375,300
MOL,0,20110124,101835,22360,35
BUX1112,0,20110124,101838,23645,6
OTP,0,20110124,101844,5750,500
OTP,0,20110124,101844,5750,527
OTP,0,20110124,101844,5750,173
MOL,0,20110124,101851,22360,5
MOL,0,20110124,101853,22355,41
CSEPEL,0,20110124,101901,380,1000
CSEPEL,0,20110124,101901,380,381
OTP,0,20110124,101904,5750,635
OTP,0,20110124,101911,5750,467
MOL,0,20110124,101921,22355,50
OTP,0,20110124,101938,5750,1225
OTP,0,20110124,101938,5750,500
OTP,0,20110124,101938,5750,527
OTP,0,20110124,101938,5750,141
OTP,0,20110124,101938,5750,107
RICHTER,0,20110124,101950,42310,4
RICHTER,0,20110124,101950,42300,7
MTELEKOM,0,20110124,101952,550,30
MOL,0,20110124,102008,22355,39
OTP,0,20110124,102014,5750,100
OTP,0,20110124,102015,5748,150
ZWACK,0,20110124,102015,13500,15
ZWACK,0,20110124,102015,13500,58
OTP,0,20110124,102017,5750,793
OTP,0,20110124,102017,5750,500
OTP,0,20110124,102017,5750,502
OTP,0,20110124,102017,5750,705
MOL,0,20110124,102021,22355,61
MOL,0,20110124,102022,22360,54
MOL,0,20110124,102022,22360,8
MOL,0,20110124,102043,22360,57
MOL,0,20110124,102043,22360,59
MOL,0,20110124,102043,22360,37
MOL,0,20110124,102043,22360,63
MOL,0,20110124,102043,22360,14
OTP,0,20110124,102043,5750,17
MOL,0,20110124,102044,22360,37
MOL,0,20110124,102044,22360,18
FHB,0,20110124,102049,976,100
OTP,0,20110124,102050,5749,700
OTP,0,20110124,102050,5749,1680
RICHTER,0,20110124,102112,42300,13
RICHTER,0,20110124,102114,42305,15
RICHTER,0,20110124,102114,42310,20
BUX1112,0,20110124,102117,23650,6
BUX1112,0,20110124,102117,23650,5
OTP,0,20110124,102118,5749,100
OTP,0,20110124,102140,5749,1301
BUX1112,0,20110124,102142,23650,6
EGIS,0,20110124,102152,20700,5
OTP,0,20110124,102152,5749,2799
OTP,0,20110124,102152,5749,244
OTP,0,20110124,102154,5749,609
OTP,0,20110124,102154,5750,278
OTP,0,20110124,102154,5750,27
OTP,0,20110124,102154,5750,89
OTP,0,20110124,102154,5750,164
OTP,0,20110124,102154,5750,3833
OTP,0,20110124,102155,5750,138
OTP,0,20110124,102157,5750,609
OTP,0,20110124,102214,5744,30
OTP,0,20110124,102214,5744,300
MOL,0,20110124,102219,22355,9
RICHTER,0,20110124,102228,42315,15
KEG,0,20110124,102239,130,105
KEG,0,20110124,102239,130,4895
OTP,0,20110124,102241,5744,126
BUX1112,0,20110124,102250,23641,2
BUX1112,0,20110124,102250,23640,10
OTP,0,20110124,102253,5749,500
OTP,0,20110124,102253,5750,420
OTP,0,20110124,102253,5750,609
OTP,0,20110124,102253,5750,171
MOL,0,20110124,102254,22350,100
OTP,0,20110124,102311,5750,329
OTP,0,20110124,102311,5750,152
OTP,0,20110124,102311,5750,155
OTP,0,20110124,102311,5750,240
OTP,0,20110124,102311,5750,609
OTP,0,20110124,102316,5750,100
MTELEKOM,0,20110124,102322,549,445
MOL,0,20110124,102329,22350,45
OTP,0,20110124,102337,5750,200
MOL,0,20110124,102338,22350,42
MOL,0,20110124,102340,22355,26
MOL,0,20110124,102340,22355,27
OTP,0,20110124,102342,5750,90
OTP,0,20110124,102349,5750,1125
OTP,0,20110124,102349,5750,875
OTP,0,20110124,102350,5750,625
OTP,0,20110124,102350,5750,375
OTP,0,20110124,102355,5750,100
OTP,0,20110124,102402,5750,100
OTP,0,20110124,102406,5750,370
OTP,0,20110124,102412,5750,300
OTP,0,20110124,102418,5750,260
OTP,0,20110124,102419,5750,25
OTP,0,20110124,102422,5750,250
OTP,0,20110124,102438,5750,515
OTP,0,20110124,102438,5750,1500
OTP,0,20110124,102438,5750,485
OTP,0,20110124,102447,5750,50
OTP,0,20110124,102456,5750,100
OTP,0,20110124,102502,5750,100
OTP,0,20110124,102505,5750,50
OTP,0,20110124,102507,5750,200
OTP,0,20110124,102507,5750,15
OTP,0,20110124,102507,5750,485
BUX1112,0,20110124,102510,23624,1
BUX1112,0,20110124,102512,23649,1
BUX1112,0,20110124,102513,23624,1
OTP,0,20110124,102514,5750,500
OTP,0,20110124,102515,5750,515
OTP,0,20110124,102515,5750,485
MOL,0,20110124,102516,22350,13
MOL,0,20110124,102516,22350,28
FOTEX,0,20110124,102524,387,2
OTP,0,20110124,102524,5750,40
OTP,0,20110124,102547,5750,48
BUX1112,0,20110124,102548,23624,2
MOL,0,20110124,102611,22350,42
MOL,0,20110124,102620,22355,8
MOL,0,20110124,102620,22355,28
MOL,0,20110124,102620,22355,62
MOL,0,20110124,102620,22355,39
MOL,0,20110124,102620,22355,55
MOL,0,20110124,102620,22355,50
MOL,0,20110124,102620,22355,62
MOL,0,20110124,102620,22355,65
MOL,0,20110124,102620,22355,60
MOL,0,20110124,102620,22355,35
MOL,0,20110124,102620,22355,36
MOL,0,20110124,102622,22355,5
MOL,0,20110124,102622,22355,39
OTP,0,20110124,102628,5750,50
OTP,0,20110124,102646,5750,50
OTP,0,20110124,102652,5750,30
KEG,0,20110124,102652,131,10
BUX1112,0,20110124,102653,23621,5
RICHTER,0,20110124,102654,42300,200
RICHTER,0,20110124,102654,42300,200
ZWACK,0,20110124,102703,13545,5
ZWACK,0,20110124,102703,13550,5
ZWACK,0,20110124,102703,13550,3
OTP,0,20110124,102703,5750,400
OTP,0,20110124,102743,5750,1329
OTP,0,20110124,102743,5750,1500
OTP,0,20110124,102743,5750,10
FOTEX,0,20110124,102745,382,2
OTP,0,20110124,102805,5745,50
OTP,0,20110124,102805,5745,30
OTP,0,20110124,102811,5749,168
OTP,0,20110124,102811,5749,512
OTP,0,20110124,102811,5750,2161
OTP,0,20110124,102811,5750,200
OTP,0,20110124,102811,5750,232
OTP,0,20110124,102812,5750,500
PFLAX,0,20110124,102812,670,90
OTP,0,20110124,102819,5750,300
OTP,0,20110124,102931,5750,400
OTP,0,20110124,102937,5750,10
OTP,0,20110124,102939,5750,230
OTP,0,20110124,102957,5750,200
MOL,0,20110124,103022,22350,120
MOL,0,20110124,103026,22385,45
MOL,0,20110124,103026,22385,24
OTP,0,20110124,103032,5750,87
OTP,0,20110124,103032,5750,74
OTP,0,20110124,103032,5750,39
BUX1112,0,20110124,103035,23640,14
GENESIS,0,20110124,103039,207,470
OTP,0,20110124,103046,5750,400
OTP,0,20110124,103057,5750,21
OTP,0,20110124,103057,5750,1500
OTP,0,20110124,103057,5750,79
MOL,0,20110124,103117,22350,4
MOL,0,20110124,103117,22350,116
MOL,0,20110124,103124,22350,70
OTP,0,20110124,103137,5750,50
MOL,0,20110124,103155,22370,56
MOL,0,20110124,103157,22370,4
MOL,0,20110124,103158,22370,35
RFV,0,20110124,103158,8560,1
OTP,0,20110124,103208,5750,90
MTELEKOM,0,20110124,103226,549,1976
MOL,0,20110124,103240,22370,15
OTP,0,20110124,103248,5750,50
MTELEKOM,0,20110124,103251,550,93
MTELEKOM,0,20110124,103251,550,907
OTP,0,20110124,103256,5750,35
BUX1112,0,20110124,103258,23663,7
MOL,0,20110124,103312,22350,114
MOL,0,20110124,103312,22350,86
OTP,0,20110124,103320,5750,26
OTP,0,20110124,103343,5750,282
MOL,0,20110124,103350,22350,114
MOL,0,20110124,103350,22350,300
RICHTER,0,20110124,103358,42300,4
MOL,0,20110124,103358,22345,33
MOL,0,20110124,103358,22350,86
MOL,0,20110124,103358,22350,58
MOL,0,20110124,103358,22350,58
OTP,0,20110124,103359,5750,967
OTP,0,20110124,103359,5750,33
MOL,0,20110124,103409,22350,50
RICHTER,0,20110124,103413,42300,196
RICHTER,0,20110124,103413,42300,10
RICHTER,0,20110124,103413,42300,100
MOL,0,20110124,103418,22355,21
MOL,0,20110124,103418,22355,34
MOL,0,20110124,103418,22360,62
MOL,0,20110124,103418,22360,49
BUX1112,0,20110124,103427,23655,1
BUX1112,0,20110124,103427,23655,2
BUX1112,0,20110124,103427,23641,1
BUX1112,0,20110124,103427,23641,3
BUX1112,0,20110124,103427,23640,20
BUX1112,0,20110124,103427,23640,20
RICHTER,0,20110124,103438,42270,5
RICHTER,0,20110124,103438,42230,2
RICHTER,0,20110124,103438,42225,6
RICHTER,0,20110124,103438,42220,1
RICHTER,0,20110124,103438,42220,4
MOL,0,20110124,103447,22365,55
MOL,0,20110124,103447,22365,59
MOL,0,20110124,103447,22365,79
MOL,0,20110124,103447,22365,7
MOL,0,20110124,103453,22365,38
MOL,0,20110124,103453,22365,33
OTP,0,20110124,103453,5750,192
BUX1112,0,20110124,103453,23655,10
ZWACK,0,20110124,103455,13600,25
BUX1112,0,20110124,103457,23655,3
RICHTER,0,20110124,103501,42280,14
RICHTER,0,20110124,103501,42285,20
RICHTER,0,20110124,103501,42295,16
OTP,0,20110124,103505,5751,225
OTP,0,20110124,103505,5751,141
OTP,0,20110124,103505,5751,161
OTP,0,20110124,103505,5751,163
OTP,0,20110124,103505,5751,220
OTP,0,20110124,103505,5751,163
OTP,0,20110124,103505,5751,165
OTP,0,20110124,103505,5753,50
OTP,0,20110124,103505,5753,557
OTP,0,20110124,103505,5755,25
OTP,0,20110124,103505,5755,201
OTP,0,20110124,103505,5756,200
OTP,0,20110124,103505,5757,45
OTP,0,20110124,103505,5758,500
OTP,0,20110124,103505,5758,5000
OTP,0,20110124,103505,5758,101
OTP,0,20110124,103505,5759,30
OTP,0,20110124,103505,5759,205
OTP,0,20110124,103505,5760,760
OTP,0,20110124,103505,5760,180
OTP,0,20110124,103505,5760,25
OTP,0,20110124,103505,5760,700
OTP,0,20110124,103505,5760,100
OTP,0,20110124,103505,5760,20
OTP,0,20110124,103505,5760,20
OTP,0,20110124,103505,5760,100
OTP,0,20110124,103505,5760,37
OTP,0,20110124,103505,5760,25
OTP,0,20110124,103505,5765,1000
OTP,0,20110124,103505,5765,100
OTP,0,20110124,103505,5765,500
OTP,0,20110124,103505,5766,35
OTP,0,20110124,103505,5768,310
OTP,0,20110124,103505,5768,500
OTP,0,20110124,103505,5769,700
OTP,0,20110124,103505,5769,50
OTP,0,20110124,103505,5769,30
OTP,0,20110124,103505,5769,145
OTP,0,20110124,103505,5770,18600
OTP,0,20110124,103505,5770,202
OTP,0,20110124,103505,5770,70
OTP,0,20110124,103505,5770,2742
OTP,0,20110124,103505,5770,100
OTP,0,20110124,103505,5770,1000
OTP,0,20110124,103505,5770,84
OTP,0,20110124,103505,5770,200
OTP,0,20110124,103505,5770,20
OTP,0,20110124,103505,5770,13
OTP,0,20110124,103505,5770,200
OTP,0,20110124,103505,5770,300
OTP,0,20110124,103510,5770,13
OTP,0,20110124,103510,5770,487
RFV,0,20110124,103513,8625,10
OTP,0,20110124,103513,5770,13
OTP,0,20110124,103521,5770,200
OTP,0,20110124,103525,5770,2287
OTP,0,20110124,103525,5770,200
OTP,0,20110124,103526,5770,58
OTP,0,20110124,103529,5770,2242
OTP,0,20110124,103529,5770,258
OTP,0,20110124,103529,5770,2242
OTP,0,20110124,103537,5765,100
OTP,0,20110124,103538,5770,258
OTP,0,20110124,103538,5770,100
OTP,0,20110124,103538,5770,136
ZWACK,0,20110124,103540,13600,4
OTP,0,20110124,103541,5770,2006
OTP,0,20110124,103546,5765,200
OTP,0,20110124,103549,5770,494
OTP,0,20110124,103549,5770,240
OTP,0,20110124,103549,5770,300
OTP,0,20110124,103549,5770,988
OTP,0,20110124,103553,5770,300
OTP,0,20110124,103556,5770,178
OTP,0,20110124,103556,5765,2
BUX1112,0,20110124,103557,23630,1
BUX1112,0,20110124,103557,23630,9
BUX1112,0,20110124,103600,23630,5
OTP,0,20110124,103603,5765,100
BUX1112,0,20110124,103606,23630,1
BUX1112,0,20110124,103606,23629,4
OTP,0,20110124,103607,5770,2500
BUX1112,0,20110124,103608,23629,5
OTP,0,20110124,103609,5770,2500
ZWACK,0,20110124,103616,13600,6
OTP,0,20110124,103617,5769,100
OTP,0,20110124,103617,5770,2380
OTP,0,20110124,103643,5765,100
OTP,0,20110124,103653,5765,15
OTP,0,20110124,103659,5765,20
MTELEKOM,0,20110124,103706,549,1675
OTP,0,20110124,103706,5765,274
OTP,0,20110124,103706,5755,296
OTP,0,20110124,103714,5755,100
OTP,0,20110124,103717,5769,200
OTP,0,20110124,103717,5769,100
OTP,0,20110124,103717,5770,120
OTP,0,20110124,103717,5770,1080
OTP,0,20110124,103721,5770,2975
OTP,0,20110124,103721,5770,485
OTP,0,20110124,103721,5770,214
OTP,0,20110124,103721,5770,80
OTP,0,20110124,103721,5770,200
OTP,0,20110124,103721,5770,133
OTP,0,20110124,103723,5760,20
OTP,0,20110124,103726,5770,34
OTP,0,20110124,103726,5770,133
EBGOLD,0,20110124,103729,2745,30
OTP,0,20110124,103731,5770,50
OTP,0,20110124,103734,5770,500
MTELEKOM,0,20110124,103738,550,4093
MTELEKOM,0,20110124,103738,550,907
OTP,0,20110124,103743,5770,204
OTP,0,20110124,103758,5771,100
OTP,0,20110124,103758,5772,3000
OTP,0,20110124,103758,5772,156
OTP,0,20110124,103758,5772,498
OTP,0,20110124,103758,5772,100
OTP,0,20110124,103800,5775,15
OTP,0,20110124,103800,5775,50
OTP,0,20110124,103800,5775,100
OTP,0,20110124,103800,5775,68
OTP,0,20110124,103800,5775,45
OTP,0,20110124,103800,5775,275
OTP,0,20110124,103800,5775,947
OTP,0,20110124,103800,5775,53
OTP,0,20110124,103801,5775,20
OTP,0,20110124,103803,5775,300
BUX1112,0,20110124,103804,23648,7
OTP,0,20110124,103807,5775,250
OTP,0,20110124,103808,5777,385
OTP,0,20110124,103808,5777,215
BUX1112,0,20110124,103810,23648,3
ZWACK,0,20110124,103812,13600,2
RFV,0,20110124,103814,8625,40
OTP,0,20110124,103832,5775,50
OTP,0,20110124,103833,5775,200
OTP,0,20110124,103833,5775,7
OTP,0,20110124,103833,5775,43
OTP,0,20110124,103838,5775,40
OTP,0,20110124,103841,5776,80
OTP,0,20110124,103843,5776,620
OTP,0,20110124,103843,5776,598
OTP,0,20110124,103843,5777,85
OTP,0,20110124,103843,5778,2697
OTP,0,20110124,103843,5775,5
MOL,0,20110124,103849,22390,50
MOL,0,20110124,103849,22390,56
MOL,0,20110124,103849,22390,39
MOL,0,20110124,103849,22390,10
MOL,0,20110124,103849,22390,21
OTP,0,20110124,103849,5775,50
OTP,0,20110124,103849,5778,303
OTP,0,20110124,103849,5779,1197
OTP,0,20110124,103850,5779,1500
OTP,0,20110124,103850,5779,1500
OTP,0,20110124,103850,5779,1500
RICHTER,0,20110124,103854,42225,5
RICHTER,0,20110124,103854,42220,20
RICHTER,0,20110124,103854,42210,4
RICHTER,0,20110124,103854,42210,10
RICHTER,0,20110124,103854,42205,5
RICHTER,0,20110124,103854,42200,100
OTP,0,20110124,103856,5779,2303
OTP,0,20110124,103856,5779,40
OTP,0,20110124,103856,5779,65
OTP,0,20110124,103856,5779,601
OTP,0,20110124,103856,5780,100
OTP,0,20110124,103856,5780,400
OTP,0,20110124,103856,5780,50
OTP,0,20110124,103856,5780,100
OTP,0,20110124,103856,5780,1000
OTP,0,20110124,103856,5780,5341
OTP,0,20110124,103856,5780,100
OTP,0,20110124,103900,5775,60
MTELEKOM,0,20110124,103911,550,6530
MTELEKOM,0,20110124,103911,550,300
MTELEKOM,0,20110124,103911,550,400
MTELEKOM,0,20110124,103911,550,2770
OTP,0,20110124,103912,5775,350
MTELEKOM,0,20110124,103913,550,230
MTELEKOM,0,20110124,103913,550,1123
MTELEKOM,0,20110124,103919,551,200
MTELEKOM,0,20110124,103922,552,310
MTELEKOM,0,20110124,103922,552,4125
BUX1112,0,20110124,103923,23663,1
MTELEKOM,0,20110124,103940,550,1000
OTP,0,20110124,103942,5776,500
MOL,0,20110124,103947,22360,4
SYNERGON,0,20110124,103954,515,350
SYNERGON,0,20110124,103954,516,100
SYNERGON,0,20110124,103954,516,400
SYNERGON,0,20110124,103954,516,150
BUX1112,0,20110124,104007,23664,1
OTP,0,20110124,104010,5776,1500
OTP,0,20110124,104012,5776,1500
OTP,0,20110124,104013,5776,135
OTP,0,20110124,104020,5776,124
OTP,0,20110124,104024,5776,321
OTP,0,20110124,104024,5776,314
OTP,0,20110124,104024,5776,865
OTP,0,20110124,104025,5776,1500
OTP,0,20110124,104025,5776,400
OTP,0,20110124,104031,5776,100
OTP,0,20110124,104034,5776,443
OTP,0,20110124,104034,5776,174
OTP,0,20110124,104034,5776,200
OTP,0,20110124,104034,5770,292
BUX1112,0,20110124,104036,23665,3
RICHTER,0,20110124,104037,42220,13
BUX1112,0,20110124,104039,23665,7
BUX1112,0,20110124,104045,23670,1
OTP,0,20110124,104052,5770,183
MTELEKOM,0,20110124,104055,550,200
BUX1112,0,20110124,104059,23669,1
OTP,0,20110124,104103,5774,55
OTP,0,20110124,104103,5776,917
OTP,0,20110124,104103,5776,68
OTP,0,20110124,104103,5776,460
BUX1112,0,20110124,104103,23669,5
OTP,0,20110124,104103,5776,19
OTP,0,20110124,104103,5776,207
OTP,0,20110124,104103,5776,1274
OTP,0,20110124,104103,5776,1500
OTP,0,20110124,104104,5776,302
OTP,0,20110124,104105,5776,1500
OTP,0,20110124,104105,5776,1500
OTP,0,20110124,104106,5776,1500
OTP,0,20110124,104106,5776,906
OTP,0,20110124,104107,5776,1500
OTP,0,20110124,104108,5771,700
OTP,0,20110124,104114,5771,100
OTP,0,20110124,104120,5771,240
BUX1112,0,20110124,104125,23675,1
BUX1112,0,20110124,104125,23679.5,1
BUX1112,0,20110124,104125,23679.5,1
BUX1112,0,20110124,104125,23680,1
BUX1112,0,20110124,104125,23684,12
OTP,0,20110124,104134,5772,90
BUX1112,0,20110124,104135,23684,2
BUX1112,0,20110124,104137,23685,18
OTP,0,20110124,104143,5773,12
MTELEKOM,0,20110124,104153,550,3977
MTELEKOM,0,20110124,104153,550,1023
OTP,0,20110124,104153,5775,100
OTP,0,20110124,104153,5775,100
MTELEKOM,0,20110124,104202,550,1477
RICHTER,0,20110124,104206,42225,20
OTP,0,20110124,104210,5772,10
OTP,0,20110124,104210,5772,102
OTP,0,20110124,104218,5772,100
OTP,0,20110124,104228,5772,60
MOL,0,20110124,104232,22365,50
MOL,0,20110124,104232,22365,63
MOL,0,20110124,104232,22365,55
MOL,0,20110124,104232,22365,55
MOL,0,20110124,104232,22365,11
MOL,0,20110124,104232,22365,31
MOL,0,20110124,104232,22365,61
MOL,0,20110124,104232,22365,57
OTP,0,20110124,104249,5772,1500
OTP,0,20110124,104251,5772,1500
MOL,0,20110124,104258,22365,117
MOL,0,20110124,104258,22365,100
RICHTER,0,20110124,104306,42225,21
RICHTER,0,20110124,104306,42225,13
RICHTER,0,20110124,104306,42225,14
RICHTER,0,20110124,104306,42225,14
RICHTER,0,20110124,104306,42295,24
RICHTER,0,20110124,104306,42300,114
OTP,0,20110124,104307,5772,392
OTP,0,20110124,104307,5771,108
RICHTER,0,20110124,104318,42300,80
RICHTER,0,20110124,104318,42300,18
OTP,0,20110124,104330,5771,352
OTP,0,20110124,104330,5771,163
MTELEKOM,0,20110124,104332,550,150
OTP,0,20110124,104332,5771,1337
OTP,0,20110124,104332,5771,163
OTP,0,20110124,104332,5771,100
OTP,0,20110124,104337,5771,80
OTP,0,20110124,104337,5771,100
BUX1112,0,20110124,104340,23679,1
BUX1112,0,20110124,104340,23679,13
OTP,0,20110124,104341,5771,80
CSEPEL,0,20110124,104350,373,435
OTP,0,20110124,104352,5771,1231
OTP,0,20110124,104352,5770,104
BUX1112,0,20110124,104419,23677,1
OTP,0,20110124,104430,5766,50
OTP,0,20110124,104430,5766,66
OTP,0,20110124,104434,5766,265
OTP,0,20110124,104434,5765,1000
MTELEKOM,0,20110124,104446,550,2000
OTP,0,20110124,104449,5762,500
OTP,0,20110124,104449,5763,160
OTP,0,20110124,104449,5763,257
MTELEKOM,0,20110124,104451,550,1373
MTELEKOM,0,20110124,104451,550,627
MTELEKOM,0,20110124,104454,550,450
OTP,0,20110124,104456,5763,489
OTP,0,20110124,104456,5763,150
OTP,0,20110124,104456,5763,61
MOL,0,20110124,104457,22365,10
MOL,0,20110124,104457,22365,273
MOL,0,20110124,104457,22365,41
MOL,0,20110124,104457,22365,51
MOL,0,20110124,104457,22365,39
MOL,0,20110124,104457,22365,53
MOL,0,20110124,104457,22365,31
OTP,0,20110124,104516,5760,10
OTP,0,20110124,104516,5760,130
OTP,0,20110124,104520,5760,15
MTELEKOM,0,20110124,104521,549,1600
MOL,0,20110124,104526,22360,30
MOL,0,20110124,104526,22360,8
OTP,0,20110124,104530,5762,50
SYNERGON,0,20110124,104532,516,20
ECONET,0,20110124,104546,88,1150
KEG,0,20110124,104554,130,805
KEG,0,20110124,104554,130,700
KEG,0,20110124,104554,130,31
OTP,0,20110124,104601,5761,39
OTP,0,20110124,104601,5761,196
OTP,0,20110124,104612,5762,94
OTP,0,20110124,104612,5762,56
OTP,0,20110124,104615,5762,100
OTP,0,20110124,104628,5762,10
OTP,0,20110124,104640,5761,5
OTP,0,20110124,104640,5762,332
OTP,0,20110124,104640,5762,203
OTP,0,20110124,104640,5762,65
OTP,0,20110124,104640,5762,400
OTP,0,20110124,104652,5762,100
OTP,0,20110124,104652,5762,4
OTP,0,20110124,104654,5762,122
OTP,0,20110124,104654,5762,582
OTP,0,20110124,104656,5765,35
OTP,0,20110124,104659,5761,20
OTP,0,20110124,104711,5762,4
KEG,0,20110124,104729,130,269
KEG,0,20110124,104729,130,1257
PHYLAXIA,0,20110124,104731,44,200
GSPARK,0,20110124,104733,770,500
OTP,0,20110124,104740,5762,50
OTP,0,20110124,104805,5762,1
OTP,0,20110124,104812,5762,83
OTP,0,20110124,104812,5762,117
OTP,0,20110124,104824,5765,175
OTP,0,20110124,104834,5762,26
MOL,0,20110124,104835,22385,58
OTP,0,20110124,104839,5762,124
OTP,0,20110124,104839,5762,553
FREESOFT,0,20110124,104841,2070,50
FREESOFT,0,20110124,104841,2065,50
FREESOFT,0,20110124,104841,2064,100
OTP,0,20110124,104844,5761,4
MTELEKOM,0,20110124,104844,549,250
OTP,0,20110124,104854,5761,250
OTP,0,20110124,104855,5761,486
OTP,0,20110124,104855,5761,628
OTP,0,20110124,104859,5761,78
OTP,0,20110124,104859,5760,57
OTP,0,20110124,104901,5760,298
OTP,0,20110124,104901,5755,25
OTP,0,20110124,104901,5752,677
OTP,0,20110124,104901,5752,26
OTP,0,20110124,104917,5760,40
OTP,0,20110124,104917,5760,157
OTP,0,20110124,104917,5765,25
OTP,0,20110124,104917,5765,28
OTP,0,20110124,104922,5755,500
OTP,0,20110124,104922,5753,1000
OTP,0,20110124,104922,5753,200
OTP,0,20110124,104922,5752,797
OTP,0,20110124,104922,5752,1500
OTP,0,20110124,104922,5752,248
OTP,0,20110124,104922,5751,201
OTP,0,20110124,104922,5750,500
OTP,0,20110124,104922,5750,10
OTP,0,20110124,104922,5750,44
MTELEKOM,0,20110124,104927,550,604
MTELEKOM,0,20110124,104927,550,126
MTELEKOM,0,20110124,104931,550,1627
MTELEKOM,0,20110124,104931,550,173
CSEPEL,0,20110124,104939,375,180
CSEPEL,0,20110124,104939,379,120
OTP,0,20110124,105006,5755,25
MTELEKOM,0,20110124,105009,550,355
OTP,0,20110124,105025,5755,200
OTP,0,20110124,105031,5760,21
OTP,0,20110124,105033,5755,27
MOL,0,20110124,105101,22365,20
ORC,0,20110124,105105,1980,30
OTP,0,20110124,105107,5755,18
ECONET,0,20110124,105113,89,8375
ECONET,0,20110124,105113,89,625
MOL,0,20110124,105119,22360,25
OTP,0,20110124,105125,5755,12
CSEPEL,0,20110124,105129,379,150
RICHTER,0,20110124,105129,42305,2
SYNERGON,0,20110124,105136,516,30
SYNERGON,0,20110124,105136,517,10
SYNERGON,0,20110124,105136,517,66
SYNERGON,0,20110124,105136,517,150
SYNERGON,0,20110124,105136,518,50
SYNERGON,0,20110124,105136,518,300
SYNERGON,0,20110124,105136,520,150
SYNERGON,0,20110124,105136,520,385
SYNERGON,0,20110124,105136,520,200
SYNERGON,0,20110124,105136,521,120
SYNERGON,0,20110124,105136,521,1052
MOL,0,20110124,105143,22360,67
MTELEKOM,0,20110124,105146,550,4270
MOL,0,20110124,105151,22355,8
MTELEKOM,0,20110124,105157,550,202
MTELEKOM,0,20110124,105157,550,148
MTELEKOM,0,20110124,105159,550,125
OTP,0,20110124,105217,5755,218
OTP,0,20110124,105217,5755,782
SYNERGON,0,20110124,105222,521,487
KEG,0,20110124,105311,131,1000
MOL,0,20110124,105332,22355,29
RFV,0,20110124,105357,8625,20
OTP,0,20110124,105411,5758,100
OTP,0,20110124,105411,5758,900
OTP,0,20110124,105433,5757,188
OTP,0,20110124,105433,5757,149
OTP,0,20110124,105433,5758,300
OTP,0,20110124,105433,5758,118
OTP,0,20110124,105433,5758,480
OTP,0,20110124,105433,5758,164
OTP,0,20110124,105433,5758,143
OTP,0,20110124,105439,5759,50
OTP,0,20110124,105439,5759,27
OTP,0,20110124,105439,5759,544
OTP,0,20110124,105439,5760,329
OTP,0,20110124,105439,5760,40
FHB,0,20110124,105448,971,60
OTP,0,20110124,105454,5765,200
PVALTO,0,20110124,105507,1400,23
PVALTO,0,20110124,105507,1213,67
MOL,0,20110124,105509,22360,58
MOL,0,20110124,105509,22360,31
MOL,0,20110124,105509,22360,30
MOL,0,20110124,105509,22360,39
MOL,0,20110124,105509,22360,57
MOL,0,20110124,105509,22360,24
MOL,0,20110124,105509,22360,47
MOL,0,20110124,105509,22360,63
MOL,0,20110124,105509,22360,57
MOL,0,20110124,105509,22360,55
MOL,0,20110124,105509,22360,29
MOL,0,20110124,105519,22395,45
MOL,0,20110124,105519,22395,13
MOL,0,20110124,105529,22395,40
OTP,0,20110124,105532,5759,30
OTP,0,20110124,105536,5758,1000
MOL,0,20110124,105541,22395,12
KEG,0,20110124,105547,131,500
OTP,0,20110124,105601,5755,10
BUX1112,0,20110124,105603,23678,1
BUX1112,0,20110124,105603,23679,1
BUX1112,0,20110124,105603,23680,2
BUX1112,0,20110124,105603,23688,6
OTP,0,20110124,105612,5758,70
MTELEKOM,0,20110124,105612,550,27
OTP,0,20110124,105627,5755,96
RICHTER,0,20110124,105632,42305,3
MTELEKOM,0,20110124,105706,550,1000
MTELEKOM,0,20110124,105706,550,133
MTELEKOM,0,20110124,105706,550,667
OTP,0,20110124,105710,5755,275
OTP,0,20110124,105710,5755,10
OTP,0,20110124,105710,5755,15
OTP,0,20110124,105711,5758,1480
OTP,0,20110124,105711,5758,484
OTP,0,20110124,105711,5758,182
OTP,0,20110124,105711,5758,150
OTP,0,20110124,105727,5758,400
BUX1112,0,20110124,105731,23688,9
BUX1112,0,20110124,105731,23688,1
BUX1112,0,20110124,105731,23688.5,1
BUX1112,0,20110124,105731,23690,3
BUX1112,0,20110124,105731,23690,2
RICHTER,0,20110124,105750,42305,12
BUX1112,0,20110124,105804,23693,25
BUX1112,0,20110124,105804,23698,10
BUX1112,0,20110124,105804,23699,2
BUX1112,0,20110124,105804,23700,4
BUX1112,0,20110124,105804,23700,1
OTP,0,20110124,105806,5758,180
SYNERGON,0,20110124,105835,524,10
RICHTER,0,20110124,105839,42310,10
RICHTER,0,20110124,105850,42310,3
RICHTER,0,20110124,105850,42310,13
RICHTER,0,20110124,105850,42310,12
RICHTER,0,20110124,105912,42390,20
RICHTER,0,20110124,105912,42400,104
RICHTER,0,20110124,105912,42400,26
RABA,0,20110124,105916,840,300
RABA,0,20110124,105916,840,218
RABA,0,20110124,105916,840,500
RABA,0,20110124,105916,840,182
MOL,0,20110124,105919,22395,43
MOL,0,20110124,105919,22395,20
MOL,0,20110124,105919,22395,39
MOL,0,20110124,105919,22395,55
MOL,0,20110124,105919,22395,55
MOL,0,20110124,105919,22395,28
MOL,0,20110124,105929,22400,100
MOL,0,20110124,105929,22400,10
MOL,0,20110124,105929,22400,200
MOL,0,20110124,105929,22400,59
OTP,0,20110124,105933,5755,36
OTP,0,20110124,105933,5752,100
OTP,0,20110124,105933,5752,1084
RICHTER,0,20110124,105935,42400,4
RICHTER,0,20110124,105935,42410,21
RICHTER,0,20110124,105940,42410,245
OTP,0,20110124,105940,5758,141
OTP,0,20110124,105940,5758,112
OTP,0,20110124,105940,5758,178
OTP,0,20110124,105940,5758,479
RICHTER,0,20110124,110014,42410,47
RICHTER,0,20110124,110014,42410,24
MTELEKOM,0,20110124,110019,550,610
OTP,0,20110124,110024,5764,138
OTP,0,20110124,110024,5764,62
ECONET,0,20110124,110048,88,1000
OTP,0,20110124,110055,5760,50
OTP,0,20110124,110133,5760,70
BUX1112,0,20110124,110147,23709,1
BUX1112,0,20110124,110147,23709.5,1
BUX1112,0,20110124,110147,23710,2
BUX1112,0,20110124,110147,23710,6
MOL,0,20110124,110147,22405,5
MOL,0,20110124,110147,22405,45
MOL,0,20110124,110147,22405,40
KEG,0,20110124,110147,131,480
KEG,0,20110124,110147,131,300
KEG,0,20110124,110147,131,220
MOL,0,20110124,110152,22400,131
MOL,0,20110124,110152,22400,210
MOL,0,20110124,110152,22400,61
MOL,0,20110124,110211,22360,10
BUX1112,0,20110124,110228,23710,3
OTP,0,20110124,110252,5760,175
OTP,0,20110124,110252,5760,300
RICHTER,0,20110124,110253,42400,10
OTP,0,20110124,110312,5758,71
OTP,0,20110124,110318,5758,49
OTP,0,20110124,110318,5758,142
HUMET,0,20110124,110426,9,9153
HUMET,0,20110124,110426,9,847
RICHTER,0,20110124,110513,42400,30
RICHTER,0,20110124,110513,42400,29
RICHTER,0,20110124,110513,42400,12
OTP,0,20110124,110523,5757,40
FREESOFT,0,20110124,110524,2064,100
FREESOFT,0,20110124,110524,2064,50
FREESOFT,0,20110124,110524,2063,100
FREESOFT,0,20110124,110524,2061,60
FREESOFT,0,20110124,110524,2060,150
OTP,0,20110124,110531,5756,9
OTP,0,20110124,110531,5755,191
PFLAX,0,20110124,110535,670,25
FREESOFT,0,20110124,110537,2060,140
MOL,0,20110124,110542,22375,28
MOL,0,20110124,110542,22375,53
OTP,0,20110124,110547,5755,20
MOL,0,20110124,110614,22375,54
MOL,0,20110124,110614,22375,35
MOL,0,20110124,110614,22375,54
MOL,0,20110124,110614,22375,23
MTELEKOM,0,20110124,110615,550,323
MTELEKOM,0,20110124,110615,550,5000
MTELEKOM,0,20110124,110615,550,1719
MTELEKOM,0,20110124,110615,550,1572
OTP,0,20110124,110627,5756,175
OTP,0,20110124,110627,5756,153
OTP,0,20110124,110627,5756,534
OTP,0,20110124,110627,5756,138
OTP,0,20110124,110635,5756,15
MOL,0,20110124,110639,22375,5
MOL,0,20110124,110639,22375,56
MOL,0,20110124,110639,22375,35
MOL,0,20110124,110639,22375,4
MTELEKOM,0,20110124,110653,550,1000
BUX1112,0,20110124,110653,23705,1
OTP,0,20110124,110659,5756,15
OTP,0,20110124,110700,5756,1
OTP,0,20110124,110700,5756,1
MOL,0,20110124,110702,22370,60
MOL,0,20110124,110702,22375,40
MOL,0,20110124,110708,22375,5
MOL,0,20110124,110708,22375,19
MOL,0,20110124,110717,22375,53
OTP,0,20110124,110733,5755,1
FREESOFT,0,20110124,110747,2070,100
BUX1112,0,20110124,110750,23705,1
BUX1112,0,20110124,110750,23705,1
OTP,0,20110124,110759,5756,20
OTP,0,20110124,110800,5756,4
MTELEKOM,0,20110124,110805,551,2000
MTELEKOM,0,20110124,110805,551,200
MTELEKOM,0,20110124,110805,551,500
MTELEKOM,0,20110124,110805,551,7300
RICHTER,0,20110124,110806,42400,9
RICHTER,0,20110124,110806,42320,5
OTP,0,20110124,110815,5755,350
OTP,0,20110124,110822,5755,55
OTP,0,20110124,110824,5755,200
OTP,0,20110124,110827,5756,104
OTP,0,20110124,110827,5756,533
OTP,0,20110124,110827,5756,106
OTP,0,20110124,110827,5756,163
OTP,0,20110124,110827,5756,166
OTP,0,20110124,110851,5755,183
OTP,0,20110124,110851,5755,107
MOL,0,20110124,110851,22365,10
BUX1112,0,20110124,110903,23705,1
BUX1112,0,20110124,110903,23710,1
MTELEKOM,0,20110124,110904,550,30
OTP,0,20110124,110923,5755,893
OTP,0,20110124,110924,5755,545
MOL,0,20110124,110932,22365,190
MOL,0,20110124,110932,22365,119
RICHTER,0,20110124,110939,42320,240
KEG,0,20110124,110950,130,243
KEG,0,20110124,110950,130,57
OTP,0,20110124,110956,5751,100
OTP,0,20110124,110957,5755,10
OTP,0,20110124,110958,5755,21
MTELEKOM,0,20110124,111021,551,50
MTELEKOM,0,20110124,111021,551,90
ECONET,0,20110124,111022,88,1000
BUX1112,0,20110124,111147,23710,1
BUX1112,0,20110124,111147,23718.5,1
OTP,0,20110124,111201,5755,400
OTP,0,20110124,111201,5755,76
OTP,0,20110124,111202,5755,15
MTELEKOM,0,20110124,111246,551,2560
MTELEKOM,0,20110124,111246,551,1595
OTP,0,20110124,111257,5753,10
OTP,0,20110124,111257,5751,40
SYNERGON,0,20110124,111300,524,90
BUX1112,0,20110124,111322,23719,1
OTP,0,20110124,111327,5753,157
OTP,0,20110124,111327,5753,163
OTP,0,20110124,111327,5753,237
OTP,0,20110124,111328,5753,25
OTP,0,20110124,111329,5753,71
OTP,0,20110124,111330,5753,5
OTP,0,20110124,111353,5753,344
OTP,0,20110124,111353,5753,142
OTP,0,20110124,111353,5753,14
OTP,0,20110124,111354,5753,65
OTP,0,20110124,111355,5753,30
OTP,0,20110124,111406,5753,41
OTP,0,20110124,111406,5753,21
OTP,0,20110124,111407,5753,8
OTP,0,20110124,111408,5753,4
MOL,0,20110124,111414,22365,191
MOL,0,20110124,111414,22365,27
MOL,0,20110124,111414,22365,52
MOL,0,20110124,111414,22365,27
MOL,0,20110124,111414,22365,45
MOL,0,20110124,111414,22365,39
MOL,0,20110124,111414,22365,51
MOL,0,20110124,111414,22365,50
MOL,0,20110124,111414,22365,45
MOL,0,20110124,111414,22365,26
MOL,0,20110124,111414,22400,98
MOL,0,20110124,111414,22400,300
MOL,0,20110124,111416,22400,39
MOL,0,20110124,111416,22400,35
OTP,0,20110124,111418,5751,360
OTP,0,20110124,111418,5751,40
MOL,0,20110124,111435,22400,400
OTP,0,20110124,111445,5751,100
MTELEKOM,0,20110124,111454,552,5400
RICHTER,0,20110124,111520,42310,2
RICHTER,0,20110124,111546,42305,11
