<TICKER>,<PER>,<DTYYYYMMDD>,<TIME>,<CLOSE>,<VOLUME>
BUX1112,0,20110113,090023,23230,2
BUX1112,0,20110113,090023,23230,2
BUX1112,0,20110113,090023,23230,1
BUX1112,0,20110113,090023,23230,1
BUX1112,0,20110113,090023,23230,1
BUX1112,0,20110113,090023,23230,1
BUX1112,0,20110113,090023,23230,1
BUX1112,0,20110113,090023,23230,2
BUX1112,0,20110113,090023,23230,1
BUX1112,0,20110113,090023,23230,2
BUX1112,0,20110113,090023,23230,2
BUX1112,0,20110113,090023,23230,1
BUX1112,0,20110113,090023,23230,2
BUX1112,0,20110113,090023,23230,2
BUX1112,0,20110113,090023,23230,8
BUX1112,0,20110113,090023,23230,2
BUX1112,0,20110113,090023,23230,1
BUX1112,0,20110113,090023,23230,2
BUX1112,0,20110113,090023,23230,1
BUX1112,0,20110113,090023,23230,10
BUX1112,0,20110113,090023,23230,2
BUX1112,0,20110113,090023,23230,2
BUX1112,0,20110113,090023,23230,2
BUX1112,0,20110113,090023,23230,4
BUX1112,0,20110113,090023,23230,1
BUX1112,0,20110113,090023,23230,1
BUX1112,0,20110113,090023,23230,2
BUX1112,0,20110113,090023,23230,15
BUX1112,0,20110113,090023,23230,8
BUX1112,0,20110113,090023,23230,20
BUX1112,0,20110113,090023,23230,10
BUX1112,0,20110113,090023,23230,10
BUX1112,0,20110113,090023,23230,7
ECONET,0,20110113,090058,89,200
ECONET,0,20110113,090058,89,1000
ECONET,0,20110113,090058,89,750
EGIS,0,20110113,090058,21395,6
EGIS,0,20110113,090058,21395,30
EGIS,0,20110113,090058,21395,24
FHB,0,20110113,090058,972,65
FOTEX,0,20110113,090058,382,199
FOTEX,0,20110113,090058,382,1
HUMET,0,20110113,090058,9,700
HUMET,0,20110113,090058,9,1311
MOL,0,20110113,090058,22170,3
MOL,0,20110113,090058,22170,197
MOL,0,20110113,090058,22170,5
MOL,0,20110113,090058,22170,100
MOL,0,20110113,090058,22170,9
MOL,0,20110113,090058,22170,5
MOL,0,20110113,090058,22170,35
MOL,0,20110113,090058,22170,69
MOL,0,20110113,090058,22170,200
MOL,0,20110113,090058,22170,21
MOL,0,20110113,090058,22170,79
MOL,0,20110113,090058,22170,15
MOL,0,20110113,090058,22170,3
MOL,0,20110113,090058,22170,2
MOL,0,20110113,090058,22170,21
MOL,0,20110113,090058,22170,80
MOL,0,20110113,090058,22170,15
MOL,0,20110113,090058,22170,13
MTELEKOM,0,20110113,090058,553,1
MTELEKOM,0,20110113,090058,553,1
MTELEKOM,0,20110113,090058,553,9
MTELEKOM,0,20110113,090058,553,79
MTELEKOM,0,20110113,090058,553,1424
MTELEKOM,0,20110113,090058,553,200
MTELEKOM,0,20110113,090058,553,100
MTELEKOM,0,20110113,090058,553,9
MTELEKOM,0,20110113,090058,553,900
MTELEKOM,0,20110113,090058,553,1000
MTELEKOM,0,20110113,090058,553,1000
MTELEKOM,0,20110113,090058,553,1747
MTELEKOM,0,20110113,090058,553,233
MTELEKOM,0,20110113,090058,553,20
OTP,0,20110113,090058,5370,26
OTP,0,20110113,090058,5370,120
OTP,0,20110113,090058,5370,20
OTP,0,20110113,090058,5370,10
OTP,0,20110113,090058,5370,3
OTP,0,20110113,090058,5370,12
OTP,0,20110113,090058,5370,40
OTP,0,20110113,090058,5370,375
OTP,0,20110113,090058,5370,3
OTP,0,20110113,090058,5370,10
OTP,0,20110113,090058,5370,60
OTP,0,20110113,090058,5370,5
OTP,0,20110113,090058,5370,60
OTP,0,20110113,090058,5370,20
OTP,0,20110113,090058,5370,2000
OTP,0,20110113,090058,5370,33
OTP,0,20110113,090058,5370,2587
OTP,0,20110113,090058,5370,1200
OTP,0,20110113,090058,5370,300
OTP,0,20110113,090058,5370,16
OTP,0,20110113,090058,5370,10
OTP,0,20110113,090058,5370,492
OTP,0,20110113,090058,5370,124
OTP,0,20110113,090058,5370,30
OTP,0,20110113,090058,5370,50
OTP,0,20110113,090058,5370,150
OTP,0,20110113,090058,5370,900
OTP,0,20110113,090058,5370,200
OTP,0,20110113,090058,5370,300
OTP,0,20110113,090058,5370,300
OTP,0,20110113,090058,5370,100
OTP,0,20110113,090058,5370,475
OTP,0,20110113,090058,5370,200
OTP,0,20110113,090058,5370,165
OTP,0,20110113,090058,5370,600
OTP,0,20110113,090058,5370,16
OTP,0,20110113,090058,5370,320
OTP,0,20110113,090058,5370,100
OTP,0,20110113,090058,5370,30
OTP,0,20110113,090058,5370,250
OTP,0,20110113,090058,5370,250
OTP,0,20110113,090058,5370,835
PANNERGY,0,20110113,090058,927,300
PANNERGY,0,20110113,090058,927,100
PANNERGY,0,20110113,090058,927,300
PANNERGY,0,20110113,090058,927,300
PHYLAXIA,0,20110113,090058,45,1
PHYLAXIA,0,20110113,090058,45,223
RICHTER,0,20110113,090058,43395,3
RICHTER,0,20110113,090058,43395,1
RICHTER,0,20110113,090058,43395,11
RICHTER,0,20110113,090058,43395,35
RICHTER,0,20110113,090058,43395,2
RICHTER,0,20110113,090058,43395,5
RICHTER,0,20110113,090058,43395,20
RICHTER,0,20110113,090058,43395,26
RICHTER,0,20110113,090058,43395,15
RICHTER,0,20110113,090058,43395,1
SYNERGON,0,20110113,090058,488,100
ZWACK,0,20110113,090058,12800,1
ZWACK,0,20110113,090058,12800,6
EGIS,0,20110113,090200,21395,100
BUX1112,0,20110113,090200,23230,1
BUX1112,0,20110113,090200,23230,10
BUX1112,0,20110113,090200,23230,2
BUX1112,0,20110113,090200,23231,1
BUX1112,0,20110113,090200,23235,2
BUX1112,0,20110113,090200,23239,1
BUX1112,0,20110113,090200,23240,1
BUX1112,0,20110113,090200,23240,1
BUX1112,0,20110113,090200,23240,2
PANNERGY,0,20110113,090201,927,430
BUX1112,0,20110113,090202,23230,10
MOL,0,20110113,090207,22170,2
ETFBUXOTP,0,20110113,090207,930,500
EGIS,0,20110113,090208,21200,1
MTELEKOM,0,20110113,090208,553,108
OTP,0,20110113,090208,5361,27
MOL,0,20110113,090208,22170,2
MOL,0,20110113,090208,22170,5
RICHTER,0,20110113,090208,43300,2
BUX1112,0,20110113,090208,23230,1
BUX1112,0,20110113,090208,23230,4
HUMET,0,20110113,090211,9,2
BUX1112,0,20110113,090211,23230,20
BUX1112,0,20110113,090211,23230,1
MOL,0,20110113,090213,22170,3
BUX1112,0,20110113,090215,23222,5
OTP,0,20110113,090217,5375,19
OTP,0,20110113,090217,5375,45
OTP,0,20110113,090217,5379,100
OTP,0,20110113,090217,5380,225
OTP,0,20110113,090217,5380,11
OTP,0,20110113,090219,5380,9
OTP,0,20110113,090219,5380,1
BUX1112,0,20110113,090220,23230,2
BUX1112,0,20110113,090220,23230,4
OTP,0,20110113,090223,5380,310
KEG,0,20110113,090223,137,4400
OTP,0,20110113,090229,5384,15
BUX1112,0,20110113,090229,23230,4
BUX1112,0,20110113,090229,23240,3
BUX1112,0,20110113,090229,23240,1
BUX1112,0,20110113,090229,23240,2
BUX1112,0,20110113,090229,23240,3
GENESIS,0,20110113,090229,206,1
GENESIS,0,20110113,090229,204,100
GENESIS,0,20110113,090229,204,899
OTP,0,20110113,090230,5380,17
OTP,0,20110113,090232,5385,25
BUX1112,0,20110113,090238,23222,3
BUX1112,0,20110113,090238,23217,1
BUX1112,0,20110113,090238,23210,4
RICHTER,0,20110113,090240,43395,58
RICHTER,0,20110113,090240,43395,9
GENESIS,0,20110113,090240,204,101
OTP,0,20110113,090242,5380,12
OTP,0,20110113,090248,5385,15
OTP,0,20110113,090248,5385,61
OTP,0,20110113,090248,5391,134
OTP,0,20110113,090254,5391,10
MOL,0,20110113,090301,22170,15
RICHTER,0,20110113,090301,43305,37
BUX1112,0,20110113,090301,23220,1
OTP,0,20110113,090301,5389,100
MTELEKOM,0,20110113,090302,554,11
OTP,0,20110113,090302,5389,4
RICHTER,0,20110113,090303,43305,19
RICHTER,0,20110113,090303,43305,11
OTP,0,20110113,090306,5389,770
MTELEKOM,0,20110113,090306,554,109
MTELEKOM,0,20110113,090306,554,1260
MOL,0,20110113,090306,22200,20
MOL,0,20110113,090306,22200,150
MOL,0,20110113,090306,22200,5
MOL,0,20110113,090306,22200,5
MTELEKOM,0,20110113,090306,554,108
OTP,0,20110113,090309,5386,10
OTP,0,20110113,090313,5389,40
RICHTER,0,20110113,090315,43400,14
RICHTER,0,20110113,090315,43400,5
RICHTER,0,20110113,090315,43400,5
RICHTER,0,20110113,090315,43400,5
RICHTER,0,20110113,090315,43400,21
BUX1112,0,20110113,090323,23220,2
BUX1112,0,20110113,090323,23228,1
BUX1112,0,20110113,090323,23230,2
PANNERGY,0,20110113,090325,925,10
MOL,0,20110113,090329,22200,15
MOL,0,20110113,090329,22200,100
MOL,0,20110113,090329,22200,15
MOL,0,20110113,090335,22265,5
BUX1112,0,20110113,090337,23210,3
OTP,0,20110113,090338,5389,1086
OTP,0,20110113,090338,5389,2000
OTP,0,20110113,090338,5389,1000
OTP,0,20110113,090338,5390,300
OTP,0,20110113,090338,5391,1856
OTP,0,20110113,090338,5392,100
OTP,0,20110113,090338,5395,110
OTP,0,20110113,090338,5395,200
OTP,0,20110113,090338,5395,140
OTP,0,20110113,090338,5397,300
OTP,0,20110113,090338,5397,100
OTP,0,20110113,090338,5397,250
OTP,0,20110113,090338,5397,590
OTP,0,20110113,090338,5397,2327
OTP,0,20110113,090338,5398,13
OTP,0,20110113,090338,5398,2000
OTP,0,20110113,090338,5398,2327
OTP,0,20110113,090338,5398,50
OTP,0,20110113,090338,5399,10
OTP,0,20110113,090338,5399,20
OTP,0,20110113,090338,5399,25
OTP,0,20110113,090338,5399,24
OTP,0,20110113,090338,5399,2000
OTP,0,20110113,090338,5399,35
OTP,0,20110113,090338,5399,2327
OTP,0,20110113,090338,5400,140
OTP,0,20110113,090338,5400,99
OTP,0,20110113,090338,5400,195
OTP,0,20110113,090338,5400,7
OTP,0,20110113,090338,5400,165
OTP,0,20110113,090338,5400,204
OTP,0,20110113,090338,5400,300
BUX1112,0,20110113,090338,23210,2
BUX1112,0,20110113,090338,23230,3
BUX1112,0,20110113,090341,23210,1
BUX1112,0,20110113,090341,23230,2
MOL,0,20110113,090344,22200,12
MOL,0,20110113,090344,22170,32
MOL,0,20110113,090344,22170,6
FHB,0,20110113,090349,970,500
PANNERGY,0,20110113,090356,925,890
OTP,0,20110113,090357,5400,185
OTP,0,20110113,090400,5400,491
OTP,0,20110113,090400,5400,620
OTP,0,20110113,090400,5400,500
OTP,0,20110113,090400,5400,1700
OTP,0,20110113,090400,5400,300
OTP,0,20110113,090400,5400,150
OTP,0,20110113,090400,5400,100
OTP,0,20110113,090400,5400,100
OTP,0,20110113,090400,5400,160
OTP,0,20110113,090400,5400,879
MOL,0,20110113,090400,22200,100
BUX1112,0,20110113,090405,23239,2
BUX1112,0,20110113,090405,23240,1
OTP,0,20110113,090407,5399,10
OTP,0,20110113,090407,5400,48
OTP,0,20110113,090407,5400,72
OTP,0,20110113,090407,5400,12
OTP,0,20110113,090407,5400,50
OTP,0,20110113,090407,5400,50
OTP,0,20110113,090407,5400,600
OTP,0,20110113,090407,5400,4
OTP,0,20110113,090407,5400,100
OTP,0,20110113,090407,5400,250
OTP,0,20110113,090407,5400,100
OTP,0,20110113,090407,5400,50
OTP,0,20110113,090407,5400,105
OTP,0,20110113,090407,5400,49
OTP,0,20110113,090408,5400,51
OTP,0,20110113,090408,5400,949
OTP,0,20110113,090409,5400,2000
OTP,0,20110113,090410,5400,100
OTP,0,20110113,090410,5399,13
OTP,0,20110113,090410,5400,237
OTP,0,20110113,090411,5389,1001
OTP,0,20110113,090419,5400,200
OTP,0,20110113,090429,5400,130
OTP,0,20110113,090433,5399,100
OTP,0,20110113,090433,5400,6384
OTP,0,20110113,090433,5400,5000
OTP,0,20110113,090433,5400,5000
OTP,0,20110113,090433,5400,50
OTP,0,20110113,090433,5400,50
OTP,0,20110113,090433,5400,100
PANNERGY,0,20110113,090437,925,50
OTP,0,20110113,090438,5399,1000
OTP,0,20110113,090440,5400,450
OTP,0,20110113,090440,5402,200
OTP,0,20110113,090441,5404,50
OTP,0,20110113,090444,5404,100
OTP,0,20110113,090444,5404,100
OTP,0,20110113,090446,5405,30
OTP,0,20110113,090447,5405,70
OTP,0,20110113,090447,5406,1756
OTP,0,20110113,090450,5407,98
OTP,0,20110113,090450,5408,100
OTP,0,20110113,090450,5409,30
MTELEKOM,0,20110113,090454,553,272
MTELEKOM,0,20110113,090454,553,1468
OTP,0,20110113,090456,5410,318
OTP,0,20110113,090456,5410,191
OTP,0,20110113,090456,5410,150
OTP,0,20110113,090456,5410,17
OTP,0,20110113,090456,5410,40
OTP,0,20110113,090456,5410,20
OTP,0,20110113,090456,5410,50
OTP,0,20110113,090456,5410,4
OTP,0,20110113,090459,5409,4
OTP,0,20110113,090500,5410,56
OTP,0,20110113,090500,5410,100
OTP,0,20110113,090500,5410,250
OTP,0,20110113,090500,5410,94
OTP,0,20110113,090500,5410,906
OTP,0,20110113,090500,5413,22
OTP,0,20110113,090500,5415,25
OTP,0,20110113,090500,5415,6
OTP,0,20110113,090500,5415,55
OTP,0,20110113,090500,5415,25
OTP,0,20110113,090500,5415,195
OTP,0,20110113,090500,5417,80
OTP,0,20110113,090500,5418,11
OTP,0,20110113,090500,5418,20
OTP,0,20110113,090500,5418,100
OTP,0,20110113,090500,5418,100
OTP,0,20110113,090501,5419,25
OTP,0,20110113,090501,5418,200
HUMET,0,20110113,090502,9,10000
OTP,0,20110113,090502,5418,50
OTP,0,20110113,090505,5418,3205
MOL,0,20110113,090506,22200,10
OTP,0,20110113,090507,5410,100
OTP,0,20110113,090513,5419,535
OTP,0,20110113,090513,5419,100
OTP,0,20110113,090513,5419,25
OTP,0,20110113,090513,5419,250
OTP,0,20110113,090513,5419,100
OTP,0,20110113,090513,5420,25
OTP,0,20110113,090513,5420,115
OTP,0,20110113,090513,5420,5595
OTP,0,20110113,090513,5420,1100
OTP,0,20110113,090513,5420,50
OTP,0,20110113,090513,5420,100
OTP,0,20110113,090513,5420,175
OTP,0,20110113,090513,5420,33
OTP,0,20110113,090513,5420,500
OTP,0,20110113,090513,5420,500
OTP,0,20110113,090513,5420,100
OTP,0,20110113,090513,5420,150
OTP,0,20110113,090513,5420,14
OTP,0,20110113,090513,5420,300
OTP,0,20110113,090513,5420,30
OTP,0,20110113,090513,5420,200
OTP,0,20110113,090513,5420,150
OTP,0,20110113,090513,5420,100
OTP,0,20110113,090513,5420,400
OTP,0,20110113,090513,5420,200
OTP,0,20110113,090513,5420,19
OTP,0,20110113,090513,5422,100
OTP,0,20110113,090513,5423,500
OTP,0,20110113,090513,5423,140
BUX1112,0,20110113,090514,23243,10
BUX1112,0,20110113,090514,23245,18
OTP,0,20110113,090515,5423,1000
OTP,0,20110113,090517,5423,150
OTP,0,20110113,090517,5423,250
OTP,0,20110113,090517,5423,1994
OTP,0,20110113,090521,5420,20
OTP,0,20110113,090525,5420,363
OTP,0,20110113,090532,5410,60
OTP,0,20110113,090532,5410,50
OTP,0,20110113,090532,5410,40
OTP,0,20110113,090532,5410,20
OTP,0,20110113,090532,5410,48
OTP,0,20110113,090532,5410,53
OTP,0,20110113,090532,5420,412
OTP,0,20110113,090532,5420,15
OTP,0,20110113,090532,5420,213
MOL,0,20110113,090535,22180,10
MOL,0,20110113,090535,22180,38
MOL,0,20110113,090535,22175,22
OTP,0,20110113,090537,5420,1000
MTELEKOM,0,20110113,090538,553,200
OTP,0,20110113,090545,5420,50
OTP,0,20110113,090548,5420,10
BUX1112,0,20110113,090551,23244,5
BUX1112,0,20110113,090551,23245,3
BUX1112,0,20110113,090551,23223.5,1
OTP,0,20110113,090609,5419,250
OTP,0,20110113,090619,5420,140
MTELEKOM,0,20110113,090619,554,632
MTELEKOM,0,20110113,090619,554,52
MTELEKOM,0,20110113,090620,554,948
MTELEKOM,0,20110113,090620,554,52
RICHTER,0,20110113,090621,43400,56
BUX1112,0,20110113,090627,23223,4
OTP,0,20110113,090628,5412,300
OTP,0,20110113,090628,5412,84
OTP,0,20110113,090628,5411,900
OTP,0,20110113,090628,5411,400
OTP,0,20110113,090628,5410,169
OTP,0,20110113,090628,5410,3000
OTP,0,20110113,090628,5410,147
BUX1112,0,20110113,090628,23223,1
BUX1112,0,20110113,090628,23215.5,1
OTP,0,20110113,090633,5419,200
OTP,0,20110113,090633,5419,100
OTP,0,20110113,090633,5420,863
OTP,0,20110113,090633,5420,100
OTP,0,20110113,090633,5420,25
OTP,0,20110113,090633,5420,200
OTP,0,20110113,090633,5420,100
OTP,0,20110113,090633,5420,300
OTP,0,20110113,090633,5420,200
OTP,0,20110113,090633,5420,184
OTP,0,20110113,090635,5415,380
OTP,0,20110113,090635,5410,170
OTP,0,20110113,090637,5410,200
OTP,0,20110113,090638,5410,683
OTP,0,20110113,090638,5409,317
OTP,0,20110113,090638,5409,20
MOL,0,20110113,090639,22200,16
OTP,0,20110113,090639,5420,66
MOL,0,20110113,090641,22200,92
OTP,0,20110113,090642,5420,6
OTP,0,20110113,090642,5420,100
OTP,0,20110113,090643,5420,12
OTP,0,20110113,090650,5419,173
EGIS,0,20110113,090653,21390,5
EGIS,0,20110113,090653,21390,20
EGIS,0,20110113,090653,21395,126
EGIS,0,20110113,090653,21400,5
EGIS,0,20110113,090653,21400,5
EGIS,0,20110113,090653,21400,18
OTP,0,20110113,090655,5419,67
BUX1112,0,20110113,090706,23230,50
OTP,0,20110113,090712,5410,185
OTP,0,20110113,090712,5410,30
OTP,0,20110113,090712,5409,785
BUX1112,0,20110113,090726,23219,7
BUX1112,0,20110113,090726,23215.5,1
MOL,0,20110113,090728,22200,100
MOL,0,20110113,090735,22200,100
OTP,0,20110113,090736,5409,730
OTP,0,20110113,090741,5405,3000
OTP,0,20110113,090754,5405,1000
OTP,0,20110113,090754,5404,1000
BUX1112,0,20110113,090756,23225,5
MOL,0,20110113,090759,22190,5
MOL,0,20110113,090759,22180,68
OTP,0,20110113,090800,5409,270
OTP,0,20110113,090800,5409,30
MTELEKOM,0,20110113,090801,554,6
MTELEKOM,0,20110113,090803,553,3332
MTELEKOM,0,20110113,090803,553,447
MTELEKOM,0,20110113,090803,553,1500
BUX1112,0,20110113,090803,23216,5
BUX1112,0,20110113,090803,23215.5,3
BUX1112,0,20110113,090803,23215,2
RICHTER,0,20110113,090803,43330,5
RICHTER,0,20110113,090803,43330,5
OTP,0,20110113,090803,5410,19
RICHTER,0,20110113,090805,43320,9
OTP,0,20110113,090806,5409,15
RICHTER,0,20110113,090810,43320,11
RICHTER,0,20110113,090812,43300,1
RICHTER,0,20110113,090812,43300,8
OTP,0,20110113,090813,5409,185
OTP,0,20110113,090813,5404,450
OTP,0,20110113,090813,5401,300
OTP,0,20110113,090813,5401,65
OTP,0,20110113,090813,5401,435
OTP,0,20110113,090813,5400,500
OTP,0,20110113,090813,5400,50
OTP,0,20110113,090813,5400,16
OTP,0,20110113,090813,5400,15
OTP,0,20110113,090813,5400,14
OTP,0,20110113,090813,5400,36
RICHTER,0,20110113,090814,43320,16
MOL,0,20110113,090820,22200,50
MTELEKOM,0,20110113,090823,552,1000
BUX1112,0,20110113,090825,23201,1
PANNERGY,0,20110113,090826,920,200
OTP,0,20110113,090838,5401,20
BUX1112,0,20110113,090845,23201,1
BUX1112,0,20110113,090845,23201,1
BUX1112,0,20110113,090845,23200,8
BUX1112,0,20110113,090845,23200,1
MTELEKOM,0,20110113,090845,552,200
MOL,0,20110113,090848,22180,75
MOL,0,20110113,090854,22180,117
MOL,0,20110113,090854,22180,5
BUX1112,0,20110113,090858,23200,1
BUX1112,0,20110113,090858,23200,9
OTP,0,20110113,090858,5409,20
MOL,0,20110113,090902,22180,5
OTP,0,20110113,090904,5401,158
BUX1112,0,20110113,090909,23200,11
BUX1112,0,20110113,090909,23200,1
OTP,0,20110113,090914,5409,170
OTP,0,20110113,090914,5409,219
BUX1112,0,20110113,090916,23200,1
PANNERGY,0,20110113,090927,920,270
PANNERGY,0,20110113,090927,920,80
OTP,0,20110113,090929,5401,50
MTELEKOM,0,20110113,090934,553,1000
MTELEKOM,0,20110113,090934,553,632
EGIS,0,20110113,090942,21400,2
MOL,0,20110113,090946,22200,10
RICHTER,0,20110113,090946,43470,1
OTP,0,20110113,090951,5402,20
BUX1112,0,20110113,090959,23200,1
BUX1112,0,20110113,090959,23200,2
OTP,0,20110113,091002,5402,5
OTP,0,20110113,091010,5402,5
OTP,0,20110113,091010,5401,572
OTP,0,20110113,091010,5400,64
OTP,0,20110113,091010,5400,250
OTP,0,20110113,091010,5400,121
MOL,0,20110113,091015,22200,7
MOL,0,20110113,091015,22200,8
MOL,0,20110113,091019,22200,106
PANNERGY,0,20110113,091021,920,190
PANNERGY,0,20110113,091025,920,230
OTP,0,20110113,091026,5400,145
OTP,0,20110113,091026,5400,200
OTP,0,20110113,091030,5400,34
OTP,0,20110113,091030,5400,500
OTP,0,20110113,091030,5400,150
RICHTER,0,20110113,091035,43500,3
RICHTER,0,20110113,091035,43500,8
MOL,0,20110113,091036,22200,10
MOL,0,20110113,091059,22200,76
MOL,0,20110113,091059,22200,100
MOL,0,20110113,091059,22200,200
MOL,0,20110113,091059,22200,78
MOL,0,20110113,091059,22245,20
MOL,0,20110113,091059,22250,100
MOL,0,20110113,091059,22250,50
FHB,0,20110113,091110,967,50
OTP,0,20110113,091117,5395,100
OTP,0,20110113,091117,5400,316
OTP,0,20110113,091117,5400,84
BUX1112,0,20110113,091119,23200,1
OTP,0,20110113,091122,5393,10
OTP,0,20110113,091123,5393,21
MOL,0,20110113,091130,22250,1000
OTP,0,20110113,091138,5393,150
OTP,0,20110113,091139,5395,900
OTP,0,20110113,091139,5398,1000
OTP,0,20110113,091139,5400,197
OTP,0,20110113,091139,5400,500
OTP,0,20110113,091139,5400,10000
OTP,0,20110113,091139,5400,347
OTP,0,20110113,091141,5400,20
MOL,0,20110113,091141,22250,100
MOL,0,20110113,091143,22250,130
OTP,0,20110113,091147,5400,1000
OTP,0,20110113,091147,5400,1000
OTP,0,20110113,091150,5400,13
BUX1112,0,20110113,091151,23200,1
OTP,0,20110113,091153,5400,23
OTP,0,20110113,091153,5400,977
MOL,0,20110113,091154,22250,5
MOL,0,20110113,091155,22250,24
OTP,0,20110113,091157,5400,20
OTP,0,20110113,091159,5404,31
OTP,0,20110113,091159,5405,200
OTP,0,20110113,091159,5405,10
OTP,0,20110113,091159,5408,14
OTP,0,20110113,091159,5410,16
OTP,0,20110113,091159,5410,9
OTP,0,20110113,091205,5410,41
OTP,0,20110113,091205,5410,1000
OTP,0,20110113,091205,5410,200
OTP,0,20110113,091205,5410,110
OTP,0,20110113,091205,5410,390
OTP,0,20110113,091205,5410,50
RICHTER,0,20110113,091207,43500,10
MOL,0,20110113,091209,22250,19
MOL,0,20110113,091209,22250,98
MTELEKOM,0,20110113,091210,552,500
BUX1112,0,20110113,091213,23200,5
MTELEKOM,0,20110113,091213,552,4300
RICHTER,0,20110113,091214,43470,11
MTELEKOM,0,20110113,091214,552,500
MTELEKOM,0,20110113,091214,553,454
MTELEKOM,0,20110113,091215,553,332
OTP,0,20110113,091219,5411,100
MOL,0,20110113,091219,22250,2
BUX1112,0,20110113,091220,23200,15
OTP,0,20110113,091221,5408,600
OTP,0,20110113,091221,5408,145
OTP,0,20110113,091221,5401,249
OTP,0,20110113,091222,5411,200
MTELEKOM,0,20110113,091226,552,100
MTELEKOM,0,20110113,091226,551,111
MTELEKOM,0,20110113,091226,550,20
MTELEKOM,0,20110113,091226,550,1000
MTELEKOM,0,20110113,091226,550,2000
MTELEKOM,0,20110113,091226,550,200
MTELEKOM,0,20110113,091226,550,1000
MTELEKOM,0,20110113,091226,550,4000
OTP,0,20110113,091230,5408,90
MTELEKOM,0,20110113,091233,550,1000
MTELEKOM,0,20110113,091243,550,10000
MOL,0,20110113,091244,22250,250
OTP,0,20110113,091245,5408,400
OTP,0,20110113,091248,5408,10
MTELEKOM,0,20110113,091249,550,1255
MTELEKOM,0,20110113,091254,550,1587
BUX1112,0,20110113,091256,23200,1
BUX1112,0,20110113,091259,23200,4
BUX1112,0,20110113,091259,23200,5
BUX1112,0,20110113,091259,23200,1
OTP,0,20110113,091302,5401,50
MOL,0,20110113,091303,22250,3
BUX1112,0,20110113,091303,23200,4
RICHTER,0,20110113,091303,43470,12
RICHTER,0,20110113,091303,43470,7
RICHTER,0,20110113,091306,43470,3
MTELEKOM,0,20110113,091306,550,7
OTP,0,20110113,091307,5405,8170
MOL,0,20110113,091310,22250,40
RICHTER,0,20110113,091310,43470,5
RICHTER,0,20110113,091317,43340,11
PANNERGY,0,20110113,091320,920,50
PANNERGY,0,20110113,091320,922,50
BUX1112,0,20110113,091326,23200,1
OTP,0,20110113,091327,5401,50
MOL,0,20110113,091328,22250,10
MOL,0,20110113,091328,22250,100
MOL,0,20110113,091338,22260,50
OTP,0,20110113,091341,5405,34
OTP,0,20110113,091348,5405,21
MOL,0,20110113,091350,22270,1
OTP,0,20110113,091351,5405,280
OTP,0,20110113,091351,5405,1665
OTP,0,20110113,091351,5401,21
OTP,0,20110113,091351,5400,3
MOL,0,20110113,091352,22270,106
MOL,0,20110113,091352,22260,40
KARPOT,0,20110113,091357,422,25
OTP,0,20110113,091405,5400,100
BUX1112,0,20110113,091406,23200,7
OTP,0,20110113,091411,5400,211
OTP,0,20110113,091411,5400,1789
OTP,0,20110113,091417,5400,25
MTELEKOM,0,20110113,091422,550,500
MTELEKOM,0,20110113,091427,550,2220
MOL,0,20110113,091429,22245,20
BUX1112,0,20110113,091432,23200,4
OTP,0,20110113,091436,5400,185
BUX1112,0,20110113,091438,23200,30
BUX1112,0,20110113,091506,23200,2
OTP,0,20110113,091506,5395,100
OTP,0,20110113,091511,5393,100
BUX1112,0,20110113,091514,23200,4
BUX1112,0,20110113,091521,23186,1
BUX1112,0,20110113,091521,23181,1
BUX1112,0,20110113,091521,23180.5,3
OTP,0,20110113,091524,5400,1
OTP,0,20110113,091524,5400,389
OTP,0,20110113,091526,5393,100
OTP,0,20110113,091541,5393,60
MOL,0,20110113,091542,22200,10
OTP,0,20110113,091549,5393,100
OTP,0,20110113,091554,5393,100
BUX1112,0,20110113,091601,23195,1
BUX1112,0,20110113,091601,23200,1
MTELEKOM,0,20110113,091604,552,1586
OTP,0,20110113,091623,5393,359
OTP,0,20110113,091623,5390,48
OTP,0,20110113,091623,5390,150
OTP,0,20110113,091623,5390,50
OTP,0,20110113,091623,5390,800
OTP,0,20110113,091623,5390,1000
OTP,0,20110113,091623,5390,550
OTP,0,20110113,091623,5390,654
MOL,0,20110113,091623,22200,490
MOL,0,20110113,091623,22200,1
MOL,0,20110113,091623,22200,87
OTP,0,20110113,091623,5390,12
BUX1112,0,20110113,091642,23190,1
BUX1112,0,20110113,091642,23180.5,1
BUX1112,0,20110113,091645,23200,2
OTP,0,20110113,091646,5390,34
OTP,0,20110113,091646,5390,110
OTP,0,20110113,091646,5390,56
MOL,0,20110113,091659,22190,45
MOL,0,20110113,091659,22190,100
MOL,0,20110113,091703,22185,55
OTP,0,20110113,091704,5390,10
ECONET,0,20110113,091705,89,250
ECONET,0,20110113,091705,89,750
MOL,0,20110113,091724,22190,106
OTP,0,20110113,091725,5390,35
BUX1112,0,20110113,091729,23200,2
BUX1112,0,20110113,091729,23200,1
BUX1112,0,20110113,091729,23200,1
BUX1112,0,20110113,091734,23200,1
OTP,0,20110113,091736,5390,100
OTP,0,20110113,091737,5395,80
OTP,0,20110113,091744,5395,400
BUX1112,0,20110113,091801,23180.5,1
OTP,0,20110113,091801,5395,37
RICHTER,0,20110113,091803,43400,9
RICHTER,0,20110113,091803,43400,10
MTELEKOM,0,20110113,091806,552,7
RICHTER,0,20110113,091810,43400,4
RICHTER,0,20110113,091813,43490,1
MOL,0,20110113,091815,22190,14
MOL,0,20110113,091815,22200,186
OTP,0,20110113,091815,5395,120
OTP,0,20110113,091816,5392,113
RICHTER,0,20110113,091817,43350,3
OTP,0,20110113,091826,5392,287
OTP,0,20110113,091826,5390,299
OTP,0,20110113,091826,5390,230
RICHTER,0,20110113,091827,43345,1
OTP,0,20110113,091829,5390,770
OTP,0,20110113,091829,5390,60
OTP,0,20110113,091829,5395,329
BUX1112,0,20110113,091834,23180,5
OTP,0,20110113,091842,5389,1400
OTP,0,20110113,091842,5386,600
OTP,0,20110113,091842,5386,100
OTP,0,20110113,091842,5385,900
OTP,0,20110113,091842,5385,400
OTP,0,20110113,091854,5387,5
MOL,0,20110113,091913,22175,8
MOL,0,20110113,091913,22170,100
MOL,0,20110113,091913,22155,10
MOL,0,20110113,091913,22150,3
BUX1112,0,20110113,091915,23176,1
BUX1112,0,20110113,091915,23170,4
MOL,0,20110113,091917,22135,4
BUX1112,0,20110113,091917,23180,2
MOL,0,20110113,091919,22170,78
MOL,0,20110113,091919,22130,100
MTELEKOM,0,20110113,091919,551,1146
OTP,0,20110113,091923,5386,150
OTP,0,20110113,091925,5386,50
OTP,0,20110113,091925,5387,150
MOL,0,20110113,091926,22105,10
MOL,0,20110113,091926,22100,2
MOL,0,20110113,091926,22100,3
MOL,0,20110113,091930,22100,25
MOL,0,20110113,091930,22100,36
MOL,0,20110113,091930,22100,5
MOL,0,20110113,091936,22040,5
BUX1112,0,20110113,091940,23163,1
OTP,0,20110113,091943,5385,440
OTP,0,20110113,091944,5385,20
BUX1112,0,20110113,091947,23161.5,2
BUX1112,0,20110113,091947,23161,5
BUX1112,0,20110113,091947,23160,1
BUX1112,0,20110113,091947,23155,4
BUX1112,0,20110113,091947,23151,1
BUX1112,0,20110113,091947,23151,6
BUX1112,0,20110113,091947,23150,1
BUX1112,0,20110113,091947,23150,1
OTP,0,20110113,091949,5385,1240
OTP,0,20110113,091949,5381,100
OTP,0,20110113,091949,5381,330
OTP,0,20110113,091949,5381,30
OTP,0,20110113,091949,5380,361
OTP,0,20110113,091949,5380,100
OTP,0,20110113,091949,5380,2000
PANNERGY,0,20110113,091950,918,100
OTP,0,20110113,091955,5380,839
OTP,0,20110113,091955,5380,10
RICHTER,0,20110113,091956,43345,2
RICHTER,0,20110113,091956,43325,56
RICHTER,0,20110113,091956,43320,16
RICHTER,0,20110113,091956,43300,14
RICHTER,0,20110113,091956,43300,12
PANNERGY,0,20110113,091957,920,55
KEG,0,20110113,092006,136,1
MTELEKOM,0,20110113,092011,550,780
MTELEKOM,0,20110113,092011,550,1800
MOL,0,20110113,092012,22040,15
MOL,0,20110113,092012,22040,50
MOL,0,20110113,092012,22040,35
OTP,0,20110113,092013,5385,50
BUX1112,0,20110113,092016,23150,5
OTP,0,20110113,092020,5387,145
OTP,0,20110113,092020,5390,100
MOL,0,20110113,092022,22040,128
OTP,0,20110113,092022,5390,100
OTP,0,20110113,092022,5390,170
BUX1112,0,20110113,092025,23151,1
BUX1112,0,20110113,092026,23150,2
BUX1112,0,20110113,092026,23150,1
BUX1112,0,20110113,092026,23150,5
BUX1112,0,20110113,092032,23141,1
OTP,0,20110113,092038,5390,49
MOL,0,20110113,092038,22040,5
OTP,0,20110113,092039,5390,100
OTP,0,20110113,092039,5392,200
OTP,0,20110113,092039,5395,34
OTP,0,20110113,092039,5395,200
OTP,0,20110113,092039,5395,300
OTP,0,20110113,092039,5398,266
MOL,0,20110113,092045,22040,32
MOL,0,20110113,092045,22040,8
OTP,0,20110113,092058,5397,400
OTP,0,20110113,092058,5398,234
OTP,0,20110113,092058,5399,60
OTP,0,20110113,092058,5399,400
OTP,0,20110113,092058,5399,500
OTP,0,20110113,092058,5399,600
OTP,0,20110113,092058,5399,200
OTP,0,20110113,092058,5399,467
MOL,0,20110113,092059,22100,70
OTP,0,20110113,092100,5390,336
OTP,0,20110113,092100,5390,1000
BUX1112,0,20110113,092104,23150,12
GENESIS,0,20110113,092106,202,300
GENESIS,0,20110113,092106,202,300
GENESIS,0,20110113,092106,202,300
GENESIS,0,20110113,092106,201,300
GENESIS,0,20110113,092106,200,300
BUX1112,0,20110113,092109,23139,1
BUX1112,0,20110113,092109,23138,5
BUX1112,0,20110113,092109,23137,2
BUX1112,0,20110113,092109,23125.5,2
BUX1112,0,20110113,092109,23125,1
MOL,0,20110113,092109,22125,37
BUX1112,0,20110113,092110,23150,8
BUX1112,0,20110113,092110,23151,4
OTP,0,20110113,092113,5390,510
OTP,0,20110113,092117,5385,50
GENESIS,0,20110113,092131,207,30
OTP,0,20110113,092134,5390,390
MOL,0,20110113,092140,22045,70
MOL,0,20110113,092140,22040,92
MOL,0,20110113,092140,22040,30
MOL,0,20110113,092140,22035,20
MOL,0,20110113,092140,22030,673
MOL,0,20110113,092140,22005,115
MOL,0,20110113,092143,22005,85
MOL,0,20110113,092143,22005,350
MOL,0,20110113,092143,22005,30
MOL,0,20110113,092143,22005,10
RABA,0,20110113,092144,831,100
RICHTER,0,20110113,092144,43305,10
RICHTER,0,20110113,092144,43305,16
MOL,0,20110113,092146,22010,129
OTP,0,20110113,092223,5385,51
OTP,0,20110113,092223,5381,465
BUX1112,0,20110113,092223,23150,5
RICHTER,0,20110113,092225,43300,58
ECONET,0,20110113,092230,89,7250
ECONET,0,20110113,092230,89,1000
ECONET,0,20110113,092230,89,1450
MTELEKOM,0,20110113,092234,550,441
MTELEKOM,0,20110113,092235,550,304
OTP,0,20110113,092240,5381,500
OTP,0,20110113,092243,5381,35
OTP,0,20110113,092243,5381,65
HUMET,0,20110113,092255,9,1778
OTP,0,20110113,092258,5381,40
OTP,0,20110113,092301,5381,95
OTP,0,20110113,092301,5381,50
OTP,0,20110113,092301,5380,55
OTP,0,20110113,092303,5380,15
MTELEKOM,0,20110113,092306,550,6
RICHTER,0,20110113,092308,43250,2
RICHTER,0,20110113,092310,43205,10
GENESIS,0,20110113,092310,200,200
GENESIS,0,20110113,092310,200,800
OTP,0,20110113,092315,5380,30
RICHTER,0,20110113,092317,43200,17
RICHTER,0,20110113,092317,43200,24
RABA,0,20110113,092319,831,50
RABA,0,20110113,092319,831,50
RICHTER,0,20110113,092320,43200,4
MOL,0,20110113,092324,22090,40
BUX1112,0,20110113,092324,23149,2
BUX1112,0,20110113,092324,23150,3
BUX1112,0,20110113,092324,23150,10
BUX1112,0,20110113,092325,23125,2
OTP,0,20110113,092326,5380,20
OTP,0,20110113,092337,5380,20
OTP,0,20110113,092340,5380,400
OTP,0,20110113,092341,5380,80
OTP,0,20110113,092347,5376,1
OTP,0,20110113,092348,5377,10
MOL,0,20110113,092355,22015,30
MOL,0,20110113,092355,22010,371
MOL,0,20110113,092355,22005,50
MOL,0,20110113,092355,22000,4
MOL,0,20110113,092355,22000,1
MOL,0,20110113,092355,22000,100
GENESIS,0,20110113,092359,200,349
OTP,0,20110113,092401,5376,49
OTP,0,20110113,092401,5375,200
OTP,0,20110113,092401,5375,100
RABA,0,20110113,092403,831,90
MOL,0,20110113,092405,22020,100
MOL,0,20110113,092409,21990,4
MOL,0,20110113,092413,21980,15
BUX1112,0,20110113,092415,23130.5,1
OTP,0,20110113,092421,5373,15
OTP,0,20110113,092421,5372,181
OTP,0,20110113,092423,5372,50
RICHTER,0,20110113,092429,43290,8
MOL,0,20110113,092434,22000,106
RICHTER,0,20110113,092434,43220,42
OTP,0,20110113,092439,5375,90
OTP,0,20110113,092439,5375,100
OTP,0,20110113,092439,5372,19
OTP,0,20110113,092439,5371,112
PANNERGY,0,20110113,092440,918,330
MOL,0,20110113,092450,21960,200
MOL,0,20110113,092450,21950,90
MOL,0,20110113,092450,21910,61
MOL,0,20110113,092450,21905,54
MOL,0,20110113,092450,21900,6
MOL,0,20110113,092450,21900,30
GENESIS,0,20110113,092453,205,45
OTP,0,20110113,092453,5371,200
OTP,0,20110113,092454,5380,200
OTP,0,20110113,092501,5375,75
RICHTER,0,20110113,092503,43290,10
OTP,0,20110113,092505,5372,50
OTP,0,20110113,092505,5371,188
OTP,0,20110113,092505,5370,165
OTP,0,20110113,092505,5370,50
OTP,0,20110113,092505,5370,12
PANNERGY,0,20110113,092509,916,30
PANNERGY,0,20110113,092509,916,50
PANNERGY,0,20110113,092509,916,135
PANNERGY,0,20110113,092509,915,50
PANNERGY,0,20110113,092509,915,500
PANNERGY,0,20110113,092509,915,110
RICHTER,0,20110113,092512,43290,5
OTP,0,20110113,092531,5371,10
MTELEKOM,0,20110113,092549,550,150
EGIS,0,20110113,092608,21250,8
EGIS,0,20110113,092608,21240,7
EGIS,0,20110113,092608,21225,10
BUX1112,0,20110113,092613,23130,1
BUX1112,0,20110113,092616,23130,1
BUX1112,0,20110113,092618,23130,1
BUX1112,0,20110113,092618,23125,3
BUX1112,0,20110113,092618,23121,1
BUX1112,0,20110113,092618,23121,5
BUX1112,0,20110113,092618,23120.5,2
BUX1112,0,20110113,092618,23120,5
BUX1112,0,20110113,092618,23120,20
BUX1112,0,20110113,092618,23120,3
RICHTER,0,20110113,092618,43290,5
BUX1112,0,20110113,092622,23120,24
MOL,0,20110113,092629,21990,3
OTP,0,20110113,092630,5375,5
OTP,0,20110113,092645,5372,50
OTP,0,20110113,092646,5375,10
MOL,0,20110113,092650,22135,3500
MOL,0,20110113,092650,21990,5
RICHTER,0,20110113,092651,43290,5
OTP,0,20110113,092656,5380,1000
OTP,0,20110113,092708,5380,190
OTP,0,20110113,092711,5380,100
OTP,0,20110113,092717,5380,10
MTELEKOM,0,20110113,092720,549,18
MTELEKOM,0,20110113,092720,549,400
MTELEKOM,0,20110113,092720,549,1000
MTELEKOM,0,20110113,092720,549,482
OTP,0,20110113,092723,5380,420
OTP,0,20110113,092723,5380,50
MOL,0,20110113,092725,21990,203
OTP,0,20110113,092744,5379,15
BUX1112,0,20110113,092746,23139.5,1
OTP,0,20110113,092751,5385,40
OTP,0,20110113,092801,5388,200
OTP,0,20110113,092801,5388,134
MTELEKOM,0,20110113,092804,550,200
MTELEKOM,0,20110113,092806,550,7
RICHTER,0,20110113,092808,43230,15
MOL,0,20110113,092809,21975,10
RICHTER,0,20110113,092811,43220,8
MOL,0,20110113,092814,21990,139
MOL,0,20110113,092814,21995,161
OTP,0,20110113,092816,5380,20
MTELEKOM,0,20110113,092816,550,300
RICHTER,0,20110113,092817,43200,4
RICHTER,0,20110113,092818,43200,7
MTELEKOM,0,20110113,092821,549,318
MTELEKOM,0,20110113,092821,549,82
RICHTER,0,20110113,092825,43155,10
MOL,0,20110113,092826,21995,97
OTP,0,20110113,092829,5380,500
OTP,0,20110113,092830,5385,17
RICHTER,0,20110113,092830,43155,4
OTP,0,20110113,092833,5388,141
OTP,0,20110113,092833,5389,50
OTP,0,20110113,092833,5390,159
BUX1112,0,20110113,092833,23140,2
BUX1112,0,20110113,092833,23149.5,1
BUX1112,0,20110113,092833,23149.5,4
BUX1112,0,20110113,092833,23150,3
MTELEKOM,0,20110113,092833,549,418
MTELEKOM,0,20110113,092833,549,100
MTELEKOM,0,20110113,092833,549,12120
MTELEKOM,0,20110113,092835,550,1132
MTELEKOM,0,20110113,092836,550,1587
FHB,0,20110113,092848,967,200
FHB,0,20110113,092848,965,600
FHB,0,20110113,092848,965,1000
FHB,0,20110113,092848,964,610
OTP,0,20110113,092853,5389,23
MTELEKOM,0,20110113,092904,549,500
EMASZ,0,20110113,092909,21520,2
MTELEKOM,0,20110113,092914,550,443
EMASZ,0,20110113,092930,21505,5
EMASZ,0,20110113,092930,21505,3
OTP,0,20110113,092930,5389,250
MTELEKOM,0,20110113,092956,549,200
MOL,0,20110113,092957,21995,5
OTP,0,20110113,093000,5380,40
MOL,0,20110113,093006,21955,10
MOL,0,20110113,093007,21995,4
HUMET,0,20110113,093028,9,7900
PANNERGY,0,20110113,093029,918,117
PANNERGY,0,20110113,093029,918,883
OTP,0,20110113,093029,5380,29
OTP,0,20110113,093029,5380,221
OTP,0,20110113,093029,5380,500
OTP,0,20110113,093029,5380,200
BUX1112,0,20110113,093043,23149.5,1
OTP,0,20110113,093049,5380,50
OTP,0,20110113,093055,5388,100
OTP,0,20110113,093059,5389,40
OTP,0,20110113,093102,5389,207
MOL,0,20110113,093103,21960,8
MOL,0,20110113,093103,21960,20
MOL,0,20110113,093103,21955,90
MOL,0,20110113,093103,21955,73
MOL,0,20110113,093103,21955,12
OTP,0,20110113,093110,5390,33
MOL,0,20110113,093120,21955,38
MTELEKOM,0,20110113,093120,549,650
OTP,0,20110113,093124,5390,30
RICHTER,0,20110113,093135,43290,14
MOL,0,20110113,093144,21955,106
EGIS,0,20110113,093154,21300,5
MOL,0,20110113,093159,21950,50
MOL,0,20110113,093204,21950,5
MTELEKOM,0,20110113,093219,550,359
MOL,0,20110113,093222,21925,59
OTP,0,20110113,093237,5380,23
OTP,0,20110113,093237,5375,40
OTP,0,20110113,093237,5375,230
OTP,0,20110113,093243,5380,530
OTP,0,20110113,093243,5375,170
OTP,0,20110113,093243,5372,50
OTP,0,20110113,093243,5372,50
OTP,0,20110113,093243,5371,340
OTP,0,20110113,093243,5371,26
OTP,0,20110113,093243,5371,300
OTP,0,20110113,093243,5371,34
RICHTER,0,20110113,093252,43290,8
BUX1112,0,20110113,093257,23134,1
BUX1112,0,20110113,093257,23130,20
BUX1112,0,20110113,093257,23130,5
BUX1112,0,20110113,093257,23126,1
BUX1112,0,20110113,093257,23125.5,4
BUX1112,0,20110113,093257,23124,1
BUX1112,0,20110113,093257,23122,1
BUX1112,0,20110113,093257,23120,1
BUX1112,0,20110113,093257,23116,2
BUX1112,0,20110113,093257,23115,1
BUX1112,0,20110113,093257,23112,1
BUX1112,0,20110113,093257,23112,3
MTELEKOM,0,20110113,093306,550,7
OTP,0,20110113,093309,5381,10
RICHTER,0,20110113,093310,43235,2
RICHTER,0,20110113,093310,43235,10
OTP,0,20110113,093312,5388,92
RICHTER,0,20110113,093313,43235,5
MOL,0,20110113,093316,21925,41
MOL,0,20110113,093316,21920,50
MOL,0,20110113,093316,21910,9
RICHTER,0,20110113,093320,43200,9
RICHTER,0,20110113,093320,43200,4
RICHTER,0,20110113,093326,43200,1
RABA,0,20110113,093330,833,100
BUX1112,0,20110113,093347,23112,1
OTP,0,20110113,093354,5382,10
OTP,0,20110113,093354,5385,8
OTP,0,20110113,093402,5387,50
FHB,0,20110113,093404,970,100
OTP,0,20110113,093411,5388,322
BUX1112,0,20110113,093412,23112,5
BUX1112,0,20110113,093446,23143.5,2
MTELEKOM,0,20110113,093451,550,1000
MTELEKOM,0,20110113,093507,550,518
EMASZ,0,20110113,093515,21750,5
MOL,0,20110113,093516,21940,10
MOL,0,20110113,093519,21940,10
BUX1112,0,20110113,093519,23140,1
RICHTER,0,20110113,093521,43300,4
MOL,0,20110113,093527,21945,20
MOL,0,20110113,093527,21945,77
MTELEKOM,0,20110113,093534,550,377
MOL,0,20110113,093538,21930,20
MOL,0,20110113,093538,21910,91
MOL,0,20110113,093538,21910,5
MOL,0,20110113,093538,21910,84
BUX1112,0,20110113,093538,23143.5,3
OTP,0,20110113,093546,5380,110
MOL,0,20110113,093556,21945,30
BUX1112,0,20110113,093602,23140,9
BUX1112,0,20110113,093641,23145,3
OTP,0,20110113,093645,5381,10
OTP,0,20110113,093645,5384,200
OTP,0,20110113,093645,5385,150
OTP,0,20110113,093645,5385,250
OTP,0,20110113,093645,5385,150
OTP,0,20110113,093658,5385,240
OTP,0,20110113,093658,5380,890
OTP,0,20110113,093658,5380,1000
OTP,0,20110113,093658,5371,16
OTP,0,20110113,093658,5371,280
OTP,0,20110113,093658,5371,78
OTP,0,20110113,093658,5371,20
OTP,0,20110113,093658,5370,168
OTP,0,20110113,093658,5370,2000
OTP,0,20110113,093658,5370,100
OTP,0,20110113,093658,5370,17
OTP,0,20110113,093658,5370,191
OTP,0,20110113,093659,5387,50
OTP,0,20110113,093707,5385,29
OTP,0,20110113,093710,5385,311
OTP,0,20110113,093742,5372,300
MTELEKOM,0,20110113,093800,550,500
OTP,0,20110113,093801,5380,20
MTELEKOM,0,20110113,093806,550,6
RICHTER,0,20110113,093812,43300,7
RICHTER,0,20110113,093813,43300,19
FOTEX,0,20110113,093816,383,200
OTP,0,20110113,093829,5380,11
OTP,0,20110113,093831,5380,1169
OTP,0,20110113,093831,5373,100
OTP,0,20110113,093832,5373,11
HUMET,0,20110113,093844,9,7100
MTELEKOM,0,20110113,093849,550,83
MTELEKOM,0,20110113,093849,550,93
PHYLAXIA,0,20110113,093851,44,1250
MOL,0,20110113,093854,21945,13
MOL,0,20110113,093900,21950,45
MOL,0,20110113,093908,21995,48
RABA,0,20110113,093925,831,50
BUX1112,0,20110113,093939,23121,5
BUX1112,0,20110113,093939,23120,5
BUX1112,0,20110113,093939,23113,5
BUX1112,0,20110113,093939,23112,5
MTELEKOM,0,20110113,093947,550,100
OTP,0,20110113,094004,5380,389
OTP,0,20110113,094017,5375,113
MOL,0,20110113,094024,21990,50
BUX1112,0,20110113,094142,23143,1
MOL,0,20110113,094147,21990,20
MOL,0,20110113,094147,21995,35
MOL,0,20110113,094147,21995,40
MOL,0,20110113,094147,22000,105
MTELEKOM,0,20110113,094151,550,181
MTELEKOM,0,20110113,094204,550,92
MTELEKOM,0,20110113,094206,550,324
MOL,0,20110113,094229,22000,107
MTELEKOM,0,20110113,094229,550,1880
MOL,0,20110113,094247,21950,100
OTP,0,20110113,094248,5375,90
OTP,0,20110113,094254,5380,40
ZWACK,0,20110113,094256,12800,4
ZWACK,0,20110113,094256,12840,5
OTP,0,20110113,094309,5380,371
OTP,0,20110113,094309,5380,19
MTELEKOM,0,20110113,094311,550,7
MOL,0,20110113,094317,22000,100
PANNERGY,0,20110113,094323,918,400
OTP,0,20110113,094331,5380,1000
OTP,0,20110113,094338,5379,41
ZWACK,0,20110113,094339,12850,21
OTP,0,20110113,094341,5379,9
OTP,0,20110113,094341,5380,11
OTP,0,20110113,094401,5375,97
OTP,0,20110113,094401,5375,33
OTP,0,20110113,094416,5375,870
OTP,0,20110113,094437,5372,11
OTP,0,20110113,094437,5371,309
PANNERGY,0,20110113,094441,916,650
MOL,0,20110113,094451,21950,5
MTELEKOM,0,20110113,094457,550,363
PANNERGY,0,20110113,094507,918,1717
PANNERGY,0,20110113,094511,918,83
PANNERGY,0,20110113,094511,915,200
MTELEKOM,0,20110113,094517,550,1460
MTELEKOM,0,20110113,094519,550,825
OTP,0,20110113,094540,5375,100
PANNERGY,0,20110113,094603,914,70
PANNERGY,0,20110113,094603,914,60
PANNERGY,0,20110113,094603,914,400
PANNERGY,0,20110113,094603,914,200
PANNERGY,0,20110113,094603,913,230
PANNERGY,0,20110113,094603,913,500
MOL,0,20110113,094604,22000,82
MOL,0,20110113,094604,22000,24
MOL,0,20110113,094605,21950,20
ZWACK,0,20110113,094606,12800,50
OTP,0,20110113,094614,5378,20
OTP,0,20110113,094614,5378,370
MOL,0,20110113,094621,22000,179
MOL,0,20110113,094621,22000,10
MOL,0,20110113,094621,22000,50
MOL,0,20110113,094621,22000,761
OTP,0,20110113,094622,5372,500
RICHTER,0,20110113,094638,43310,16
RICHTER,0,20110113,094638,43305,11
RICHTER,0,20110113,094638,43300,23
RICHTER,0,20110113,094641,43300,3
MOL,0,20110113,094704,21950,75
MOL,0,20110113,094704,21920,29
MOL,0,20110113,094704,21910,16
MOL,0,20110113,094704,21910,30
OTP,0,20110113,094722,5378,130
OTP,0,20110113,094722,5378,234
OTP,0,20110113,094722,5379,500
OTP,0,20110113,094722,5380,970
OTP,0,20110113,094722,5380,131
OTP,0,20110113,094722,5380,1000
OTP,0,20110113,094722,5380,222
OTP,0,20110113,094722,5380,20
OTP,0,20110113,094722,5380,60
MOL,0,20110113,094731,21950,20
OTP,0,20110113,094740,5372,120
OTP,0,20110113,094740,5371,115
BUX1112,0,20110113,094747,23134,4
BUX1112,0,20110113,094747,23135,5
BUX1112,0,20110113,094747,23135,5
RABA,0,20110113,094754,833,71
RABA,0,20110113,094754,833,79
MOL,0,20110113,094754,21995,40
OTP,0,20110113,094759,5380,3500
OTP,0,20110113,094808,5380,28
MTELEKOM,0,20110113,094816,550,7
OTP,0,20110113,094828,5380,200
MTELEKOM,0,20110113,094834,550,166
OTP,0,20110113,094838,5383,40
PANNERGY,0,20110113,094845,912,72
PANNERGY,0,20110113,094845,912,50
PANNERGY,0,20110113,094845,912,50
PANNERGY,0,20110113,094845,912,315
RICHTER,0,20110113,094911,43300,8
OTP,0,20110113,094919,5383,389
OTP,0,20110113,094927,5380,2272
OTP,0,20110113,094927,5380,233
OTP,0,20110113,094927,5380,37
OTP,0,20110113,094928,5383,25
PANNERGY,0,20110113,094931,912,185
PANNERGY,0,20110113,094931,911,360
PANNERGY,0,20110113,094931,911,44
PANNERGY,0,20110113,094931,910,250
PANNERGY,0,20110113,094931,910,400
PANNERGY,0,20110113,094931,910,200
PANNERGY,0,20110113,094931,910,75
PANNERGY,0,20110113,094931,908,1119
PANNERGY,0,20110113,094931,906,400
PANNERGY,0,20110113,094931,906,100
PANNERGY,0,20110113,094931,905,100
PANNERGY,0,20110113,094931,905,130
PANNERGY,0,20110113,094931,905,100
PANNERGY,0,20110113,094931,903,300
PANNERGY,0,20110113,094931,903,90
OTP,0,20110113,094937,5383,254
EGIS,0,20110113,094937,21300,5
MOL,0,20110113,094939,22000,107
OTP,0,20110113,094954,5380,963
PANNERGY,0,20110113,095022,909,70
PANNERGY,0,20110113,095022,909,30
RABA,0,20110113,095034,833,221
RABA,0,20110113,095034,834,279
PANNERGY,0,20110113,095042,909,300
KEG,0,20110113,095049,137,1
OTP,0,20110113,095056,5372,400
OTP,0,20110113,095056,5371,776
OTP,0,20110113,095056,5371,100
OTP,0,20110113,095056,5371,50
OTP,0,20110113,095056,5370,174
OTP,0,20110113,095101,5370,635
OTP,0,20110113,095101,5370,200
OTP,0,20110113,095101,5370,400
OTP,0,20110113,095101,5370,500
OTP,0,20110113,095101,5370,765
MOL,0,20110113,095108,21950,21
MOL,0,20110113,095108,21950,9
OTP,0,20110113,095111,5371,706
OTP,0,20110113,095111,5370,750
OTP,0,20110113,095111,5370,300
OTP,0,20110113,095111,5370,2
OTP,0,20110113,095111,5370,242
OTP,0,20110113,095112,5375,1000
OTP,0,20110113,095114,5380,100
OTP,0,20110113,095117,5370,37
PANNERGY,0,20110113,095120,909,100
BUX1112,0,20110113,095123,23140,2
BUX1112,0,20110113,095123,23143,3
OTP,0,20110113,095134,5370,100
MTELEKOM,0,20110113,095149,550,33
OTP,0,20110113,095200,5380,192
OTP,0,20110113,095200,5380,8
OTP,0,20110113,095224,5380,192
OTP,0,20110113,095224,5380,198
OTP,0,20110113,095230,5380,2
OTP,0,20110113,095230,5380,150
OTP,0,20110113,095230,5382,8
OTP,0,20110113,095230,5384,340
OTP,0,20110113,095241,5375,15
EGIS,0,20110113,095245,21380,4
EGIS,0,20110113,095245,21390,6
PANNERGY,0,20110113,095300,909,200
PANNERGY,0,20110113,095304,909,300
MOL,0,20110113,095314,21940,6
MTELEKOM,0,20110113,095316,550,6
MOL,0,20110113,095324,21950,40
EGIS,0,20110113,095327,21300,25
MOL,0,20110113,095331,21995,2
MOL,0,20110113,095344,22000,58
DANUBIUS,0,20110113,095357,4370,23
DANUBIUS,0,20110113,095357,4365,16
DANUBIUS,0,20110113,095357,4360,50
GENESIS,0,20110113,095357,205,255
GENESIS,0,20110113,095357,206,50
OTP,0,20110113,095406,5380,20
OTP,0,20110113,095408,5380,10
OTP,0,20110113,095412,5384,50
OTP,0,20110113,095412,5384,50
RICHTER,0,20110113,095415,43310,2
OTP,0,20110113,095419,5384,50
OTP,0,20110113,095419,5385,200
OTP,0,20110113,095419,5385,250
OTP,0,20110113,095423,5380,19
MOL,0,20110113,095432,22000,74
MOL,0,20110113,095432,22000,26
MTELEKOM,0,20110113,095432,550,2000
RFV,0,20110113,095444,8400,5
EGIS,0,20110113,095448,21300,25
MTELEKOM,0,20110113,095500,550,300
BUX1112,0,20110113,095500,23143,1
BUX1112,0,20110113,095500,23143,3
BUX1112,0,20110113,095500,23145,1
MTELEKOM,0,20110113,095505,550,468
BUX1112,0,20110113,095506,23149,1
BUX1112,0,20110113,095506,23150,7
BUX1112,0,20110113,095506,23150,1
BUX1112,0,20110113,095506,23150,17
OTP,0,20110113,095507,5387,8
OTP,0,20110113,095507,5387,37
MTELEKOM,0,20110113,095520,550,1000
GENESIS,0,20110113,095524,206,265
OTP,0,20110113,095524,5387,21
OTP,0,20110113,095524,5387,200
OTP,0,20110113,095524,5388,86
OTP,0,20110113,095524,5388,193
OTP,0,20110113,095529,5388,390
MTELEKOM,0,20110113,095530,550,695
MTELEKOM,0,20110113,095530,550,305
MTELEKOM,0,20110113,095533,550,380
OTP,0,20110113,095536,5388,50
PANNERGY,0,20110113,095552,909,70
MOL,0,20110113,095617,21920,19
ECONET,0,20110113,095624,88,2000
ECONET,0,20110113,095624,88,1086
MOL,0,20110113,095649,21995,54
MOL,0,20110113,095657,21995,50
MOL,0,20110113,095706,22000,3
MTELEKOM,0,20110113,095731,550,1593
OTP,0,20110113,095735,5388,367
OTP,0,20110113,095735,5388,200
OTP,0,20110113,095735,5389,100
OTP,0,20110113,095735,5389,100
OTP,0,20110113,095735,5389,2
OTP,0,20110113,095735,5389,100
OTP,0,20110113,095735,5390,40
OTP,0,20110113,095735,5390,100
OTP,0,20110113,095735,5390,50
OTP,0,20110113,095735,5390,100
OTP,0,20110113,095735,5390,65
OTP,0,20110113,095735,5390,1000
OTP,0,20110113,095735,5390,30
OTP,0,20110113,095735,5390,2746
RICHTER,0,20110113,095752,43350,2
BUX1112,0,20110113,095804,23169,1
OTP,0,20110113,095816,5390,64
MTELEKOM,0,20110113,095816,550,7
PANNERGY,0,20110113,095816,910,55
MTELEKOM,0,20110113,095819,550,890
OTP,0,20110113,095819,5390,90
PANNERGY,0,20110113,095821,907,50
OTP,0,20110113,095822,5381,400
PANNERGY,0,20110113,095824,910,845
OTP,0,20110113,095834,5390,100
OTP,0,20110113,095834,5390,10
MTELEKOM,0,20110113,095835,550,1500
MTELEKOM,0,20110113,095837,550,325
OTP,0,20110113,095844,5393,280
OTP,0,20110113,095844,5393,20
OTP,0,20110113,095846,5381,13
OTP,0,20110113,095847,5393,90
OTP,0,20110113,095900,5393,74
PANNERGY,0,20110113,095901,913,50
MOL,0,20110113,095907,22000,271
MOL,0,20110113,095907,22000,2
MOL,0,20110113,095907,22000,100
MOL,0,20110113,095907,22000,20
MOL,0,20110113,095907,22000,100
MOL,0,20110113,095907,22000,10
PANNERGY,0,20110113,095937,913,40
MOL,0,20110113,095940,22000,297
MOL,0,20110113,095946,22000,200
KEG,0,20110113,095953,137,999
KEG,0,20110113,095953,137,1
RICHTER,0,20110113,095955,43395,12
MOL,0,20110113,100001,22000,3
KEG,0,20110113,100017,137,799
BUX1112,0,20110113,100022,23160,10
MOL,0,20110113,100024,22005,11
MOL,0,20110113,100034,22040,95
MTELEKOM,0,20110113,100039,551,300
RFV,0,20110113,100045,8400,20
KEG,0,20110113,100106,136,579
KEG,0,20110113,100106,136,371
RICHTER,0,20110113,100120,43380,13
MOL,0,20110113,100123,22005,8
MOL,0,20110113,100123,22005,21
MOL,0,20110113,100123,22005,26
MOL,0,20110113,100123,22000,45
OTP,0,20110113,100129,5390,500
SYNERGON,0,20110113,100131,480,2
OTP,0,20110113,100133,5390,300
MTELEKOM,0,20110113,100134,551,552
MTELEKOM,0,20110113,100134,551,51
OTP,0,20110113,100139,5391,50
MOL,0,20110113,100148,22040,5
OTP,0,20110113,100149,5392,339
OTP,0,20110113,100152,5390,70
PANNERGY,0,20110113,100153,913,60
OTP,0,20110113,100200,5390,130
OTP,0,20110113,100200,5390,47
MOL,0,20110113,100205,22050,5
MOL,0,20110113,100205,22050,5
OTP,0,20110113,100206,5389,744
MTELEKOM,0,20110113,100210,551,19
TVK,0,20110113,100224,3360,54
OTP,0,20110113,100225,5392,140
MOL,0,20110113,100245,22050,60
MTELEKOM,0,20110113,100321,551,7
RABA,0,20110113,100328,831,1
MOL,0,20110113,100340,22005,25
OTP,0,20110113,100359,5392,20
MOL,0,20110113,100359,22050,35
MOL,0,20110113,100406,22005,10
MOL,0,20110113,100407,22085,72
RICHTER,0,20110113,100426,43300,5
OTP,0,20110113,100444,5392,390
MTELEKOM,0,20110113,100449,551,125
MOL,0,20110113,100500,22080,250
PANNERGY,0,20110113,100525,910,300
OTP,0,20110113,100525,5392,25
PHYLAXIA,0,20110113,100538,44,18
MTELEKOM,0,20110113,100612,550,2000
EGIS,0,20110113,100635,21300,10
RFV,0,20110113,100637,8420,3
OTP,0,20110113,100649,5386,470
MTELEKOM,0,20110113,100720,550,100
MOL,0,20110113,100734,22085,106
PANNERGY,0,20110113,100742,908,1000
OTP,0,20110113,100749,5388,12
OTP,0,20110113,100755,5390,150
OTP,0,20110113,100755,5390,200
MTELEKOM,0,20110113,100804,551,445
OTP,0,20110113,100806,5392,28
MTELEKOM,0,20110113,100821,551,6
OTP,0,20110113,100825,5392,30
MOL,0,20110113,100829,22040,22
PANNERGY,0,20110113,100830,910,240
PANNERGY,0,20110113,100830,910,100
PANNERGY,0,20110113,100846,910,500
OTP,0,20110113,100858,5386,28
MTELEKOM,0,20110113,100902,550,400
MTELEKOM,0,20110113,100902,550,290
BUX1112,0,20110113,100908,23160,10
BUX1112,0,20110113,100908,23168,5
BUX1112,0,20110113,100908,23169,14
BUX1112,0,20110113,100914,23169,1
RICHTER,0,20110113,100931,43300,1
DANUBIUS,0,20110113,101004,4360,36
KEG,0,20110113,101020,136,200
OTP,0,20110113,101054,5390,50
OTP,0,20110113,101054,5390,148
OTP,0,20110113,101054,5390,191
PANNERGY,0,20110113,101105,910,360
MOL,0,20110113,101109,22070,29
MOL,0,20110113,101116,22080,45
MTELEKOM,0,20110113,101119,551,228
MOL,0,20110113,101124,22085,33
RICHTER,0,20110113,101140,43305,1
OTP,0,20110113,101142,5390,1
OTP,0,20110113,101148,5390,308
OTP,0,20110113,101148,5390,16
MTELEKOM,0,20110113,101153,550,300
OTP,0,20110113,101224,5386,2
OTP,0,20110113,101224,5386,48
PHYLAXIA,0,20110113,101228,44,1001
PANNERGY,0,20110113,101234,910,100
PANNERGY,0,20110113,101258,910,200
OTP,0,20110113,101306,5389,20
OTP,0,20110113,101306,5389,21
MTELEKOM,0,20110113,101321,551,7
OTP,0,20110113,101344,5389,479
OTP,0,20110113,101344,5390,184
OTP,0,20110113,101344,5390,100
OTP,0,20110113,101344,5390,100
OTP,0,20110113,101344,5390,137
OTP,0,20110113,101352,5390,65
OTP,0,20110113,101352,5390,200
OTP,0,20110113,101359,5391,390
PANNERGY,0,20110113,101418,909,200
PANNERGY,0,20110113,101420,908,100
OTP,0,20110113,101432,5390,20
MTELEKOM,0,20110113,101434,551,107
MOL,0,20110113,101444,22080,10
MOL,0,20110113,101451,22085,63
OTP,0,20110113,101452,5390,50
OTP,0,20110113,101455,5391,200
MTELEKOM,0,20110113,101457,550,200
MOL,0,20110113,101501,22090,33
MOL,0,20110113,101501,22090,15
OTP,0,20110113,101526,5390,5
OTP,0,20110113,101545,5390,150
OTP,0,20110113,101620,5390,188
MOL,0,20110113,101630,22060,20
OTP,0,20110113,101640,5387,1000
RICHTER,0,20110113,101702,43395,4
OTP,0,20110113,101704,5390,312
OTP,0,20110113,101704,5390,78
MTELEKOM,0,20110113,101749,551,61
MOL,0,20110113,101819,22090,107
MTELEKOM,0,20110113,101821,551,7
MTELEKOM,0,20110113,101844,550,800
OTP,0,20110113,101906,5386,52
OTP,0,20110113,101906,5386,38
MOL,0,20110113,101908,22090,50
MTELEKOM,0,20110113,101911,551,8410
MTELEKOM,0,20110113,101913,551,1855
MOL,0,20110113,101924,22060,5
MOL,0,20110113,101924,22050,15
MTELEKOM,0,20110113,101929,551,3500
RICHTER,0,20110113,101931,43400,10
RICHTER,0,20110113,101941,43395,3
MTELEKOM,0,20110113,101957,551,10000
MTELEKOM,0,20110113,101958,551,3071
MTELEKOM,0,20110113,102004,551,2101
MTELEKOM,0,20110113,102004,551,4940
MTELEKOM,0,20110113,102006,551,60
MTELEKOM,0,20110113,102006,551,549
OTP,0,20110113,102009,5390,229
OTP,0,20110113,102009,5390,161
MTELEKOM,0,20110113,102015,552,1000
MTELEKOM,0,20110113,102015,552,413
KEG,0,20110113,102035,138,1
PANNERGY,0,20110113,102040,908,30
PANNERGY,0,20110113,102040,910,340
PANNERGY,0,20110113,102040,910,730
ECONET,0,20110113,102052,88,5
MTELEKOM,0,20110113,102054,552,587
MTELEKOM,0,20110113,102054,552,15
MTELEKOM,0,20110113,102054,552,28
MTELEKOM,0,20110113,102105,552,531
BUX1112,0,20110113,102119,23151,10
MOL,0,20110113,102154,22050,55
MOL,0,20110113,102200,22060,51
MTELEKOM,0,20110113,102210,552,333
OTP,0,20110113,102220,5389,2
MTELEKOM,0,20110113,102241,552,200
MOL,0,20110113,102255,22060,5
OTP,0,20110113,102259,5388,190
OTP,0,20110113,102259,5389,88
OTP,0,20110113,102259,5390,839
OTP,0,20110113,102259,5390,500
OTP,0,20110113,102307,5391,33
OTP,0,20110113,102314,5391,389
MTELEKOM,0,20110113,102321,552,6
OTP,0,20110113,102326,5391,50
RFV,0,20110113,102330,8400,6
RICHTER,0,20110113,102359,43425,5
MTELEKOM,0,20110113,102419,551,214
BUX1112,0,20110113,102438,23169,1
RICHTER,0,20110113,102446,43425,2
RICHTER,0,20110113,102455,43425,5
OTP,0,20110113,102508,5391,138
OTP,0,20110113,102508,5392,200
OTP,0,20110113,102508,5392,1
OTP,0,20110113,102508,5393,536
OTP,0,20110113,102508,5394,20
OTP,0,20110113,102508,5394,136
OTP,0,20110113,102508,5395,400
OTP,0,20110113,102508,5395,57
OTP,0,20110113,102508,5395,40
OTP,0,20110113,102508,5395,100
OTP,0,20110113,102508,5395,372
OTP,0,20110113,102508,5395,15
OTP,0,20110113,102522,5395,209
MOL,0,20110113,102529,22060,69
MTELEKOM,0,20110113,102539,551,400
MOL,0,20110113,102539,22015,2
MOL,0,20110113,102539,22085,38
EGIS,0,20110113,102540,21300,3
OTP,0,20110113,102603,5390,60
OTP,0,20110113,102619,5395,30
OTP,0,20110113,102619,5395,77
OTP,0,20110113,102629,5397,8
OTP,0,20110113,102629,5397,70
OTP,0,20110113,102629,5397,139
OTP,0,20110113,102635,5398,66
MOL,0,20110113,102645,22015,2
OTP,0,20110113,102646,5390,50
MTELEKOM,0,20110113,102655,550,16
OTP,0,20110113,102700,5390,100
HUMET,0,20110113,102722,8,25
PANNERGY,0,20110113,102732,910,70
MTELEKOM,0,20110113,102734,551,126
OTP,0,20110113,102757,5396,80
MTELEKOM,0,20110113,102821,551,7
PANNERGY,0,20110113,102828,913,100
PANNERGY,0,20110113,102828,914,285
PANNERGY,0,20110113,102828,915,945
PANNERGY,0,20110113,102828,915,200
PANNERGY,0,20110113,102828,916,50
PANNERGY,0,20110113,102828,918,200
PANNERGY,0,20110113,102828,918,150
OTP,0,20110113,102833,5391,95
MOL,0,20110113,102833,22050,5
RICHTER,0,20110113,102842,43450,4
RICHTER,0,20110113,102842,43450,1
OTP,0,20110113,102859,5391,5
OTP,0,20110113,102859,5390,673
OTP,0,20110113,102859,5390,120
OTP,0,20110113,102859,5390,42
MOL,0,20110113,102904,22050,95
MOL,0,20110113,102910,22085,11
ECONET,0,20110113,102921,88,3600
OTP,0,20110113,102922,5390,50
OTP,0,20110113,102924,5393,100
OTP,0,20110113,102924,5395,1
OTP,0,20110113,102924,5395,289
OTP,0,20110113,102942,5390,20
RICHTER,0,20110113,102951,43400,2
KEG,0,20110113,103009,138,500
SYNERGON,0,20110113,103018,487,150
OTP,0,20110113,103024,5390,200
MTELEKOM,0,20110113,103049,551,26
RABA,0,20110113,103058,831,214
RICHTER,0,20110113,103100,43400,11
OTP,0,20110113,103143,5390,188
OTP,0,20110113,103147,5390,60
OTP,0,20110113,103229,5390,389
OTP,0,20110113,103231,5388,20
OTP,0,20110113,103231,5386,81
MOL,0,20110113,103239,22085,19
MOL,0,20110113,103245,22090,55
MOL,0,20110113,103245,22090,33
GENESIS,0,20110113,103249,202,500
GENESIS,0,20110113,103249,201,265
GENESIS,0,20110113,103249,200,1451
GENESIS,0,20110113,103249,200,300
GENESIS,0,20110113,103249,200,500
GENESIS,0,20110113,103249,200,484
OTP,0,20110113,103316,5386,20
MTELEKOM,0,20110113,103321,551,7
MTELEKOM,0,20110113,103404,551,6
OTP,0,20110113,103416,5386,185
OTP,0,20110113,103416,5385,1000
OTP,0,20110113,103416,5385,500
OTP,0,20110113,103416,5385,25
OTP,0,20110113,103416,5381,10
OTP,0,20110113,103416,5381,280
OTP,0,20110113,103421,5389,80
OTP,0,20110113,103421,5389,165
OTP,0,20110113,103421,5390,363
OTP,0,20110113,103421,5390,200
OTP,0,20110113,103421,5390,100
OTP,0,20110113,103422,5390,50
PANNERGY,0,20110113,103453,910,60
RICHTER,0,20110113,103456,43325,2
OTP,0,20110113,103507,5390,42
BUX1112,0,20110113,103526,23155,5
BUX1112,0,20110113,103526,23155,5
OTP,0,20110113,103534,5390,58
OTP,0,20110113,103540,5393,200
OTP,0,20110113,103540,5393,132
BUX1112,0,20110113,103607,23165,1
PANNERGY,0,20110113,103611,915,199
MOL,0,20110113,103614,22090,67
MOL,0,20110113,103625,22100,40
MTELEKOM,0,20110113,103635,551,500
OTP,0,20110113,103652,5393,268
OTP,0,20110113,103652,5394,500
OTP,0,20110113,103652,5394,1000
OTP,0,20110113,103652,5395,711
OTP,0,20110113,103652,5395,80
OTP,0,20110113,103652,5396,340
OTP,0,20110113,103652,5397,20
OTP,0,20110113,103652,5397,1000
OTP,0,20110113,103652,5397,100
OTP,0,20110113,103652,5397,13
OTP,0,20110113,103655,5398,14
OTP,0,20110113,103655,5398,20
OTP,0,20110113,103655,5398,51
OTP,0,20110113,103659,5396,240
OTP,0,20110113,103659,5398,449
OTP,0,20110113,103659,5398,40
OTP,0,20110113,103659,5398,250
OTP,0,20110113,103659,5398,770
OTP,0,20110113,103659,5398,1000
OTP,0,20110113,103659,5398,3040
OTP,0,20110113,103659,5399,233
OTP,0,20110113,103659,5399,20000
OTP,0,20110113,103659,5399,100
OTP,0,20110113,103659,5399,1000
OTP,0,20110113,103659,5399,1700
OTP,0,20110113,103659,5399,100
OTP,0,20110113,103659,5399,1000
OTP,0,20110113,103659,5400,100
OTP,0,20110113,103659,5400,100
OTP,0,20110113,103659,5400,1200
OTP,0,20110113,103659,5400,68
OTP,0,20110113,103659,5400,20
OTP,0,20110113,103659,5400,58
OTP,0,20110113,103659,5400,100
OTP,0,20110113,103659,5400,90
OTP,0,20110113,103659,5400,100
OTP,0,20110113,103659,5400,1200
OTP,0,20110113,103659,5400,200
OTP,0,20110113,103659,5400,20
OTP,0,20110113,103659,5400,4000
OTP,0,20110113,103659,5400,927
OTP,0,20110113,103659,5400,80
OTP,0,20110113,103659,5400,30
OTP,0,20110113,103659,5400,25
OTP,0,20110113,103659,5400,10
OTP,0,20110113,103659,5400,136
OTP,0,20110113,103659,5400,280
OTP,0,20110113,103659,5400,1145
OTP,0,20110113,103659,5400,2000
OTP,0,20110113,103659,5400,300
OTP,0,20110113,103659,5400,50
OTP,0,20110113,103659,5400,200
OTP,0,20110113,103659,5400,1150
OTP,0,20110113,103659,5400,680
OTP,0,20110113,103659,5400,80
OTP,0,20110113,103659,5400,300
OTP,0,20110113,103659,5400,215
OTP,0,20110113,103659,5400,60
OTP,0,20110113,103659,5400,300
OTP,0,20110113,103659,5400,100
OTP,0,20110113,103659,5400,1000
OTP,0,20110113,103659,5400,10
OTP,0,20110113,103659,5400,300
OTP,0,20110113,103659,5400,328
OTP,0,20110113,103659,5400,62
OTP,0,20110113,103659,5400,50
OTP,0,20110113,103659,5400,25
OTP,0,20110113,103659,5400,38
OTP,0,20110113,103659,5401,150
OTP,0,20110113,103659,5403,93
OTP,0,20110113,103659,5404,5
OTP,0,20110113,103659,5405,110
OTP,0,20110113,103659,5405,200
OTP,0,20110113,103659,5406,235
OTP,0,20110113,103659,5406,90
RICHTER,0,20110113,103700,43380,53
RICHTER,0,20110113,103700,43380,13
BUX1112,0,20110113,103701,23160,2
BUX1112,0,20110113,103701,23165,2
BUX1112,0,20110113,103701,23168,1
BUX1112,0,20110113,103701,23169,20
OTP,0,20110113,103708,5403,69
RICHTER,0,20110113,103708,43380,34
OTP,0,20110113,103709,5406,675
OTP,0,20110113,103709,5407,14
OTP,0,20110113,103709,5407,8
OTP,0,20110113,103709,5408,10
OTP,0,20110113,103709,5409,500
OTP,0,20110113,103709,5409,260
OTP,0,20110113,103709,5409,100
OTP,0,20110113,103709,5409,50
OTP,0,20110113,103709,5410,150
OTP,0,20110113,103709,5410,100
OTP,0,20110113,103709,5410,50
OTP,0,20110113,103709,5410,200
OTP,0,20110113,103709,5410,25
OTP,0,20110113,103709,5410,20
OTP,0,20110113,103709,5410,1000
OTP,0,20110113,103709,5410,200
OTP,0,20110113,103709,5410,30
OTP,0,20110113,103709,5410,25
OTP,0,20110113,103709,5410,680
OTP,0,20110113,103709,5410,60
OTP,0,20110113,103709,5410,109
OTP,0,20110113,103709,5410,15
BUX1112,0,20110113,103710,23169,1
OTP,0,20110113,103710,5403,5
OTP,0,20110113,103715,5403,11
OTP,0,20110113,103715,5400,179
MTELEKOM,0,20110113,103719,551,101
BUX1112,0,20110113,103723,23169,2
BUX1112,0,20110113,103723,23170,6
BUX1112,0,20110113,103723,23179,1
BUX1112,0,20110113,103723,23179.5,1
MTELEKOM,0,20110113,103728,551,14227
PANNERGY,0,20110113,103731,915,40
MTELEKOM,0,20110113,103736,552,183
MTELEKOM,0,20110113,103736,552,2682
OTP,0,20110113,103756,5410,500
OTP,0,20110113,103756,5411,100
OTP,0,20110113,103756,5411,6000
OTP,0,20110113,103756,5411,20
OTP,0,20110113,103800,5410,5
MOL,0,20110113,103802,22100,38
OTP,0,20110113,103810,5408,40
OTP,0,20110113,103810,5410,100
MTELEKOM,0,20110113,103821,552,6
OTP,0,20110113,103823,5410,5500
OTP,0,20110113,103823,5410,100
BUX1112,0,20110113,103836,23180,5
OTP,0,20110113,103837,5405,50
OTP,0,20110113,103839,5410,390
OTP,0,20110113,103843,5409,100
RICHTER,0,20110113,103856,43325,15
RICHTER,0,20110113,103856,43320,10
RICHTER,0,20110113,103856,43310,18
RICHTER,0,20110113,103856,43305,5
RICHTER,0,20110113,103856,43300,20
RICHTER,0,20110113,103856,43300,132
RICHTER,0,20110113,103904,43325,20
RICHTER,0,20110113,103907,43300,41
RICHTER,0,20110113,103908,43300,20
PANNERGY,0,20110113,103915,911,200
PANNERGY,0,20110113,103915,910,140
PANNERGY,0,20110113,103915,908,200
PANNERGY,0,20110113,103915,908,330
PANNERGY,0,20110113,103915,907,130
OTP,0,20110113,103926,5409,150
OTP,0,20110113,103926,5410,110
OTP,0,20110113,103926,5410,18
OTP,0,20110113,103942,5405,20
MOL,0,20110113,103949,22100,62
MOL,0,20110113,103949,22100,25
MOL,0,20110113,103949,22100,10
MOL,0,20110113,103949,22100,9
RICHTER,0,20110113,104001,43300,7
OTP,0,20110113,104003,5410,482
OTP,0,20110113,104003,5410,18
RICHTER,0,20110113,104008,43255,5
GENESIS,0,20110113,104020,200,500
RICHTER,0,20110113,104021,43200,4
MTELEKOM,0,20110113,104034,552,574
MTELEKOM,0,20110113,104050,552,600
OTP,0,20110113,104056,5402,821
OTP,0,20110113,104112,5400,100
OTP,0,20110113,104113,5401,36
OTP,0,20110113,104115,5400,500
OTP,0,20110113,104137,5401,143
OTP,0,20110113,104137,5401,7
OTP,0,20110113,104144,5401,93
OTP,0,20110113,104151,5408,100
OTP,0,20110113,104151,5408,10
OTP,0,20110113,104200,5400,100
OTP,0,20110113,104201,5409,5
OTP,0,20110113,104201,5409,100
OTP,0,20110113,104201,5409,50
MTELEKOM,0,20110113,104210,552,299
OTP,0,20110113,104210,5410,31
BUX1112,0,20110113,104227,23179,1
OTP,0,20110113,104235,5404,100
OTP,0,20110113,104244,5405,500
OTP,0,20110113,104244,5404,400
OTP,0,20110113,104244,5403,100
BUX1112,0,20110113,104302,23180,8
MOL,0,20110113,104317,22100,1
MTELEKOM,0,20110113,104321,552,7
HUMET,0,20110113,104322,9,900
MOL,0,20110113,104324,22100,107
BUX1112,0,20110113,104336,23179,8
OTP,0,20110113,104337,5404,500
OTP,0,20110113,104337,5403,400
OTP,0,20110113,104337,5402,500
OTP,0,20110113,104337,5401,500
OTP,0,20110113,104337,5400,100
OTP,0,20110113,104342,5400,100
OTP,0,20110113,104344,5400,700
MTELEKOM,0,20110113,104349,552,296
OTP,0,20110113,104350,5400,1300
OTP,0,20110113,104350,5400,700
OTP,0,20110113,104400,5400,1300
OTP,0,20110113,104400,5400,500
OTP,0,20110113,104400,5400,3200
FREESOFT,0,20110113,104410,2179,68
FREESOFT,0,20110113,104410,2180,932
FREESOFT,0,20110113,104410,2180,1000
FREESOFT,0,20110113,104410,2180,11087
MOL,0,20110113,104447,22095,7
MOL,0,20110113,104447,22095,43
OTP,0,20110113,104449,5400,390
OTP,0,20110113,104458,5398,800
OTP,0,20110113,104500,5400,42
RICHTER,0,20110113,104506,43205,3
OTP,0,20110113,104559,5400,1368
OTP,0,20110113,104559,5400,240
OTP,0,20110113,104559,5400,30
OTP,0,20110113,104559,5400,200
OTP,0,20110113,104559,5400,3162
MTELEKOM,0,20110113,104621,552,1000
RICHTER,0,20110113,104645,43350,1
MOL,0,20110113,104659,22100,29
MOL,0,20110113,104659,22100,77
MTELEKOM,0,20110113,104705,552,259
OTP,0,20110113,104711,5399,1
OTP,0,20110113,104717,5395,27
OTP,0,20110113,104754,5395,33
OTP,0,20110113,104804,5399,199
AAA,0,20110113,104808,250,400
AAA,0,20110113,104808,249,400
AAA,0,20110113,104808,248,200
OTP,0,20110113,104810,5390,6
OTP,0,20110113,104810,5390,34
OTP,0,20110113,104811,5400,158
MTELEKOM,0,20110113,104821,552,6
AAA,0,20110113,104846,248,50
MTELEKOM,0,20110113,104914,552,1900
OTP,0,20110113,104918,5390,366
OTP,0,20110113,104918,5388,2
OTP,0,20110113,104918,5384,100
OTP,0,20110113,104918,5383,200
OTP,0,20110113,104918,5382,23
OTP,0,20110113,104918,5382,600
OTP,0,20110113,104918,5381,549
OTP,0,20110113,105004,5387,2
RICHTER,0,20110113,105011,43210,1
MTELEKOM,0,20110113,105019,552,433
GENESIS,0,20110113,105029,200,16
GENESIS,0,20110113,105029,200,100
GENESIS,0,20110113,105029,200,500
GENESIS,0,20110113,105029,200,4
OTP,0,20110113,105033,5382,100
OTP,0,20110113,105033,5381,171
OTP,0,20110113,105033,5381,329
MOL,0,20110113,105034,22100,83
MOL,0,20110113,105044,22130,24
OTP,0,20110113,105059,5390,70
OTP,0,20110113,105059,5390,320
OTP,0,20110113,105123,5381,19
OTP,0,20110113,105123,5381,81
MOL,0,20110113,105153,22095,6
OTP,0,20110113,105155,5389,83
BUX1112,0,20110113,105159,23158,2
KARPOT,0,20110113,105204,439,25
GENESIS,0,20110113,105218,200,496
GENESIS,0,20110113,105218,200,50
GENESIS,0,20110113,105218,199,300
GENESIS,0,20110113,105218,199,154
GENESIS,0,20110113,105218,199,146
MOL,0,20110113,105222,22035,9
MOL,0,20110113,105222,22035,10
BUX1112,0,20110113,105224,23179,1
MTELEKOM,0,20110113,105230,552,3000
MOL,0,20110113,105241,22020,20
MOL,0,20110113,105241,22015,36
MOL,0,20110113,105241,22015,8
MOL,0,20110113,105241,22010,7
RICHTER,0,20110113,105309,43215,12
RICHTER,0,20110113,105309,43210,4
RICHTER,0,20110113,105309,43205,19
RICHTER,0,20110113,105309,43200,1
RICHTER,0,20110113,105309,43200,25
RICHTER,0,20110113,105309,43200,30
RICHTER,0,20110113,105309,43200,9
FREESOFT,0,20110113,105312,2187,52
FREESOFT,0,20110113,105312,2188,55
OTP,0,20110113,105315,5387,16
OTP,0,20110113,105315,5388,50
OTP,0,20110113,105315,5388,119
RICHTER,0,20110113,105315,43200,15
RICHTER,0,20110113,105315,43200,25
MOL,0,20110113,105317,22050,45
MTELEKOM,0,20110113,105321,552,7
OTP,0,20110113,105333,5382,100
OTP,0,20110113,105333,5381,919
OTP,0,20110113,105333,5381,250
OTP,0,20110113,105333,5381,5
OTP,0,20110113,105333,5380,50
OTP,0,20110113,105333,5380,200
OTP,0,20110113,105333,5380,200
OTP,0,20110113,105333,5380,20
OTP,0,20110113,105333,5380,200
OTP,0,20110113,105333,5380,1000
OTP,0,20110113,105333,5378,70
OTP,0,20110113,105333,5377,30
OTP,0,20110113,105333,5377,170
OTP,0,20110113,105333,5376,30
MTELEKOM,0,20110113,105334,552,688
BUX1112,0,20110113,105335,23158,2
BUX1112,0,20110113,105335,23152.5,5
BUX1112,0,20110113,105335,23152,1
BUX1112,0,20110113,105335,23151,14
BUX1112,0,20110113,105335,23150,9
OTP,0,20110113,105336,5380,56
MOL,0,20110113,105342,22010,48
MOL,0,20110113,105342,22005,400
MOL,0,20110113,105342,22000,52
MOL,0,20110113,105342,22000,2
MTELEKOM,0,20110113,105347,552,2000
OTP,0,20110113,105404,5388,381
MOL,0,20110113,105409,22050,55
OTP,0,20110113,105411,5388,8
OTP,0,20110113,105415,5389,17
OTP,0,20110113,105415,5389,63
OTP,0,20110113,105415,5380,44
MOL,0,20110113,105418,22090,51
MOL,0,20110113,105423,22000,50
GENESIS,0,20110113,105426,197,54
MTELEKOM,0,20110113,105427,552,4000
MTELEKOM,0,20110113,105428,552,1338
OTP,0,20110113,105438,5380,56
OTP,0,20110113,105458,5389,137
OTP,0,20110113,105458,5389,50
OTP,0,20110113,105458,5389,80
OTP,0,20110113,105458,5390,258
RICHTER,0,20110113,105516,43180,20
OTP,0,20110113,105520,5385,2500
RICHTER,0,20110113,105526,43155,8
OTP,0,20110113,105551,5390,1422
OTP,0,20110113,105551,5391,100
OTP,0,20110113,105551,5395,18
OTP,0,20110113,105551,5395,500
OTP,0,20110113,105551,5395,700
OTP,0,20110113,105602,5390,2500
OTP,0,20110113,105629,5390,15
OTP,0,20110113,105629,5390,3
OTP,0,20110113,105640,5390,200
OTP,0,20110113,105646,5390,82
OTP,0,20110113,105646,5397,30
OTP,0,20110113,105646,5398,100
OTP,0,20110113,105646,5398,150
OTP,0,20110113,105646,5398,1000
OTP,0,20110113,105646,5398,100
OTP,0,20110113,105646,5398,300
MTELEKOM,0,20110113,105649,552,268
OTP,0,20110113,105651,5399,100
OTP,0,20110113,105651,5399,50
OTP,0,20110113,105651,5399,100
OTP,0,20110113,105651,5400,2750
OTP,0,20110113,105652,5400,2250
OTP,0,20110113,105652,5400,1000
OTP,0,20110113,105652,5400,1000
OTP,0,20110113,105652,5400,513
OTP,0,20110113,105652,5400,500
OTP,0,20110113,105652,5400,81
OTP,0,20110113,105652,5400,303
OTP,0,20110113,105656,5400,44353
OTP,0,20110113,105656,5400,3147
OTP,0,20110113,105701,5405,81
OTP,0,20110113,105701,5409,6
OTP,0,20110113,105701,5409,100
OTP,0,20110113,105701,5409,400
OTP,0,20110113,105701,5409,150
OTP,0,20110113,105701,5409,20
OTP,0,20110113,105701,5409,100
OTP,0,20110113,105701,5410,1
OTP,0,20110113,105701,5410,800
OTP,0,20110113,105701,5410,200
OTP,0,20110113,105701,5410,20
OTP,0,20110113,105701,5410,100
OTP,0,20110113,105701,5410,10
OTP,0,20110113,105701,5410,100
OTP,0,20110113,105701,5410,100
OTP,0,20110113,105701,5410,200
OTP,0,20110113,105701,5410,100
OTP,0,20110113,105701,5410,100
OTP,0,20110113,105701,5410,10
OTP,0,20110113,105701,5410,50
OTP,0,20110113,105701,5410,30
OTP,0,20110113,105701,5410,20
BUX1112,0,20110113,105706,23175,3
OTP,0,20110113,105709,5411,390
OTP,0,20110113,105710,5410,30
OTP,0,20110113,105711,5410,10
OTP,0,20110113,105711,5410,200
OTP,0,20110113,105721,5410,300
OTP,0,20110113,105728,5411,50
OTP,0,20110113,105736,5401,20
OTP,0,20110113,105743,5401,88
OTP,0,20110113,105743,5400,912
MOL,0,20110113,105744,22090,4
OTP,0,20110113,105748,5401,88
RICHTER,0,20110113,105751,43155,4
OTP,0,20110113,105751,5410,50
OTP,0,20110113,105751,5411,60
OTP,0,20110113,105751,5411,1000
OTP,0,20110113,105751,5411,14
OTP,0,20110113,105751,5411,50
MOL,0,20110113,105754,22100,45
OTP,0,20110113,105757,5404,440
MOL,0,20110113,105800,22125,58
OTP,0,20110113,105811,5412,190
OTP,0,20110113,105811,5413,75
OTP,0,20110113,105811,5414,1
OTP,0,20110113,105811,5414,250
OTP,0,20110113,105811,5415,10
OTP,0,20110113,105811,5415,5
OTP,0,20110113,105811,5415,50
OTP,0,20110113,105811,5415,3
OTP,0,20110113,105811,5415,200
OTP,0,20110113,105811,5415,100
OTP,0,20110113,105811,5415,100
OTP,0,20110113,105811,5415,30
OTP,0,20110113,105811,5415,110
OTP,0,20110113,105811,5415,100
MTELEKOM,0,20110113,105821,552,7
OTP,0,20110113,105821,5416,13
OTP,0,20110113,105821,5416,20
OTP,0,20110113,105821,5417,100
OTP,0,20110113,105823,5418,50
OTP,0,20110113,105823,5418,500
OTP,0,20110113,105823,5418,20
OTP,0,20110113,105823,5419,100
OTP,0,20110113,105823,5419,45
OTP,0,20110113,105823,5419,500
OTP,0,20110113,105823,5419,24
OTP,0,20110113,105823,5419,100
OTP,0,20110113,105823,5419,8
OTP,0,20110113,105823,5419,200
OTP,0,20110113,105823,5419,250
OTP,0,20110113,105823,5419,100
OTP,0,20110113,105824,5420,200
OTP,0,20110113,105824,5420,4800
OTP,0,20110113,105827,5420,200
OTP,0,20110113,105827,5420,40
OTP,0,20110113,105827,5420,23
OTP,0,20110113,105827,5420,414
OTP,0,20110113,105827,5420,510
OTP,0,20110113,105827,5420,500
OTP,0,20110113,105827,5420,50
OTP,0,20110113,105827,5420,500
OTP,0,20110113,105827,5420,300
OTP,0,20110113,105827,5420,200
OTP,0,20110113,105827,5420,200
OTP,0,20110113,105827,5420,500
OTP,0,20110113,105827,5420,764
OTP,0,20110113,105827,5420,97
OTP,0,20110113,105827,5420,100
OTP,0,20110113,105827,5420,143
OTP,0,20110113,105827,5420,120
OTP,0,20110113,105827,5420,20
OTP,0,20110113,105827,5420,250
OTP,0,20110113,105827,5420,1000
OTP,0,20110113,105827,5420,298
OTP,0,20110113,105827,5420,90
OTP,0,20110113,105827,5420,500
OTP,0,20110113,105827,5420,200
OTP,0,20110113,105827,5420,61
OTP,0,20110113,105827,5420,100
OTP,0,20110113,105827,5420,3000
OTP,0,20110113,105827,5420,82
OTP,0,20110113,105827,5420,200
OTP,0,20110113,105827,5420,36
OTP,0,20110113,105827,5420,40
OTP,0,20110113,105827,5420,400
OTP,0,20110113,105827,5420,355
OTP,0,20110113,105827,5420,100
OTP,0,20110113,105827,5420,292
OTP,0,20110113,105827,5420,330
OTP,0,20110113,105827,5420,300
OTP,0,20110113,105827,5420,1000
OTP,0,20110113,105827,5420,10
OTP,0,20110113,105827,5420,520
OTP,0,20110113,105827,5420,52
OTP,0,20110113,105827,5420,10000
OTP,0,20110113,105827,5420,64
OTP,0,20110113,105827,5420,100
OTP,0,20110113,105830,5421,241
OTP,0,20110113,105830,5421,300
OTP,0,20110113,105830,5421,2644
OTP,0,20110113,105832,5422,10
OTP,0,20110113,105832,5422,1000
OTP,0,20110113,105832,5422,60
OTP,0,20110113,105832,5422,150
OTP,0,20110113,105834,5423,58
OTP,0,20110113,105834,5423,229
OTP,0,20110113,105834,5423,6
OTP,0,20110113,105836,5424,170
OTP,0,20110113,105836,5424,13
OTP,0,20110113,105836,5424,170
OTP,0,20110113,105836,5425,13
OTP,0,20110113,105836,5425,50
OTP,0,20110113,105836,5425,52
OTP,0,20110113,105836,5425,4
OTP,0,20110113,105836,5425,100
OTP,0,20110113,105836,5425,500
OTP,0,20110113,105836,5425,165
OTP,0,20110113,105836,5425,100
OTP,0,20110113,105836,5425,10
OTP,0,20110113,105836,5425,75
OTP,0,20110113,105836,5425,100
OTP,0,20110113,105836,5426,150
OTP,0,20110113,105836,5427,35
OTP,0,20110113,105836,5427,100
OTP,0,20110113,105836,5428,200
OTP,0,20110113,105836,5428,180
OTP,0,20110113,105836,5428,50
OTP,0,20110113,105836,5428,100
OTP,0,20110113,105836,5428,10
OTP,0,20110113,105836,5428,210
OTP,0,20110113,105836,5428,200
OTP,0,20110113,105836,5428,1000
OTP,0,20110113,105836,5429,50
OTP,0,20110113,105836,5429,100
OTP,0,20110113,105836,5429,8
OTP,0,20110113,105836,5430,263
OTP,0,20110113,105836,5430,344
OTP,0,20110113,105836,5430,55
OTP,0,20110113,105836,5430,101
OTP,0,20110113,105836,5430,6
OTP,0,20110113,105836,5430,93
OTP,0,20110113,105839,5430,357
OTP,0,20110113,105839,5430,143
OTP,0,20110113,105840,5425,26
OTP,0,20110113,105843,5430,100
OTP,0,20110113,105844,5425,100
OTP,0,20110113,105844,5430,957
OTP,0,20110113,105844,5430,100
OTP,0,20110113,105844,5430,500
OTP,0,20110113,105844,5430,173
OTP,0,20110113,105844,5430,19
OTP,0,20110113,105844,5430,100
OTP,0,20110113,105844,5430,40
OTP,0,20110113,105844,5430,1000
OTP,0,20110113,105844,5430,250
OTP,0,20110113,105844,5430,125
OTP,0,20110113,105844,5430,100
OTP,0,20110113,105844,5430,100
OTP,0,20110113,105844,5430,50
OTP,0,20110113,105844,5430,200
OTP,0,20110113,105844,5430,1000
OTP,0,20110113,105844,5430,320
OTP,0,20110113,105844,5430,20
OTP,0,20110113,105844,5430,1014
OTP,0,20110113,105844,5430,80
OTP,0,20110113,105844,5430,100
OTP,0,20110113,105844,5430,70
OTP,0,20110113,105844,5430,4000
OTP,0,20110113,105844,5430,17
OTP,0,20110113,105845,5430,55
BUX1112,0,20110113,105850,23180,3
BUX1112,0,20110113,105850,23183,4
BUX1112,0,20110113,105850,23183.5,3
BUX1112,0,20110113,105850,23183.5,2
BUX1112,0,20110113,105850,23184,1
BUX1112,0,20110113,105850,23185,1
BUX1112,0,20110113,105850,23188,1
OTP,0,20110113,105851,5431,20
OTP,0,20110113,105851,5431,200
OTP,0,20110113,105851,5431,500
OTP,0,20110113,105851,5432,380
OTP,0,20110113,105851,5432,20
OTP,0,20110113,105851,5432,744
OTP,0,20110113,105851,5432,136
OTP,0,20110113,105851,5432,40
OTP,0,20110113,105851,5432,124
ECONET,0,20110113,105856,88,309
ECONET,0,20110113,105856,88,691
BUX1112,0,20110113,105858,23189,1
OTP,0,20110113,105859,5432,76
OTP,0,20110113,105859,5430,28
OTP,0,20110113,105908,5430,30
OTP,0,20110113,105908,5430,10
OTP,0,20110113,105909,5430,460
OTP,0,20110113,105909,5430,40
OTP,0,20110113,105909,5432,103
OTP,0,20110113,105910,5430,60
OTP,0,20110113,105911,5430,287
OTP,0,20110113,105911,5432,713
OTP,0,20110113,105912,5426,50
OTP,0,20110113,105916,5425,100
MOL,0,20110113,105934,22130,2
OTP,0,20110113,105935,5425,15
PANNERGY,0,20110113,105942,909,125
OTP,0,20110113,105942,5425,52
OTP,0,20110113,105948,5423,7
OTP,0,20110113,105948,5423,2
OTP,0,20110113,110002,5423,500
MTELEKOM,0,20110113,110004,552,55
OTP,0,20110113,110009,5423,42
OTP,0,20110113,110012,5423,61
GENESIS,0,20110113,110013,203,50
OTP,0,20110113,110014,5425,52
OTP,0,20110113,110014,5425,10
OTP,0,20110113,110014,5425,20
OTP,0,20110113,110014,5425,50
OTP,0,20110113,110014,5425,1000
RICHTER,0,20110113,110021,43160,7
OTP,0,20110113,110021,5425,50
OTP,0,20110113,110023,5426,50
OTP,0,20110113,110027,5426,40
OTP,0,20110113,110030,5428,100
BUX1112,0,20110113,110030,23177,100
OTP,0,20110113,110031,5428,100
OTP,0,20110113,110039,5429,100
OTP,0,20110113,110047,5429,80
BUX1112,0,20110113,110057,23195,1
BUX1112,0,20110113,110057,23195,2
BUX1112,0,20110113,110057,23196,1
BUX1112,0,20110113,110057,23198,1
OTP,0,20110113,110100,5429,128
OTP,0,20110113,110100,5429,1000
OTP,0,20110113,110100,5425,100
OTP,0,20110113,110100,5425,25
OTP,0,20110113,110107,5428,1600
OTP,0,20110113,110108,5425,68
BUX1112,0,20110113,110108,23198,1
BUX1112,0,20110113,110108,23198,4
OTP,0,20110113,110119,5429,14
MOL,0,20110113,110119,22130,17
OTP,0,20110113,110126,5429,123
MOL,0,20110113,110126,22130,32
BUX1112,0,20110113,110128,23198,1
OTP,0,20110113,110131,5429,42
OTP,0,20110113,110131,5429,50
OTP,0,20110113,110131,5430,100
OTP,0,20110113,110131,5430,20
OTP,0,20110113,110131,5430,300
OTP,0,20110113,110131,5430,500
OTP,0,20110113,110131,5430,25
OTP,0,20110113,110131,5430,250
OTP,0,20110113,110131,5430,20
OTP,0,20110113,110131,5430,2000
MOL,0,20110113,110135,22135,50
MOL,0,20110113,110135,22135,7
OTP,0,20110113,110135,5425,10
OTP,0,20110113,110136,5430,25
OTP,0,20110113,110136,5430,100
OTP,0,20110113,110136,5430,250
OTP,0,20110113,110137,5432,1184
OTP,0,20110113,110137,5432,50
OTP,0,20110113,110137,5432,50
OTP,0,20110113,110137,5432,50
OTP,0,20110113,110137,5434,100
OTP,0,20110113,110137,5434,200
OTP,0,20110113,110137,5435,450
OTP,0,20110113,110137,5435,30
OTP,0,20110113,110137,5435,300
OTP,0,20110113,110137,5435,194
OTP,0,20110113,110137,5435,263
OTP,0,20110113,110137,5435,750
OTP,0,20110113,110137,5435,5
OTP,0,20110113,110137,5436,10
OTP,0,20110113,110141,5436,375
ZWACK,0,20110113,110202,12780,6
OTP,0,20110113,110208,5430,107
MTELEKOM,0,20110113,110210,552,298
OTP,0,20110113,110210,5435,625
OTP,0,20110113,110210,5437,230
OTP,0,20110113,110210,5437,1888
OTP,0,20110113,110210,5437,20
OTP,0,20110113,110210,5437,1200
OTP,0,20110113,110210,5438,175
OTP,0,20110113,110210,5438,100
OTP,0,20110113,110210,5438,366
OTP,0,20110113,110210,5438,108
OTP,0,20110113,110210,5438,500
OTP,0,20110113,110210,5439,110
OTP,0,20110113,110210,5439,100
OTP,0,20110113,110210,5439,100
OTP,0,20110113,110210,5439,25
OTP,0,20110113,110210,5439,6
OTP,0,20110113,110210,5439,1000
OTP,0,20110113,110210,5440,16
OTP,0,20110113,110210,5440,100
OTP,0,20110113,110210,5440,600
OTP,0,20110113,110210,5440,32
OTP,0,20110113,110210,5440,1600
OTP,0,20110113,110210,5440,200
OTP,0,20110113,110210,5440,300
OTP,0,20110113,110210,5440,1200
OTP,0,20110113,110210,5440,6000
OTP,0,20110113,110210,5440,229
OTP,0,20110113,110210,5440,100
OTP,0,20110113,110210,5440,5
OTP,0,20110113,110210,5440,27
OTP,0,20110113,110210,5440,100
OTP,0,20110113,110210,5440,2000
OTP,0,20110113,110210,5440,50
OTP,0,20110113,110210,5440,100
OTP,0,20110113,110210,5440,30
OTP,0,20110113,110210,5440,250
OTP,0,20110113,110210,5440,80
OTP,0,20110113,110210,5440,130
OTP,0,20110113,110210,5440,149
OTP,0,20110113,110210,5440,600
OTP,0,20110113,110210,5440,100
OTP,0,20110113,110210,5440,12
OTP,0,20110113,110210,5440,250
OTP,0,20110113,110210,5440,96
OTP,0,20110113,110210,5440,200
OTP,0,20110113,110210,5440,150
OTP,0,20110113,110210,5441,50
OTP,0,20110113,110210,5441,1500
OTP,0,20110113,110210,5442,20
OTP,0,20110113,110210,5443,103
OTP,0,20110113,110210,5444,50
OTP,0,20110113,110210,5444,50
OTP,0,20110113,110210,5444,175
OTP,0,20110113,110210,5444,25
OTP,0,20110113,110210,5444,20
OTP,0,20110113,110210,5444,30
OTP,0,20110113,110210,5444,10
OTP,0,20110113,110210,5445,24
OTP,0,20110113,110210,5445,150
OTP,0,20110113,110210,5445,550
OTP,0,20110113,110210,5445,491
OTP,0,20110113,110210,5445,2731
OTP,0,20110113,110210,5445,670
OTP,0,20110113,110210,5445,50
OTP,0,20110113,110210,5445,200
OTP,0,20110113,110210,5445,25
OTP,0,20110113,110210,5445,100
OTP,0,20110113,110210,5445,1000
OTP,0,20110113,110210,5446,1400
OTP,0,20110113,110210,5446,90
OTP,0,20110113,110210,5447,300
OTP,0,20110113,110210,5447,90
OTP,0,20110113,110210,5448,300
OTP,0,20110113,110210,5448,2000
OTP,0,20110113,110210,5448,200
OTP,0,20110113,110210,5448,50
OTP,0,20110113,110210,5448,100
OTP,0,20110113,110210,5448,250
OTP,0,20110113,110210,5448,50
OTP,0,20110113,110210,5448,150
OTP,0,20110113,110210,5448,171
OTP,0,20110113,110210,5448,100
OTP,0,20110113,110210,5448,50
OTP,0,20110113,110210,5448,8
OTP,0,20110113,110210,5448,25
OTP,0,20110113,110210,5448,50
OTP,0,20110113,110210,5448,134
OTP,0,20110113,110210,5448,100
OTP,0,20110113,110210,5448,500
OTP,0,20110113,110210,5449,345
OTP,0,20110113,110210,5449,55
OTP,0,20110113,110210,5449,60
OTP,0,20110113,110210,5449,200
OTP,0,20110113,110210,5449,20
OTP,0,20110113,110210,5449,200
OTP,0,20110113,110210,5449,60
OTP,0,20110113,110210,5449,100
OTP,0,20110113,110210,5449,100
OTP,0,20110113,110210,5449,200
OTP,0,20110113,110210,5449,100
OTP,0,20110113,110210,5449,1000
OTP,0,20110113,110210,5449,95
OTP,0,20110113,110210,5449,100
OTP,0,20110113,110210,5449,25
OTP,0,20110113,110210,5449,25
OTP,0,20110113,110210,5449,60
OTP,0,20110113,110210,5449,200
OTP,0,20110113,110210,5449,100
OTP,0,20110113,110210,5449,1000
OTP,0,20110113,110210,5449,8
OTP,0,20110113,110210,5449,100
OTP,0,20110113,110210,5450,7
OTP,0,20110113,110210,5450,65
OTP,0,20110113,110210,5450,18
OTP,0,20110113,110210,5450,37
OTP,0,20110113,110210,5450,50
OTP,0,20110113,110210,5450,180
OTP,0,20110113,110210,5450,11
OTP,0,20110113,110210,5450,760
OTP,0,20110113,110210,5450,159
OTP,0,20110113,110210,5450,140
OTP,0,20110113,110210,5450,300
OTP,0,20110113,110210,5450,400
OTP,0,20110113,110210,5450,300
OTP,0,20110113,110210,5450,21
OTP,0,20110113,110210,5450,400
OTP,0,20110113,110210,5450,300
OTP,0,20110113,110210,5450,352
OTP,0,20110113,110210,5450,96
OTP,0,20110113,110210,5450,66
OTP,0,20110113,110210,5450,774
OTP,0,20110113,110210,5450,110
OTP,0,20110113,110210,5450,202
OTP,0,20110113,110210,5450,300
OTP,0,20110113,110210,5450,200
OTP,0,20110113,110210,5450,11
OTP,0,20110113,110210,5450,208
OTP,0,20110113,110210,5450,410
OTP,0,20110113,110210,5450,100
OTP,0,20110113,110210,5450,200
OTP,0,20110113,110210,5450,54
OTP,0,20110113,110210,5450,56
OTP,0,20110113,110210,5450,1000
OTP,0,20110113,110210,5450,133
OTP,0,20110113,110210,5450,41
OTP,0,20110113,110210,5450,37
OTP,0,20110113,110210,5450,40
OTP,0,20110113,110210,5450,100
OTP,0,20110113,110210,5450,10
OTP,0,20110113,110210,5450,30
OTP,0,20110113,110210,5450,187
OTP,0,20110113,110210,5450,100
OTP,0,20110113,110210,5450,57
OTP,0,20110113,110210,5450,15
OTP,0,20110113,110210,5450,150
OTP,0,20110113,110210,5450,23
OTP,0,20110113,110210,5450,36
OTP,0,20110113,110210,5450,205
OTP,0,20110113,110210,5450,940
OTP,0,20110113,110210,5450,100
OTP,0,20110113,110210,5450,10000
OTP,0,20110113,110210,5450,400
OTP,0,20110113,110210,5450,1000
OTP,0,20110113,110210,5450,400
OTP,0,20110113,110210,5450,100
OTP,0,20110113,110210,5450,80
OTP,0,20110113,110210,5450,1403
OTP,0,20110113,110210,5450,30
OTP,0,20110113,110210,5450,150
OTP,0,20110113,110210,5450,531
OTP,0,20110113,110210,5450,1170
OTP,0,20110113,110210,5450,104
OTP,0,20110113,110210,5450,200
OTP,0,20110113,110210,5450,10
OTP,0,20110113,110210,5450,200
OTP,0,20110113,110210,5450,330
OTP,0,20110113,110210,5450,60
OTP,0,20110113,110210,5450,114
OTP,0,20110113,110210,5450,25
OTP,0,20110113,110210,5450,250
OTP,0,20110113,110210,5450,50
OTP,0,20110113,110210,5450,5000
OTP,0,20110113,110210,5450,5000
OTP,0,20110113,110210,5450,4001
OTP,0,20110113,110210,5450,100
OTP,0,20110113,110210,5450,25
OTP,0,20110113,110210,5450,412
OTP,0,20110113,110210,5450,252
OTP,0,20110113,110210,5450,100
OTP,0,20110113,110210,5450,1000
OTP,0,20110113,110210,5450,100
OTP,0,20110113,110210,5450,40
OTP,0,20110113,110210,5450,200
OTP,0,20110113,110210,5450,160
OTP,0,20110113,110210,5450,200
OTP,0,20110113,110210,5450,105
OTP,0,20110113,110210,5450,250
OTP,0,20110113,110210,5450,180
OTP,0,20110113,110210,5450,271
OTP,0,20110113,110210,5450,40
OTP,0,20110113,110210,5450,320
OTP,0,20110113,110210,5450,500
OTP,0,20110113,110210,5450,40
OTP,0,20110113,110210,5450,100
OTP,0,20110113,110210,5450,3000
OTP,0,20110113,110210,5450,30
OTP,0,20110113,110210,5450,900
OTP,0,20110113,110210,5450,200
OTP,0,20110113,110210,5450,362
OTP,0,20110113,110210,5450,10
OTP,0,20110113,110210,5450,700
OTP,0,20110113,110210,5450,100
OTP,0,20110113,110210,5450,85
OTP,0,20110113,110210,5450,852
OTP,0,20110113,110210,5450,100
OTP,0,20110113,110210,5450,50
OTP,0,20110113,110210,5450,300
OTP,0,20110113,110210,5450,275
OTP,0,20110113,110210,5450,1341
OTP,0,20110113,110210,5450,1000
OTP,0,20110113,110210,5453,20
OTP,0,20110113,110210,5453,125
OTP,0,20110113,110210,5453,70
OTP,0,20110113,110211,5450,120
BUX1112,0,20110113,110212,23195,1
BUX1112,0,20110113,110212,23198,3
BUX1112,0,20110113,110212,23198.5,1
BUX1112,0,20110113,110212,23199,1
BUX1112,0,20110113,110212,23199,5
OTP,0,20110113,110217,5450,6527
OTP,0,20110113,110218,5440,10
OTP,0,20110113,110220,5449,5
OTP,0,20110113,110222,5440,100
BUX1112,0,20110113,110225,23199,3
OTP,0,20110113,110227,5440,100
MTELEKOM,0,20110113,110228,552,3000
OTP,0,20110113,110235,5449,176
OTP,0,20110113,110235,5450,250
OTP,0,20110113,110235,5450,200
OTP,0,20110113,110235,5450,1000
OTP,0,20110113,110235,5450,500
OTP,0,20110113,110235,5450,250
OTP,0,20110113,110235,5450,473
OTP,0,20110113,110237,5452,100
BUX1112,0,20110113,110238,23199,1
OTP,0,20110113,110238,5450,100
OTP,0,20110113,110241,5450,2051
OTP,0,20110113,110244,5445,2000
OTP,0,20110113,110246,5445,949
OTP,0,20110113,110248,5450,300
OTP,0,20110113,110248,5450,100
OTP,0,20110113,110250,5445,61
BUX1112,0,20110113,110250,23199,1
BUX1112,0,20110113,110250,23200,4
OTP,0,20110113,110251,5445,50
OTP,0,20110113,110255,5450,400
OTP,0,20110113,110255,5450,70
OTP,0,20110113,110256,5450,123
OTP,0,20110113,110257,5450,507
OTP,0,20110113,110257,5450,493
OTP,0,20110113,110258,5450,12
OTP,0,20110113,110258,5450,400
OTP,0,20110113,110259,5450,30
OTP,0,20110113,110302,5450,1
OTP,0,20110113,110303,5450,20
OTP,0,20110113,110304,5450,35
OTP,0,20110113,110304,5450,1000
OTP,0,20110113,110305,5450,9
OTP,0,20110113,110305,5450,16
OTP,0,20110113,110308,5450,94
OTP,0,20110113,110309,5450,406
OTP,0,20110113,110314,5450,1000
MTELEKOM,0,20110113,110318,552,500
OTP,0,20110113,110319,5450,10
OTP,0,20110113,110319,5453,85
OTP,0,20110113,110319,5453,150
MTELEKOM,0,20110113,110319,552,671
MTELEKOM,0,20110113,110321,552,6
OTP,0,20110113,110322,5453,154
OTP,0,20110113,110322,5450,46
OTP,0,20110113,110323,5450,538
OTP,0,20110113,110323,5450,200
OTP,0,20110113,110323,5450,262
OTP,0,20110113,110323,5450,100
OTP,0,20110113,110324,5450,25
OTP,0,20110113,110325,5450,20
MTELEKOM,0,20110113,110328,552,4000
OTP,0,20110113,110329,5450,25
OTP,0,20110113,110329,5450,100
MTELEKOM,0,20110113,110329,552,1035
OTP,0,20110113,110332,5450,19
MTELEKOM,0,20110113,110333,552,818
MTELEKOM,0,20110113,110333,552,100
MTELEKOM,0,20110113,110333,552,4082
OTP,0,20110113,110334,5450,16
MTELEKOM,0,20110113,110334,552,1207
OTP,0,20110113,110336,5450,100
BUX1112,0,20110113,110337,23210,1
OTP,0,20110113,110338,5450,1000
OTP,0,20110113,110341,5450,150
OTP,0,20110113,110341,5450,183
OTP,0,20110113,110341,5450,20
OTP,0,20110113,110341,5450,14
OTP,0,20110113,110343,5450,1986
RICHTER,0,20110113,110346,43325,1
RICHTER,0,20110113,110346,43330,10
RICHTER,0,20110113,110346,43330,10
RICHTER,0,20110113,110346,43335,35
RICHTER,0,20110113,110346,43335,34
OTP,0,20110113,110346,5450,2000
OTP,0,20110113,110346,5450,1014
OTP,0,20110113,110347,5450,500
OTP,0,20110113,110348,5450,100
OTP,0,20110113,110348,5450,300
OTP,0,20110113,110350,5450,30
OTP,0,20110113,110354,5450,56
OTP,0,20110113,110357,5450,419
OTP,0,20110113,110400,5450,1500
OTP,0,20110113,110402,5450,81
MTELEKOM,0,20110113,110402,552,500
OTP,0,20110113,110404,5450,919
OTP,0,20110113,110404,5450,1000
OTP,0,20110113,110405,5452,300
OTP,0,20110113,110405,5453,30
OTP,0,20110113,110405,5453,30
OTP,0,20110113,110405,5454,13
OTP,0,20110113,110405,5454,10
OTP,0,20110113,110405,5454,54
OTP,0,20110113,110405,5454,5
OTP,0,20110113,110405,5454,93
OTP,0,20110113,110405,5454,58
OTP,0,20110113,110405,5454,50
OTP,0,20110113,110405,5454,30
OTP,0,20110113,110405,5454,1000
OTP,0,20110113,110405,5455,200
OTP,0,20110113,110405,5455,92
OTP,0,20110113,110405,5455,300
OTP,0,20110113,110405,5455,50
OTP,0,20110113,110405,5455,500
OTP,0,20110113,110405,5455,180
OTP,0,20110113,110405,5456,1000
BUX1112,0,20110113,110405,23210.5,1
OTP,0,20110113,110407,5450,81
OTP,0,20110113,110410,5450,319
OTP,0,20110113,110412,5457,95
OTP,0,20110113,110412,5457,40
OTP,0,20110113,110412,5457,163
OTP,0,20110113,110412,5458,400
OTP,0,20110113,110412,5458,100
OTP,0,20110113,110412,5458,500
OTP,0,20110113,110412,5459,60
OTP,0,20110113,110412,5459,1090
OTP,0,20110113,110412,5459,2618
OTP,0,20110113,110412,5459,100
OTP,0,20110113,110412,5460,8
OTP,0,20110113,110412,5460,12
OTP,0,20110113,110412,5460,740
OTP,0,20110113,110412,5460,20
OTP,0,20110113,110412,5460,200
OTP,0,20110113,110412,5460,200
OTP,0,20110113,110412,5460,300
OTP,0,20110113,110412,5460,100
OTP,0,20110113,110412,5460,30
OTP,0,20110113,110412,5460,140
OTP,0,20110113,110412,5460,1000
OTP,0,20110113,110412,5460,20
OTP,0,20110113,110412,5460,1000
OTP,0,20110113,110412,5460,5000
OTP,0,20110113,110412,5460,205
OTP,0,20110113,110412,5460,1000
OTP,0,20110113,110412,5462,2100
BUX1112,0,20110113,110413,23220,5
BUX1112,0,20110113,110413,23220,15
BUX1112,0,20110113,110413,23225,2
BUX1112,0,20110113,110413,23230,1
BUX1112,0,20110113,110413,23230,1
BUX1112,0,20110113,110413,23230,1
BUX1112,0,20110113,110413,23231,1
BUX1112,0,20110113,110413,23232,1
BUX1112,0,20110113,110413,23235,1
BUX1112,0,20110113,110413,23235,1
BUX1112,0,20110113,110413,23247,10
OTP,0,20110113,110413,5462,44
OTP,0,20110113,110414,5462,56
OTP,0,20110113,110414,5450,44
BUX1112,0,20110113,110417,23240,6
OTP,0,20110113,110420,5451,500
OTP,0,20110113,110421,5451,10
OTP,0,20110113,110421,5450,90
OTP,0,20110113,110421,5450,57
OTP,0,20110113,110422,5464,30
OTP,0,20110113,110427,5450,600
OTP,0,20110113,110438,5451,50
PANNERGY,0,20110113,110445,913,150
OTP,0,20110113,110452,5457,100
MOL,0,20110113,110454,22135,77
EGIS,0,20110113,110454,21350,15
RICHTER,0,20110113,110455,43320,5
OTP,0,20110113,110456,5455,6945
BUX1112,0,20110113,110456,23248,1
OTP,0,20110113,110457,5451,100
RICHTER,0,20110113,110457,43335,2
OTP,0,20110113,110458,5451,20
MTELEKOM,0,20110113,110504,552,3000
MTELEKOM,0,20110113,110506,552,276
OTP,0,20110113,110518,5451,12
MTELEKOM,0,20110113,110521,552,935
MTELEKOM,0,20110113,110521,552,140
MTELEKOM,0,20110113,110521,552,9
RICHTER,0,20110113,110526,43175,20
RICHTER,0,20110113,110527,43175,5
OTP,0,20110113,110527,5455,55
OTP,0,20110113,110527,5455,250
OTP,0,20110113,110527,5455,300
MTELEKOM,0,20110113,110532,552,81
OTP,0,20110113,110532,5451,70
OTP,0,20110113,110536,5451,80
OTP,0,20110113,110537,5451,608
OTP,0,20110113,110537,5451,92
OTP,0,20110113,110541,5451,100
OTP,0,20110113,110542,5451,25
OTP,0,20110113,110543,5451,40
ANY,0,20110113,110544,759,10
OTP,0,20110113,110549,5451,1700
OTP,0,20110113,110555,5451,43
OTP,0,20110113,110608,5450,15
BUX1112,0,20110113,110611,23239,8
OTP,0,20110113,110612,5450,15
ANY,0,20110113,110613,758,45
OTP,0,20110113,110615,5450,70
OTP,0,20110113,110617,5450,20
OTP,0,20110113,110618,5450,2000
OTP,0,20110113,110621,5450,880
OTP,0,20110113,110621,5450,550
OTP,0,20110113,110621,5450,2
OTP,0,20110113,110621,5450,250
OTP,0,20110113,110624,5450,390
OTP,0,20110113,110630,5449,100
MTELEKOM,0,20110113,110634,553,1229
OTP,0,20110113,110634,5450,928
OTP,0,20110113,110634,5450,1682
OTP,0,20110113,110634,5450,1450
OTP,0,20110113,110634,5450,750
OTP,0,20110113,110634,5450,190
OTP,0,20110113,110637,5449,500
MOL,0,20110113,110642,22100,25
MOL,0,20110113,110642,22100,10
OTP,0,20110113,110644,5449,15
OTP,0,20110113,110644,5449,100
OTP,0,20110113,110644,5450,10
OTP,0,20110113,110644,5450,1000
OTP,0,20110113,110644,5450,818
OTP,0,20110113,110653,5450,57
OTP,0,20110113,110653,5442,500
OTP,0,20110113,110653,5441,443
OTP,0,20110113,110653,5441,100
OTP,0,20110113,110657,5441,2057
OTP,0,20110113,110657,5441,5
OTP,0,20110113,110657,5440,150
OTP,0,20110113,110657,5440,1000
OTP,0,20110113,110657,5440,2000
OTP,0,20110113,110657,5436,1000
OTP,0,20110113,110658,5440,932
OTP,0,20110113,110658,5449,300
OTP,0,20110113,110658,5450,2018
BUX1112,0,20110113,110704,23210,2
OTP,0,20110113,110706,5434,500
OTP,0,20110113,110707,5435,50
OTP,0,20110113,110717,5440,980
BUX1112,0,20110113,110727,23200,1
GENESIS,0,20110113,110729,200,50
OTP,0,20110113,110730,5440,2
MTELEKOM,0,20110113,110732,553,994
OTP,0,20110113,110739,5441,1000
OTP,0,20110113,110749,5449,70
OTP,0,20110113,110749,5449,60
OTP,0,20110113,110749,5449,500
OTP,0,20110113,110749,5449,359
OTP,0,20110113,110749,5449,10
OTP,0,20110113,110757,5450,432
OTP,0,20110113,110757,5450,500
OTP,0,20110113,110757,5450,64
OTP,0,20110113,110757,5450,4
OTP,0,20110113,110759,5448,100
OTP,0,20110113,110759,5450,900
OTP,0,20110113,110811,5448,400
OTP,0,20110113,110813,5450,50
BUX1112,0,20110113,110821,23225,20
BUX1112,0,20110113,110821,23230,10
BUX1112,0,20110113,110821,23230.5,1
BUX1112,0,20110113,110821,23230.5,1
BUX1112,0,20110113,110821,23238,20
BUX1112,0,20110113,110821,23238.5,2
OTP,0,20110113,110821,5445,5
OTP,0,20110113,110824,5449,100
MTELEKOM,0,20110113,110826,553,7
MOL,0,20110113,110829,22100,10
OTP,0,20110113,110835,5445,1020
MOL,0,20110113,110835,22135,12
PANNERGY,0,20110113,110839,913,450
PANNERGY,0,20110113,110843,913,200
OTP,0,20110113,110848,5448,20
OTP,0,20110113,110848,5449,200
OTP,0,20110113,110848,5449,200
OTP,0,20110113,110851,5445,150
OTP,0,20110113,110858,5446,40
FREESOFT,0,20110113,110858,2198,10047
OTP,0,20110113,110858,5446,98
OTP,0,20110113,110900,5446,500
OTP,0,20110113,110909,5450,47500
OTP,0,20110113,110916,5449,200
OTP,0,20110113,110916,5449,15
OTP,0,20110113,110916,5449,785
OTP,0,20110113,110920,5446,50
OTP,0,20110113,110925,5446,62
OTP,0,20110113,110925,5445,4197
OTP,0,20110113,110927,5445,628
OTP,0,20110113,110927,5445,2000
OTP,0,20110113,110927,5445,372
OTP,0,20110113,110929,5448,100
OTP,0,20110113,110937,5446,10
OTP,0,20110113,110940,5449,20
OTP,0,20110113,110943,5449,195
OTP,0,20110113,110943,5449,85
MTELEKOM,0,20110113,110949,553,446
GENESIS,0,20110113,111007,199,146
OTP,0,20110113,111009,5446,1000
OTP,0,20110113,111009,5445,378
OTP,0,20110113,111009,5445,872
OTP,0,20110113,111009,5445,10
OTP,0,20110113,111012,5445,16
OTP,0,20110113,111018,5445,50
OTP,0,20110113,111022,5447,40
OTP,0,20110113,111022,5448,250
OTP,0,20110113,111022,5449,510
OTP,0,20110113,111025,5445,200
OTP,0,20110113,111025,5445,2
OTP,0,20110113,111027,5446,1000
RICHTER,0,20110113,111030,43210,5
MTELEKOM,0,20110113,111034,552,1019
OTP,0,20110113,111036,5449,2405
OTP,0,20110113,111036,5449,80
OTP,0,20110113,111036,5449,300
OTP,0,20110113,111036,5449,130
OTP,0,20110113,111036,5450,50
OTP,0,20110113,111036,5450,500
OTP,0,20110113,111036,5450,1000
OTP,0,20110113,111036,5450,16
OTP,0,20110113,111036,5450,250
OTP,0,20110113,111036,5450,600
OTP,0,20110113,111036,5450,100
OTP,0,20110113,111036,5450,500
OTP,0,20110113,111036,5450,250
OTP,0,20110113,111036,5450,3000
OTP,0,20110113,111036,5450,14
OTP,0,20110113,111036,5450,42
OTP,0,20110113,111036,5450,100
OTP,0,20110113,111036,5450,150
OTP,0,20110113,111036,5450,185
OTP,0,20110113,111036,5450,18
OTP,0,20110113,111036,5450,49
OTP,0,20110113,111036,5450,180
OTP,0,20110113,111036,5450,80
OTP,0,20110113,111036,5451,7
OTP,0,20110113,111036,5451,300
PANNERGY,0,20110113,111038,913,200
OTP,0,20110113,111043,5451,14
OTP,0,20110113,111043,5451,50
OTP,0,20110113,111053,5452,120
OTP,0,20110113,111053,5452,3000
OTP,0,20110113,111056,5454,110
OTP,0,20110113,111056,5454,30
OTP,0,20110113,111103,5451,50
OTP,0,20110113,111103,5455,80
OTP,0,20110113,111103,5455,20
OTP,0,20110113,111103,5455,1000
OTP,0,20110113,111103,5455,500
OTP,0,20110113,111103,5456,1400
OTP,0,20110113,111103,5456,80
OTP,0,20110113,111103,5451,920
OTP,0,20110113,111106,5451,100
OTP,0,20110113,111114,5451,200
OTP,0,20110113,111116,5457,5
OTP,0,20110113,111125,5455,10
OTP,0,20110113,111130,5452,23
OTP,0,20110113,111130,5452,1500
FOTEX,0,20110113,111134,383,200
OTP,0,20110113,111136,5455,170
OTP,0,20110113,111136,5451,92
OTP,0,20110113,111156,5458,15
OTP,0,20110113,111156,5458,70
KEG,0,20110113,111158,137,750
OTP,0,20110113,111201,5452,1125
OTP,0,20110113,111201,5451,375
MOL,0,20110113,111204,22130,4
OTP,0,20110113,111205,5458,400
GENESIS,0,20110113,111216,199,380
BUX1112,0,20110113,111216,23202.5,1
BUX1112,0,20110113,111216,23202,1
BUX1112,0,20110113,111216,23202,1
BUX1112,0,20110113,111216,23201,2
OTP,0,20110113,111224,5455,100
OTP,0,20110113,111224,5457,14
OTP,0,20110113,111224,5457,15
OTP,0,20110113,111224,5458,530
OTP,0,20110113,111224,5459,17
OTP,0,20110113,111224,5459,300
OTP,0,20110113,111224,5459,24
FHB,0,20110113,111228,970,15
FHB,0,20110113,111228,970,485
OTP,0,20110113,111228,5452,300
OTP,0,20110113,111234,5458,390
BUX1112,0,20110113,111236,23201,1
OTP,0,20110113,111238,5453,80
OTP,0,20110113,111238,5452,20
OTP,0,20110113,111241,5458,200
OTP,0,20110113,111248,5458,210
OTP,0,20110113,111250,5458,190
EGIS,0,20110113,111301,21345,93
MTELEKOM,0,20110113,111304,552,293
FHB,0,20110113,111308,970,15
FHB,0,20110113,111308,970,85
OTP,0,20110113,111318,5452,500
OTP,0,20110113,111318,5452,50
OTP,0,20110113,111318,5451,100
EBGOLD,0,20110113,111323,2910,10
OTP,0,20110113,111324,5451,100
MTELEKOM,0,20110113,111326,552,7
OTP,0,20110113,111336,5451,300
OTP,0,20110113,111342,5451,100
OTP,0,20110113,111354,5451,150
OTP,0,20110113,111401,5452,50
OTP,0,20110113,111401,5452,100
OTP,0,20110113,111401,5453,50
OTP,0,20110113,111401,5453,1000
OTP,0,20110113,111401,5455,1000
OTP,0,20110113,111401,5455,500
OTP,0,20110113,111401,5455,5940
OTP,0,20110113,111401,5456,810
OTP,0,20110113,111401,5458,50
OTP,0,20110113,111401,5459,1976
OTP,0,20110113,111401,5459,2000
OTP,0,20110113,111401,5459,400
OTP,0,20110113,111401,5460,20
OTP,0,20110113,111401,5460,100
OTP,0,20110113,111401,5460,25
OTP,0,20110113,111401,5460,25
OTP,0,20110113,111401,5460,1000
OTP,0,20110113,111401,5460,25
OTP,0,20110113,111401,5460,500
OTP,0,20110113,111401,5460,200
OTP,0,20110113,111401,5460,549
OTP,0,20110113,111401,5460,1000
OTP,0,20110113,111401,5460,100
OTP,0,20110113,111401,5460,250
OTP,0,20110113,111401,5460,16
OTP,0,20110113,111403,5460,100
FOTEX,0,20110113,111406,384,408
OTP,0,20110113,111408,5460,25
PANNERGY,0,20110113,111410,914,100
PANNERGY,0,20110113,111410,914,600
OTP,0,20110113,111414,5460,2000
OTP,0,20110113,111416,5461,100
OTP,0,20110113,111421,5460,100
OTP,0,20110113,111425,5460,89
OTP,0,20110113,111429,5453,1000
PANNERGY,0,20110113,111430,915,511
PANNERGY,0,20110113,111430,917,200
PANNERGY,0,20110113,111430,917,330
PANNERGY,0,20110113,111430,917,125
PANNERGY,0,20110113,111430,918,50
PANNERGY,0,20110113,111430,918,100
PANNERGY,0,20110113,111430,918,1500
OTP,0,20110113,111432,5453,18
OTP,0,20110113,111432,5451,7
OTP,0,20110113,111445,5457,524
OTP,0,20110113,111445,5458,20
OTP,0,20110113,111445,5460,111
OTP,0,20110113,111445,5460,500
OTP,0,20110113,111445,5460,200
OTP,0,20110113,111445,5460,100
OTP,0,20110113,111445,5460,500
PANNERGY,0,20110113,111446,918,184
OTP,0,20110113,111446,5460,2000
GENESIS,0,20110113,111449,199,190
OTP,0,20110113,111454,5460,1045
OTP,0,20110113,111454,5460,400
ECONET,0,20110113,111454,88,309
ECONET,0,20110113,111454,88,1913
MOL,0,20110113,111500,22100,11
OTP,0,20110113,111501,5460,10
OTP,0,20110113,111512,5455,220
OTP,0,20110113,111517,5459,30
BUX1112,0,20110113,111525,23202,1
OTP,0,20110113,111530,5455,1000
OTP,0,20110113,111531,5458,1000
OTP,0,20110113,111531,5459,170
OTP,0,20110113,111531,5459,50
OTP,0,20110113,111531,5459,118
OTP,0,20110113,111531,5460,1045
OTP,0,20110113,111531,5460,5000
OTP,0,20110113,111531,5460,50
OTP,0,20110113,111531,5460,1000
OTP,0,20110113,111531,5460,1567
OTP,0,20110113,111534,5455,118
OTP,0,20110113,111534,5452,792
RICHTER,0,20110113,111536,43315,1
OTP,0,20110113,111539,5460,389
MOL,0,20110113,111539,22100,3
OTP,0,20110113,111540,5460,3044
MTELEKOM,0,20110113,111545,552,500
OTP,0,20110113,111545,5460,5
OTP,0,20110113,111552,5460,920
OTP,0,20110113,111553,5460,1031
OTP,0,20110113,111553,5460,50
OTP,0,20110113,111554,5460,30
RICHTER,0,20110113,111555,43320,11
OTP,0,20110113,111556,5460,1000
OTP,0,20110113,111600,5460,200
RICHTER,0,20110113,111604,43315,6
BUX1112,0,20110113,111616,23225,2
BUX1112,0,20110113,111616,23230,3
OTP,0,20110113,111618,5452,731
OTP,0,20110113,111618,5452,200
OTP,0,20110113,111618,5452,4
OTP,0,20110113,111618,5451,1065
MTELEKOM,0,20110113,111619,552,160
OTP,0,20110113,111628,5451,20
OTP,0,20110113,111636,5459,20
OTP,0,20110113,111641,5459,25
MOL,0,20110113,111656,22060,8
MOL,0,20110113,111656,22060,25
MOL,0,20110113,111656,22055,150
OTP,0,20110113,111702,5451,1000
OTP,0,20110113,111706,5451,51
OTP,0,20110113,111706,5451,29
OTP,0,20110113,111706,5450,920
OTP,0,20110113,111706,5450,100
OTP,0,20110113,111715,5451,10
OTP,0,20110113,111720,5451,81
BUX1112,0,20110113,111721,23201,3
BUX1112,0,20110113,111721,23200,1
OTP,0,20110113,111722,5451,157
OTP,0,20110113,111722,5451,252
OTP,0,20110113,111722,5450,48
OTP,0,20110113,111736,5451,385
OTP,0,20110113,111745,5455,200
OTP,0,20110113,111745,5451,200
OTP,0,20110113,111749,5456,15
