<TICKER>,<PER>,<DTYYYYMMDD>,<TIME>,<CLOSE>,<VOLUME>
CSEPEL,0,20110106,090002,272,350
CSEPEL,0,20110106,090002,272,10
ECONET,0,20110106,090002,90,201
ECONET,0,20110106,090002,90,2000
ECONET,0,20110106,090002,90,899
EGIS,0,20110106,090002,20400,50
FHB,0,20110106,090002,974,50
GENESIS,0,20110106,090002,230,200
GENESIS,0,20110106,090002,230,50
GENESIS,0,20110106,090002,230,300
GENESIS,0,20110106,090002,230,50
GENESIS,0,20110106,090002,230,150
GENESIS,0,20110106,090002,230,169
GENESIS,0,20110106,090002,230,831
GENESIS,0,20110106,090002,230,169
GENESIS,0,20110106,090002,230,2166
HUMET,0,20110106,090002,9,25000
HUMET,0,20110106,090002,9,38960
HUMET,0,20110106,090002,9,11040
HUMET,0,20110106,090002,9,30000
KEG,0,20110106,090002,134,1000
MOL,0,20110106,090002,21320,20
MOL,0,20110106,090002,21320,4
MOL,0,20110106,090002,21320,1
MOL,0,20110106,090002,21320,14
MOL,0,20110106,090002,21320,5
MTELEKOM,0,20110106,090002,552,100
MTELEKOM,0,20110106,090002,552,400
MTELEKOM,0,20110106,090002,552,200
MTELEKOM,0,20110106,090002,552,400
MTELEKOM,0,20110106,090002,552,100
MTELEKOM,0,20110106,090002,552,450
MTELEKOM,0,20110106,090002,552,550
OTP,0,20110106,090002,5299,90
OTP,0,20110106,090002,5299,15
OTP,0,20110106,090002,5299,15
OTP,0,20110106,090002,5299,30
OTP,0,20110106,090002,5299,190
OTP,0,20110106,090002,5299,264
OTP,0,20110106,090002,5299,330
OTP,0,20110106,090002,5299,15
OTP,0,20110106,090002,5299,50
OTP,0,20110106,090002,5299,52
OTP,0,20110106,090002,5299,750
OTP,0,20110106,090002,5299,4
OTP,0,20110106,090002,5299,18
OTP,0,20110106,090002,5299,100
OTP,0,20110106,090002,5299,100
OTP,0,20110106,090002,5299,350
OTP,0,20110106,090002,5299,500
OTP,0,20110106,090002,5299,7
OTP,0,20110106,090002,5299,401
OTP,0,20110106,090002,5299,1
OTP,0,20110106,090002,5299,90
OTP,0,20110106,090002,5299,30
OTP,0,20110106,090002,5299,100
OTP,0,20110106,090002,5299,15
OTP,0,20110106,090002,5299,25
OTP,0,20110106,090002,5299,338
OTP,0,20110106,090002,5299,15
OTP,0,20110106,090002,5299,97
OTP,0,20110106,090002,5299,53
OTP,0,20110106,090002,5299,8
OTP,0,20110106,090002,5299,89
OTP,0,20110106,090002,5299,270
OTP,0,20110106,090002,5299,141
OTP,0,20110106,090002,5299,59
OTP,0,20110106,090002,5299,2
OTP,0,20110106,090002,5299,15
OTP,0,20110106,090002,5299,15
OTP,0,20110106,090002,5299,40
OTP,0,20110106,090002,5299,80
OTP,0,20110106,090002,5299,500
OTP,0,20110106,090002,5299,548
OTP,0,20110106,090002,5299,1120
OTP,0,20110106,090002,5299,100
PANNERGY,0,20110106,090002,913,100
RICHTER,0,20110106,090002,43300,1
RICHTER,0,20110106,090002,43300,10
RICHTER,0,20110106,090002,43300,1
RICHTER,0,20110106,090002,43300,23
RICHTER,0,20110106,090002,43300,16
TVNETWORK,0,20110106,090002,297,350
ZWACK,0,20110106,090002,13000,38
BUX1112,0,20110106,090004,22800,1
BUX1112,0,20110106,090004,22800,1
BUX1112,0,20110106,090004,22800,1
BUX1112,0,20110106,090004,22800,1
BUX1112,0,20110106,090004,22800,1
BUX1112,0,20110106,090004,22800,4
FHB,0,20110106,090200,974,150
BUX1112,0,20110106,090203,22800,1
OTP,0,20110106,090203,5299,2200
BUX1112,0,20110106,090205,22800,5
OTP,0,20110106,090206,5295,170
OTP,0,20110106,090206,5295,44
PANNERGY,0,20110106,090207,913,229
MOL,0,20110106,090210,21380,10
MOL,0,20110106,090210,21380,13
RICHTER,0,20110106,090210,43300,4
BUX1112,0,20110106,090210,22810,3
OTP,0,20110106,090211,5295,18
OTP,0,20110106,090212,5295,33
PANNERGY,0,20110106,090214,913,571
RABA,0,20110106,090215,820,13
OTP,0,20110106,090215,5295,535
OTP,0,20110106,090215,5295,150
MTELEKOM,0,20110106,090216,553,300
RFV,0,20110106,090220,8400,50
RFV,0,20110106,090220,8400,50
GENESIS,0,20110106,090223,230,100
MTELEKOM,0,20110106,090225,552,100
OTP,0,20110106,090228,5297,115
OTP,0,20110106,090228,5295,35
OTP,0,20110106,090232,5295,60
OTP,0,20110106,090232,5295,405
OTP,0,20110106,090232,5291,50
OTP,0,20110106,090232,5290,1090
OTP,0,20110106,090232,5290,670
OTP,0,20110106,090232,5290,567
OTP,0,20110106,090232,5290,8
OTP,0,20110106,090232,5290,210
RICHTER,0,20110106,090232,43300,75
OTP,0,20110106,090239,5290,264
OTP,0,20110106,090239,5290,20
OTP,0,20110106,090239,5290,250
OTP,0,20110106,090239,5290,1000
RICHTER,0,20110106,090247,43300,55
RICHTER,0,20110106,090247,43300,18
OTP,0,20110106,090254,5287,96
BUX1112,0,20110106,090255,22835,2
BUX1112,0,20110106,090255,22839,1
BUX1112,0,20110106,090255,22839,1
BUX1112,0,20110106,090255,22839,1
EGIS,0,20110106,090259,20400,12
EGIS,0,20110106,090300,20430,15
OTP,0,20110106,090302,5291,25
BUX1112,0,20110106,090303,22839,1
MOL,0,20110106,090304,21380,5
RICHTER,0,20110106,090304,43350,2
OTP,0,20110106,090304,5292,23
MTELEKOM,0,20110106,090307,552,90
MTELEKOM,0,20110106,090312,551,2900
OTP,0,20110106,090317,5291,25
OTP,0,20110106,090320,5290,190
EGIS,0,20110106,090321,20430,40
MTELEKOM,0,20110106,090321,551,410
EGIS,0,20110106,090323,20430,45
BUX1112,0,20110106,090325,22820,3
OTP,0,20110106,090326,5291,200
OTP,0,20110106,090326,5291,30
OTP,0,20110106,090328,5291,100
MOL,0,20110106,090334,21320,5
OTP,0,20110106,090336,5290,10
OTP,0,20110106,090336,5290,190
OTP,0,20110106,090339,5290,90
OTP,0,20110106,090339,5290,20
OTP,0,20110106,090339,5291,30
OTP,0,20110106,090342,5290,30
EGIS,0,20110106,090343,20450,20
EGIS,0,20110106,090343,20450,30
BUX1112,0,20110106,090344,22830,2
BUX1112,0,20110106,090349,22815,3
OTP,0,20110106,090350,5290,20
OTP,0,20110106,090355,5287,2000
OTP,0,20110106,090404,5287,20
OTP,0,20110106,090406,5287,50
PANNERGY,0,20110106,090407,912,238
OTP,0,20110106,090413,5290,200
OTP,0,20110106,090417,5287,34
OTP,0,20110106,090423,5286,5
OTP,0,20110106,090423,5285,1000
OTP,0,20110106,090423,5285,215
OTP,0,20110106,090423,5285,50
RICHTER,0,20110106,090424,43350,9
BUX1112,0,20110106,090427,22829,2
OTP,0,20110106,090427,5286,200
BUX1112,0,20110106,090429,22810,20
OTP,0,20110106,090432,5289,176
OTP,0,20110106,090432,5290,114
OTP,0,20110106,090432,5290,636
OTP,0,20110106,090432,5290,164
OTP,0,20110106,090435,5286,1100
OTP,0,20110106,090435,5285,270
OTP,0,20110106,090441,5280,16
MTELEKOM,0,20110106,090448,553,100
BUX1112,0,20110106,090448,22810,8
OTP,0,20110106,090449,5281,100
RICHTER,0,20110106,090458,43350,15
OTP,0,20110106,090503,5285,630
OTP,0,20110106,090503,5285,150
OTP,0,20110106,090503,5285,200
BUX1112,0,20110106,090510,22810,28
BUX1112,0,20110106,090513,22810,16
BUX1112,0,20110106,090518,22811,3
BUX1112,0,20110106,090521,22805,10
BUX1112,0,20110106,090521,22800,45
OTP,0,20110106,090522,5287,275
OTP,0,20110106,090523,5284,54
GENESIS,0,20110106,090524,230,50
MTELEKOM,0,20110106,090526,553,997
MTELEKOM,0,20110106,090526,553,3
ETFBUXOTP,0,20110106,090531,931,20
MTELEKOM,0,20110106,090532,553,4
OTP,0,20110106,090533,5287,1
MTELEKOM,0,20110106,090533,552,80
MTELEKOM,0,20110106,090537,553,493
MTELEKOM,0,20110106,090537,553,140
MTELEKOM,0,20110106,090537,553,100
MTELEKOM,0,20110106,090537,553,457
MTELEKOM,0,20110106,090540,553,100
MTELEKOM,0,20110106,090541,553,384
RICHTER,0,20110106,090543,43365,6
RICHTER,0,20110106,090543,43350,13
RICHTER,0,20110106,090543,43300,134
RICHTER,0,20110106,090543,43300,10
RICHTER,0,20110106,090543,43300,20
OTP,0,20110106,090543,5287,124
MTELEKOM,0,20110106,090543,553,138
MTELEKOM,0,20110106,090543,553,1862
OTP,0,20110106,090559,5285,146
OTP,0,20110106,090559,5280,4
MOL,0,20110106,090602,21380,61
MTELEKOM,0,20110106,090603,553,15
OTP,0,20110106,090620,5280,330
OTP,0,20110106,090620,5280,10
OTP,0,20110106,090620,5280,370
MTELEKOM,0,20110106,090622,553,123
MTELEKOM,0,20110106,090622,553,387
MTELEKOM,0,20110106,090639,553,513
MTELEKOM,0,20110106,090641,552,231
MTELEKOM,0,20110106,090645,553,100
BUX1112,0,20110106,090652,22780.5,5
BUX1112,0,20110106,090652,22780,5
BUX1112,0,20110106,090709,22795,1
BUX1112,0,20110106,090709,22797,2
BUX1112,0,20110106,090709,22798,3
EGIS,0,20110106,090719,20450,10
MTELEKOM,0,20110106,090723,553,80
MTELEKOM,0,20110106,090726,553,507
MTELEKOM,0,20110106,090726,553,760
MTELEKOM,0,20110106,090726,554,2233
MTELEKOM,0,20110106,090728,552,1361
MTELEKOM,0,20110106,090731,552,223
BUX1112,0,20110106,090733,22797,5
BUX1112,0,20110106,090733,22798,2
BUX1112,0,20110106,090733,22799,1
BUX1112,0,20110106,090733,22800,15
BUX1112,0,20110106,090733,22800,2
MTELEKOM,0,20110106,090735,553,500
OTP,0,20110106,090741,5280,110
OTP,0,20110106,090741,5280,40
OTP,0,20110106,090747,5278,1000
MTELEKOM,0,20110106,090752,552,5000
BUX1112,0,20110106,090754,22796,1
MTELEKOM,0,20110106,090755,552,581
OTP,0,20110106,090756,5272,60
OTP,0,20110106,090756,5272,50
OTP,0,20110106,090800,5278,700
MOL,0,20110106,090804,21385,3
RICHTER,0,20110106,090804,43250,1
OTP,0,20110106,090804,5278,14
OTP,0,20110106,090806,5272,450
OTP,0,20110106,090806,5272,20
OTP,0,20110106,090806,5272,200
OTP,0,20110106,090806,5272,260
OTP,0,20110106,090807,5278,900
MTELEKOM,0,20110106,090824,552,949
ORC,0,20110106,090826,2000,1
OTP,0,20110106,090838,5278,23
BUX1112,0,20110106,090906,22796,1
BUX1112,0,20110106,090906,22797,2
BUX1112,0,20110106,090906,22799,2
OTP,0,20110106,090906,5278,43
OTP,0,20110106,090906,5280,257
BUX1112,0,20110106,090913,22799,1
BUX1112,0,20110106,090913,22800,4
OTP,0,20110106,090918,5280,33
OTP,0,20110106,090918,5280,200
BUX1112,0,20110106,090920,22800,4
BUX1112,0,20110106,090920,22800,10
MOL,0,20110106,090923,21385,23
BUX1112,0,20110106,090926,22781,5
BUX1112,0,20110106,090928,22781,15
BUX1112,0,20110106,090932,22800,4
OTP,0,20110106,090933,5275,90
BUX1112,0,20110106,090938,22810,20
MTELEKOM,0,20110106,090951,552,1575
MTELEKOM,0,20110106,090951,552,300
MTELEKOM,0,20110106,090951,552,125
BUX1112,0,20110106,090959,22800,1
RICHTER,0,20110106,091000,43210,1
RICHTER,0,20110106,091000,43200,20
RICHTER,0,20110106,091000,43200,12
RICHTER,0,20110106,091000,43200,100
OTP,0,20110106,091002,5280,15
OTP,0,20110106,091004,5282,10
OTP,0,20110106,091004,5282,5
MTELEKOM,0,20110106,091011,552,875
MTELEKOM,0,20110106,091011,552,1000
MTELEKOM,0,20110106,091020,552,2000
BUX1112,0,20110106,091020,22800,1
OTP,0,20110106,091022,5280,35
OTP,0,20110106,091022,5280,165
MTELEKOM,0,20110106,091022,551,353
OTP,0,20110106,091022,5282,13
ORC,0,20110106,091028,1995,2
OTP,0,20110106,091029,5283,10
OTP,0,20110106,091029,5283,18
OTP,0,20110106,091029,5284,19
OTP,0,20110106,091029,5285,20
OTP,0,20110106,091029,5285,423
MTELEKOM,0,20110106,091031,551,37
MTELEKOM,0,20110106,091031,551,769
MTELEKOM,0,20110106,091031,551,806
OTP,0,20110106,091035,5285,1000
OTP,0,20110106,091038,5285,77
GENESIS,0,20110106,091042,230,15
GENESIS,0,20110106,091042,230,1485
OTP,0,20110106,091043,5287,10
OTP,0,20110106,091046,5285,690
OTP,0,20110106,091049,5285,300
GENESIS,0,20110106,091052,228,167
GENESIS,0,20110106,091052,225,1
GENESIS,0,20110106,091052,225,1000
MTELEKOM,0,20110106,091101,551,425
MTELEKOM,0,20110106,091105,551,500
BUX1112,0,20110106,091106,22810,5
OTP,0,20110106,091108,5285,300
OTP,0,20110106,091111,5284,50
OTP,0,20110106,091120,5284,25
OTP,0,20110106,091122,5284,285
OTP,0,20110106,091132,5285,200
OTP,0,20110106,091153,5282,10
OTP,0,20110106,091153,5280,35
OTP,0,20110106,091153,5280,173
OTP,0,20110106,091153,5280,500
OTP,0,20110106,091153,5280,300
MTELEKOM,0,20110106,091154,550,200
MTELEKOM,0,20110106,091154,550,1500
MTELEKOM,0,20110106,091154,550,2100
MTELEKOM,0,20110106,091154,550,360
MTELEKOM,0,20110106,091154,550,500
MTELEKOM,0,20110106,091154,550,50
MTELEKOM,0,20110106,091154,550,400
MTELEKOM,0,20110106,091154,550,3000
BUX1112,0,20110106,091156,22814,1
OTP,0,20110106,091205,5280,100
RICHTER,0,20110106,091210,43025,10
BUX1112,0,20110106,091210,22815,9
OTP,0,20110106,091211,5280,70
BUX1112,0,20110106,091213,22815,20
BUX1112,0,20110106,091217,22815,20
BUX1112,0,20110106,091223,22800,2
BUX1112,0,20110106,091223,22800,3
OTP,0,20110106,091230,5276,50
OTP,0,20110106,091230,5275,48
OTP,0,20110106,091230,5275,300
OTP,0,20110106,091230,5273,92
BUX1112,0,20110106,091240,22799,5
BUX1112,0,20110106,091240,22791,2
MTELEKOM,0,20110106,091257,550,344
MTELEKOM,0,20110106,091257,550,1375
MTELEKOM,0,20110106,091257,551,181
OTP,0,20110106,091301,5280,15
RICHTER,0,20110106,091304,43200,1
OTP,0,20110106,091304,5280,14
BUX1112,0,20110106,091306,22788,3
MOL,0,20110106,091309,21385,4
GENESIS,0,20110106,091310,230,30
OTP,0,20110106,091314,5276,16
MOL,0,20110106,091320,21350,150
BUX1112,0,20110106,091328,22800,2
OTP,0,20110106,091333,5279,756
OTP,0,20110106,091333,5280,244
OTP,0,20110106,091359,5280,50
BUX1112,0,20110106,091401,22800,5
BUX1112,0,20110106,091407,22800,5
BUX1112,0,20110106,091409,22783,5
BUX1112,0,20110106,091409,22782,10
BUX1112,0,20110106,091409,22781,5
BUX1112,0,20110106,091420,22800,3
OTP,0,20110106,091424,5279,15
OTP,0,20110106,091428,5279,185
OTP,0,20110106,091428,5280,489
OTP,0,20110106,091428,5280,82
RICHTER,0,20110106,091431,43200,66
RICHTER,0,20110106,091440,43200,34
MTELEKOM,0,20110106,091445,550,100
BUX1112,0,20110106,091452,22808,1
BUX1112,0,20110106,091452,22808,2
BUX1112,0,20110106,091452,22808.5,5
BUX1112,0,20110106,091452,22809,7
MTELEKOM,0,20110106,091509,549,500
MTELEKOM,0,20110106,091509,548,500
HUMET,0,20110106,091511,9,1260
HUMET,0,20110106,091511,9,10740
OTP,0,20110106,091515,5280,118
OTP,0,20110106,091515,5280,20
OTP,0,20110106,091515,5280,145
RICHTER,0,20110106,091522,43050,7
OTP,0,20110106,091533,5284,90
OTP,0,20110106,091534,5280,100
BUX1112,0,20110106,091541,22803,5
BUX1112,0,20110106,091541,22801,5
BUX1112,0,20110106,091617,22808,1
BUX1112,0,20110106,091617,22809,3
BUX1112,0,20110106,091617,22810,10
BUX1112,0,20110106,091617,22810,2
BUX1112,0,20110106,091617,22814,1
BUX1112,0,20110106,091617,22814.5,10
BUX1112,0,20110106,091617,22814.5,2
BUX1112,0,20110106,091617,22815,1
CSEPEL,0,20110106,091633,270,191
CSEPEL,0,20110106,091633,272,9
MTELEKOM,0,20110106,091638,548,500
MTELEKOM,0,20110106,091638,548,500
HUMET,0,20110106,091639,9,18830
HUMET,0,20110106,091639,9,28900
HUMET,0,20110106,091639,9,29270
MOL,0,20110106,091644,21350,10
BUX1112,0,20110106,091652,22820,1
OTP,0,20110106,091657,5280,100
EGIS,0,20110106,091703,20400,15
OTP,0,20110106,091709,5284,110
OTP,0,20110106,091709,5285,10
OTP,0,20110106,091709,5285,80
OTP,0,20110106,091709,5285,300
BUX1112,0,20110106,091711,22820,3
OTP,0,20110106,091731,5282,30
MTELEKOM,0,20110106,091733,549,500
MTELEKOM,0,20110106,091756,550,865
MTELEKOM,0,20110106,091756,550,135
OTP,0,20110106,091758,5285,77
OTP,0,20110106,091758,5285,923
RICHTER,0,20110106,091804,43250,1
OTP,0,20110106,091806,5285,577
OTP,0,20110106,091806,5285,23
MTELEKOM,0,20110106,091807,550,262
MTELEKOM,0,20110106,091807,550,738
MTELEKOM,0,20110106,091809,550,1162
MTELEKOM,0,20110106,091809,550,250
MTELEKOM,0,20110106,091809,550,617
MOL,0,20110106,091809,21350,3
OTP,0,20110106,091809,5285,15
MTELEKOM,0,20110106,091817,550,1800
MTELEKOM,0,20110106,091822,550,90
OTP,0,20110106,091825,5285,62
OTP,0,20110106,091825,5285,25
HUMET,0,20110106,091827,9,3000
BUX1112,0,20110106,091832,22820,1
BUX1112,0,20110106,091832,22820,1
BUX1112,0,20110106,091832,22820,3
OTP,0,20110106,091839,5285,80
BUX1112,0,20110106,091842,22820,1
OTP,0,20110106,091901,5285,200
OTP,0,20110106,091909,5287,100
OTP,0,20110106,091909,5287,100
BUX1112,0,20110106,091912,22820,5
OTP,0,20110106,091916,5285,100
BUX1112,0,20110106,091916,22820,11
BUX1112,0,20110106,091916,22820,5
MOL,0,20110106,091928,21350,17
OTP,0,20110106,091935,5285,33
OTP,0,20110106,091935,5285,67
ZWACK,0,20110106,091942,12995,10
BUX1112,0,20110106,092004,22819,10
PANNERGY,0,20110106,092021,914,500
PANNERGY,0,20110106,092021,913,500
PANNERGY,0,20110106,092021,912,140
BUX1112,0,20110106,092028,22823,1
BUX1112,0,20110106,092028,22825,9
BUX1112,0,20110106,092031,22825,11
PANNERGY,0,20110106,092032,918,500
BUX1112,0,20110106,092035,22815,6
PANNERGY,0,20110106,092036,919,500
BUX1112,0,20110106,092037,22815,19
OTP,0,20110106,092043,5287,1400
OTP,0,20110106,092043,5288,2000
OTP,0,20110106,092043,5288,150
OTP,0,20110106,092043,5288,600
OTP,0,20110106,092043,5288,500
OTP,0,20110106,092043,5289,5350
OTP,0,20110106,092047,5289,3682
OTP,0,20110106,092047,5289,638
OTP,0,20110106,092047,5290,3205
OTP,0,20110106,092047,5290,40
OTP,0,20110106,092047,5290,2510
OTP,0,20110106,092047,5290,2090
OTP,0,20110106,092047,5290,100
MTELEKOM,0,20110106,092051,551,54
OTP,0,20110106,092051,5295,500
OTP,0,20110106,092051,5297,50
OTP,0,20110106,092051,5298,30
OTP,0,20110106,092051,5298,400
OTP,0,20110106,092051,5298,20
OTP,0,20110106,092051,5298,500
OTP,0,20110106,092051,5299,70
OTP,0,20110106,092051,5299,30
OTP,0,20110106,092051,5299,250
OTP,0,20110106,092051,5299,1500
OTP,0,20110106,092054,5299,1500
OTP,0,20110106,092055,5300,10
OTP,0,20110106,092055,5300,220
OTP,0,20110106,092055,5300,14
OTP,0,20110106,092055,5300,15
OTP,0,20110106,092055,5300,1000
OTP,0,20110106,092055,5300,54
OTP,0,20110106,092055,5300,50
OTP,0,20110106,092055,5300,161
OTP,0,20110106,092055,5300,190
OTP,0,20110106,092055,5300,12
OTP,0,20110106,092055,5300,1000
OTP,0,20110106,092055,5300,447
OTP,0,20110106,092055,5300,30
OTP,0,20110106,092055,5300,200
OTP,0,20110106,092055,5300,106
OTP,0,20110106,092055,5300,25
OTP,0,20110106,092055,5300,3
OTP,0,20110106,092055,5300,27
OTP,0,20110106,092055,5300,20
OTP,0,20110106,092055,5300,20
OTP,0,20110106,092055,5300,13
OTP,0,20110106,092055,5300,17
OTP,0,20110106,092055,5300,220
OTP,0,20110106,092055,5300,180
OTP,0,20110106,092055,5300,121
OTP,0,20110106,092055,5300,20
OTP,0,20110106,092055,5300,9
OTP,0,20110106,092055,5300,120
OTP,0,20110106,092055,5300,295
OTP,0,20110106,092055,5300,400
OTP,0,20110106,092055,5300,300
OTP,0,20110106,092055,5300,19
OTP,0,20110106,092055,5300,1200
OTP,0,20110106,092055,5300,1
OTP,0,20110106,092055,5300,12
OTP,0,20110106,092055,5300,120
OTP,0,20110106,092055,5300,107
OTP,0,20110106,092055,5300,39
OTP,0,20110106,092055,5300,100
OTP,0,20110106,092055,5300,40
OTP,0,20110106,092055,5300,30
OTP,0,20110106,092055,5300,70
OTP,0,20110106,092055,5300,149
OTP,0,20110106,092055,5300,120
OTP,0,20110106,092055,5300,3000
OTP,0,20110106,092055,5300,200
OTP,0,20110106,092055,5300,100
OTP,0,20110106,092055,5300,342
OTP,0,20110106,092055,5300,60
OTP,0,20110106,092056,5300,200
OTP,0,20110106,092056,5299,1300
OTP,0,20110106,092056,5299,1500
OTP,0,20110106,092056,5299,1500
BUX1112,0,20110106,092100,22829.5,2
OTP,0,20110106,092101,5300,97
OTP,0,20110106,092102,5300,24
OTP,0,20110106,092109,5299,1500
OTP,0,20110106,092109,5299,1500
OTP,0,20110106,092109,5299,1500
OTP,0,20110106,092110,5299,1500
OTP,0,20110106,092111,5299,1500
OTP,0,20110106,092111,5299,1500
OTP,0,20110106,092112,5300,600
OTP,0,20110106,092112,5299,5850
OTP,0,20110106,092112,5299,50
OTP,0,20110106,092116,5299,4450
OTP,0,20110106,092116,5299,550
OTP,0,20110106,092130,5299,950
OTP,0,20110106,092130,5299,1500
OTP,0,20110106,092130,5300,550
OTP,0,20110106,092133,5300,150
BUX1112,0,20110106,092134,22825,1
BUX1112,0,20110106,092134,22816,3
BUX1112,0,20110106,092138,22830,1
OTP,0,20110106,092139,5299,20
OTP,0,20110106,092139,5300,176
OTP,0,20110106,092139,5300,4
OTP,0,20110106,092142,5300,31
BUX1112,0,20110106,092144,22837,2
BUX1112,0,20110106,092144,22838,23
BUX1112,0,20110106,092144,22838,1
OTP,0,20110106,092148,5300,880
OTP,0,20110106,092148,5300,1500
BUX1112,0,20110106,092152,22838,3
OTP,0,20110106,092152,5300,215
OTP,0,20110106,092152,5300,405
BUX1112,0,20110106,092153,22838,3
BUX1112,0,20110106,092153,22838,10
OTP,0,20110106,092155,5300,1095
MTELEKOM,0,20110106,092156,550,200
OTP,0,20110106,092156,5300,25
BUX1112,0,20110106,092157,22838,7
MOL,0,20110106,092157,21350,33
BUX1112,0,20110106,092206,22840,2
BUX1112,0,20110106,092207,22840,2
BUX1112,0,20110106,092207,22844,3
BUX1112,0,20110106,092207,22845,2
BUX1112,0,20110106,092207,22847,2
BUX1112,0,20110106,092207,22847,30
BUX1112,0,20110106,092207,22848.5,11
BUX1112,0,20110106,092207,22848.5,4
BUX1112,0,20110106,092207,22850,1
BUX1112,0,20110106,092207,22850,1
RICHTER,0,20110106,092209,43250,10
KEG,0,20110106,092214,135,520
MOL,0,20110106,092218,21350,250
GENESIS,0,20110106,092220,228,250
MOL,0,20110106,092227,21350,50
GENESIS,0,20110106,092228,230,985
OTP,0,20110106,092234,5304,400
GENESIS,0,20110106,092237,233,1
RICHTER,0,20110106,092240,43250,8
OTP,0,20110106,092243,5303,100
OTP,0,20110106,092244,5304,18
OTP,0,20110106,092247,5304,8
OTP,0,20110106,092247,5304,13
OTP,0,20110106,092247,5307,25
OTP,0,20110106,092247,5307,100
OTP,0,20110106,092247,5308,5
OTP,0,20110106,092247,5309,100
OTP,0,20110106,092247,5309,1500
OTP,0,20110106,092247,5310,300
OTP,0,20110106,092247,5310,200
OTP,0,20110106,092247,5310,200
OTP,0,20110106,092247,5310,100
OTP,0,20110106,092247,5310,80
OTP,0,20110106,092247,5310,35
OTP,0,20110106,092247,5310,1000
OTP,0,20110106,092247,5310,3
OTP,0,20110106,092247,5310,100
OTP,0,20110106,092247,5310,25
OTP,0,20110106,092247,5312,20
OTP,0,20110106,092247,5315,30
OTP,0,20110106,092247,5315,8
OTP,0,20110106,092247,5315,10
OTP,0,20110106,092247,5315,182
OTP,0,20110106,092247,5315,20
OTP,0,20110106,092249,5312,20
OTP,0,20110106,092249,5310,180
BUX1112,0,20110106,092255,22846,1
BUX1112,0,20110106,092255,22849,5
BUX1112,0,20110106,092255,22849,5
BUX1112,0,20110106,092255,22849,10
BUX1112,0,20110106,092255,22850,29
MOL,0,20110106,092256,21350,47
OTP,0,20110106,092257,5310,1026
BUX1112,0,20110106,092257,22850,70
OTP,0,20110106,092257,5310,474
OTP,0,20110106,092257,5315,1526
BUX1112,0,20110106,092258,22850,3
RICHTER,0,20110106,092305,43300,17
RICHTER,0,20110106,092310,43350,1
MOL,0,20110106,092314,21370,3
OTP,0,20110106,092314,5310,14
OTP,0,20110106,092316,5310,6
OTP,0,20110106,092316,5313,44
MTELEKOM,0,20110106,092317,551,800
BUX1112,0,20110106,092318,22850,1
OTP,0,20110106,092320,5313,5
OTP,0,20110106,092321,5305,194
BUX1112,0,20110106,092322,22850,1
BUX1112,0,20110106,092322,22850,14
OTP,0,20110106,092322,5305,50
BUX1112,0,20110106,092323,22850,1
OTP,0,20110106,092328,5305,136
OTP,0,20110106,092328,5303,900
OTP,0,20110106,092328,5301,100
OTP,0,20110106,092328,5301,50
OTP,0,20110106,092328,5301,314
OTP,0,20110106,092329,5301,1500
OTP,0,20110106,092329,5310,1500
OTP,0,20110106,092329,5310,400
EGIS,0,20110106,092333,20450,5
MOL,0,20110106,092333,21370,47
BUX1112,0,20110106,092333,22850,1
HUMET,0,20110106,092334,9,12000
BUX1112,0,20110106,092339,22850,25
BUX1112,0,20110106,092340,22850,14
OTP,0,20110106,092340,5310,50
MTELEKOM,0,20110106,092341,551,2000
MTELEKOM,0,20110106,092343,550,794
BUX1112,0,20110106,092344,22850,2
BUX1112,0,20110106,092346,22858,2
MTELEKOM,0,20110106,092349,550,487
MTELEKOM,0,20110106,092349,550,200
MTELEKOM,0,20110106,092349,550,190
MTELEKOM,0,20110106,092349,550,94
MTELEKOM,0,20110106,092349,550,300
MTELEKOM,0,20110106,092349,550,260
MTELEKOM,0,20110106,092351,551,1040
MTELEKOM,0,20110106,092351,551,467
MTELEKOM,0,20110106,092352,551,493
MTELEKOM,0,20110106,092352,550,74
MTELEKOM,0,20110106,092352,550,166
OTP,0,20110106,092352,5313,451
OTP,0,20110106,092352,5313,500
OTP,0,20110106,092352,5314,1500
OTP,0,20110106,092352,5315,3272
OTP,0,20110106,092352,5315,1500
OTP,0,20110106,092352,5315,67
OTP,0,20110106,092352,5316,20
OTP,0,20110106,092352,5319,24
OTP,0,20110106,092352,5319,100
OTP,0,20110106,092352,5320,8
OTP,0,20110106,092352,5320,145
OTP,0,20110106,092352,5320,400
OTP,0,20110106,092352,5320,10
OTP,0,20110106,092352,5320,20
OTP,0,20110106,092352,5320,80
OTP,0,20110106,092352,5320,5
OTP,0,20110106,092352,5320,300
OTP,0,20110106,092352,5320,10
OTP,0,20110106,092352,5320,60
OTP,0,20110106,092352,5320,10
OTP,0,20110106,092352,5320,50
OTP,0,20110106,092352,5320,10
OTP,0,20110106,092352,5320,30
OTP,0,20110106,092352,5320,400
OTP,0,20110106,092352,5320,10
OTP,0,20110106,092352,5320,500
OTP,0,20110106,092352,5322,40
OTP,0,20110106,092352,5323,70
OTP,0,20110106,092352,5324,250
OTP,0,20110106,092352,5324,100
OTP,0,20110106,092352,5325,20
OTP,0,20110106,092352,5325,20
OTP,0,20110106,092352,5325,1120
OTP,0,20110106,092352,5325,67
OTP,0,20110106,092352,5325,25
EGIS,0,20110106,092354,20400,23
EGIS,0,20110106,092354,20400,16
EGIS,0,20110106,092354,20400,10
BUX1112,0,20110106,092356,22858,15
BUX1112,0,20110106,092356,22860,1
BUX1112,0,20110106,092356,22879.5,1
MOL,0,20110106,092401,21380,6
OTP,0,20110106,092402,5313,92
OTP,0,20110106,092402,5315,250
BUX1112,0,20110106,092402,22880,2
BUX1112,0,20110106,092402,22880,2
BUX1112,0,20110106,092402,22887,1
BUX1112,0,20110106,092402,22888,1
BUX1112,0,20110106,092402,22889,5
BUX1112,0,20110106,092402,22890,4
BUX1112,0,20110106,092402,22890,16
BUX1112,0,20110106,092402,22894,4
OTP,0,20110106,092403,5325,475
OTP,0,20110106,092403,5325,1500
CSEPEL,0,20110106,092405,272,150
OTP,0,20110106,092406,5325,25
OTP,0,20110106,092406,5325,55
BUX1112,0,20110106,092407,22889,20
OTP,0,20110106,092408,5325,20
OTP,0,20110106,092415,5325,342
MOL,0,20110106,092417,21380,5
OTP,0,20110106,092419,5327,20
OTP,0,20110106,092419,5328,1000
OTP,0,20110106,092419,5328,1000
OTP,0,20110106,092419,5330,100
OTP,0,20110106,092419,5330,24
OTP,0,20110106,092419,5330,40
OTP,0,20110106,092419,5330,27
OTP,0,20110106,092419,5330,100
OTP,0,20110106,092419,5330,100
OTP,0,20110106,092419,5330,20
OTP,0,20110106,092419,5330,220
OTP,0,20110106,092419,5330,30
OTP,0,20110106,092419,5330,10
OTP,0,20110106,092419,5330,800
OTP,0,20110106,092423,5330,400
MOL,0,20110106,092426,21380,5
OTP,0,20110106,092426,5330,1600
EGIS,0,20110106,092426,20450,5
EGIS,0,20110106,092426,20460,6
EGIS,0,20110106,092426,20485,5
EGIS,0,20110106,092426,20490,36
EGIS,0,20110106,092426,20495,70
EGIS,0,20110106,092426,20500,100
EGIS,0,20110106,092426,20500,40
EGIS,0,20110106,092426,20500,38
OTP,0,20110106,092429,5330,100
OTP,0,20110106,092429,5332,160
BUX1112,0,20110106,092432,22893,4
BUX1112,0,20110106,092432,22894,6
OTP,0,20110106,092433,5332,90
OTP,0,20110106,092435,5332,100
OTP,0,20110106,092435,5333,20
OTP,0,20110106,092435,5334,13
OTP,0,20110106,092435,5334,50
OTP,0,20110106,092435,5334,20
OTP,0,20110106,092435,5334,430
MOL,0,20110106,092441,21380,34
MOL,0,20110106,092441,21385,70
MOL,0,20110106,092441,21385,396
BUX1112,0,20110106,092441,22893.5,1
BUX1112,0,20110106,092442,22893,1
BUX1112,0,20110106,092443,22893,3
BUX1112,0,20110106,092451,22893.5,1
OTP,0,20110106,092456,5332,40
EGIS,0,20110106,092458,20445,50
BUX1112,0,20110106,092459,22893.5,2
OTP,0,20110106,092502,5332,10
OTP,0,20110106,092502,5330,27
BUX1112,0,20110106,092502,22893,5
BUX1112,0,20110106,092502,22894,5
BUX1112,0,20110106,092502,22894,7
BUX1112,0,20110106,092503,22894,5
OTP,0,20110106,092504,5330,400
OTP,0,20110106,092504,5330,173
OTP,0,20110106,092504,5325,1327
EGIS,0,20110106,092506,20500,28
EGIS,0,20110106,092506,20500,15
BUX1112,0,20110106,092506,22894,5
OTP,0,20110106,092509,5325,673
OTP,0,20110106,092509,5325,827
OTP,0,20110106,092509,5330,125
OTP,0,20110106,092512,5330,177
BUX1112,0,20110106,092515,22894,1
BUX1112,0,20110106,092516,22894,16
OTP,0,20110106,092517,5333,10
OTP,0,20110106,092517,5333,50
OTP,0,20110106,092517,5334,870
OTP,0,20110106,092517,5334,70
MTELEKOM,0,20110106,092518,551,110
OTP,0,20110106,092519,5334,86
OTP,0,20110106,092524,5334,844
OTP,0,20110106,092524,5335,100
OTP,0,20110106,092524,5335,200
OTP,0,20110106,092524,5335,200
OTP,0,20110106,092524,5335,160
OTP,0,20110106,092524,5335,50
OTP,0,20110106,092524,5335,1446
BUX1112,0,20110106,092525,22894,4
BUX1112,0,20110106,092529,22893,4
OTP,0,20110106,092531,5330,300
OTP,0,20110106,092533,5335,54
OTP,0,20110106,092533,5335,375
OTP,0,20110106,092540,5325,10
FHB,0,20110106,092548,972,850
FHB,0,20110106,092548,972,90
BUX1112,0,20110106,092549,22888,3
EGIS,0,20110106,092552,20545,50
EGIS,0,20110106,092552,20550,50
MOL,0,20110106,092554,21385,42
OTP,0,20110106,092558,5334,20
OTP,0,20110106,092600,5325,1163
OTP,0,20110106,092600,5325,337
OTP,0,20110106,092601,5325,1500
OTP,0,20110106,092609,5325,163
OTP,0,20110106,092609,5325,1337
OTP,0,20110106,092612,5325,663
OTP,0,20110106,092612,5325,250
OTP,0,20110106,092612,5325,587
OTP,0,20110106,092613,5325,1413
OTP,0,20110106,092613,5325,87
OTP,0,20110106,092614,5325,580
MTELEKOM,0,20110106,092614,551,330
OTP,0,20110106,092615,5325,400
OTP,0,20110106,092616,5325,933
OTP,0,20110106,092616,5320,45
OTP,0,20110106,092616,5325,567
KEG,0,20110106,092618,134,5000
OTP,0,20110106,092619,5325,1433
OTP,0,20110106,092620,5325,67
OTP,0,20110106,092622,5325,1500
BUX1112,0,20110106,092625,22885,1
OTP,0,20110106,092626,5325,433
OTP,0,20110106,092626,5325,1067
BUX1112,0,20110106,092630,22885,2
OTP,0,20110106,092630,5325,933
OTP,0,20110106,092630,5325,500
OTP,0,20110106,092630,5325,67
OTP,0,20110106,092630,5325,600
OTP,0,20110106,092631,5325,20
OTP,0,20110106,092632,5325,300
BUX1112,0,20110106,092636,22866.5,5
BUX1112,0,20110106,092636,22866,10
BUX1112,0,20110106,092636,22866,20
BUX1112,0,20110106,092636,22860,4
OTP,0,20110106,092636,5325,1013
OTP,0,20110106,092636,5325,487
BUX1112,0,20110106,092638,22860,11
OTP,0,20110106,092639,5325,1000
MOL,0,20110106,092641,21390,26
OTP,0,20110106,092642,5325,513
OTP,0,20110106,092645,5325,1487
OTP,0,20110106,092645,5325,513
BUX1112,0,20110106,092649,22866,1
OTP,0,20110106,092654,5325,210
BUX1112,0,20110106,092700,22865,2
BUX1112,0,20110106,092700,22866,8
FHB,0,20110106,092701,973,331
GENESIS,0,20110106,092701,232,1000
OTP,0,20110106,092706,5325,277
OTP,0,20110106,092706,5325,700
OTP,0,20110106,092706,5325,20
MOL,0,20110106,092706,21390,10
BUX1112,0,20110106,092710,22866,2
GENESIS,0,20110106,092714,232,236
GENESIS,0,20110106,092714,232,264
BUX1112,0,20110106,092724,22866,9
OTP,0,20110106,092731,5325,3
OTP,0,20110106,092731,5325,280
OTP,0,20110106,092732,5320,1
OTP,0,20110106,092732,5320,100
OTP,0,20110106,092732,5320,40
OTP,0,20110106,092732,5315,242
OTP,0,20110106,092732,5312,150
OTP,0,20110106,092732,5312,400
OTP,0,20110106,092732,5311,1000
OTP,0,20110106,092738,5311,20
MOL,0,20110106,092738,21390,64
RICHTER,0,20110106,092741,43300,5
BUX1112,0,20110106,092749,22870,10
BUX1112,0,20110106,092749,22870,1
BUX1112,0,20110106,092752,22880,2
BUX1112,0,20110106,092752,22882,5
BUX1112,0,20110106,092752,22883,7
BUX1112,0,20110106,092752,22884,2
BUX1112,0,20110106,092752,22885,4
MOL,0,20110106,092752,21385,5
FHB,0,20110106,092752,973,669
OTP,0,20110106,092756,5311,70
MOL,0,20110106,092758,21395,5
OTP,0,20110106,092801,5312,67
RICHTER,0,20110106,092804,43350,2
BUX1112,0,20110106,092809,22874,1
BUX1112,0,20110106,092809,22870,19
OTP,0,20110106,092810,5320,50
OTP,0,20110106,092810,5324,142
EGIS,0,20110106,092812,20580,50
MTELEKOM,0,20110106,092813,551,150
MTELEKOM,0,20110106,092813,551,467
MTELEKOM,0,20110106,092813,551,483
MOL,0,20110106,092814,21395,3
OTP,0,20110106,092814,5320,15
OTP,0,20110106,092820,5312,103
OTP,0,20110106,092820,5312,97
BUX1112,0,20110106,092822,22870,11
OTP,0,20110106,092824,5312,5
OTP,0,20110106,092829,5320,985
OTP,0,20110106,092829,5324,190
BUX1112,0,20110106,092829,22870,5
OTP,0,20110106,092834,5315,100
OTP,0,20110106,092834,5324,20
OTP,0,20110106,092836,5324,190
OTP,0,20110106,092836,5324,14
OTP,0,20110106,092836,5325,1717
OTP,0,20110106,092836,5325,170
OTP,0,20110106,092836,5325,535
OTP,0,20110106,092839,5328,20
OTP,0,20110106,092840,5325,25
GENESIS,0,20110106,092840,232,36
GENESIS,0,20110106,092840,235,14
OTP,0,20110106,092843,5325,349
MOL,0,20110106,092848,21385,3
OTP,0,20110106,092851,5322,5000
OTP,0,20110106,092903,5320,500
OTP,0,20110106,092903,5320,10
MTELEKOM,0,20110106,092904,551,175
OTP,0,20110106,092904,5315,13
MOL,0,20110106,092905,21370,1
MOL,0,20110106,092905,21355,2
FHB,0,20110106,092912,973,31
MOL,0,20110106,092913,21355,98
BUX1112,0,20110106,092913,22870,1
BUX1112,0,20110106,092913,22879,2
BUX1112,0,20110106,092913,22880,1
BUX1112,0,20110106,092913,22882,1
OTP,0,20110106,092925,5325,200
OTP,0,20110106,092932,5325,190
OTP,0,20110106,092937,5325,210
OTP,0,20110106,092937,5320,1000
BUX1112,0,20110106,092945,22870,1
BUX1112,0,20110106,092945,22880,5
BUX1112,0,20110106,092945,22882,1
OTP,0,20110106,092949,5320,1190
OTP,0,20110106,092951,5320,1000
MTELEKOM,0,20110106,092953,551,406
MTELEKOM,0,20110106,092953,551,433
MTELEKOM,0,20110106,092953,551,20
OTP,0,20110106,092954,5325,200
OTP,0,20110106,092958,5320,767
OTP,0,20110106,092959,5320,43
OTP,0,20110106,093004,5320,510
OTP,0,20110106,093006,5320,257
MOL,0,20110106,093027,21360,5
MTELEKOM,0,20110106,093027,551,100
MTELEKOM,0,20110106,093037,551,41
MTELEKOM,0,20110106,093037,551,99
MTELEKOM,0,20110106,093037,550,660
OTP,0,20110106,093040,5320,236
BUX1112,0,20110106,093042,22852,1
BUX1112,0,20110106,093042,22852,2
BUX1112,0,20110106,093042,22852,5
BUX1112,0,20110106,093042,22851,5
BUX1112,0,20110106,093042,22850,1
BUX1112,0,20110106,093042,22850,10
OTP,0,20110106,093046,5325,260
OTP,0,20110106,093046,5325,750
OTP,0,20110106,093046,5325,497
OTP,0,20110106,093049,5320,10
DANUBIUS,0,20110106,093051,4500,50
OTP,0,20110106,093056,5325,283
OTP,0,20110106,093056,5325,17
MOL,0,20110106,093059,21385,5
GENESIS,0,20110106,093100,235,106
GENESIS,0,20110106,093100,235,394
EGIS,0,20110106,093108,20510,20
EGIS,0,20110106,093108,20500,7
EGIS,0,20110106,093108,20500,50
EGIS,0,20110106,093108,20500,100
OTP,0,20110106,093114,5325,50
OTP,0,20110106,093125,5325,33
OTP,0,20110106,093125,5325,17
CSEPEL,0,20110106,093125,272,191
OTP,0,20110106,093137,5321,50
OTP,0,20110106,093137,5320,490
OTP,0,20110106,093137,5320,460
RFV,0,20110106,093137,8400,100
RFV,0,20110106,093137,8400,8
RFV,0,20110106,093137,8400,492
BUX1112,0,20110106,093140,22840,4
BUX1112,0,20110106,093140,22840,1
MOL,0,20110106,093146,21385,5
MOL,0,20110106,093146,21385,35
MOL,0,20110106,093146,21395,42
MOL,0,20110106,093146,21395,5
MOL,0,20110106,093146,21400,24
MOL,0,20110106,093146,21400,9
MOL,0,20110106,093146,21400,100
MOL,0,20110106,093146,21400,300
BUX1112,0,20110106,093149,22849,1
OTP,0,20110106,093154,5325,33
OTP,0,20110106,093154,5325,77
BUX1112,0,20110106,093202,22849,2
BUX1112,0,20110106,093202,22849,2
BUX1112,0,20110106,093202,22849,1
BUX1112,0,20110106,093209,22849,4
BUX1112,0,20110106,093209,22849,7
KEG,0,20110106,093209,134,300
CSEPEL,0,20110106,093218,272,29
BUX1112,0,20110106,093221,22849,3
RABA,0,20110106,093226,824,50
BUX1112,0,20110106,093229,22850,5
OTP,0,20110106,093240,5320,15
BUX1112,0,20110106,093248,22849,2
GENESIS,0,20110106,093248,235,106
GENESIS,0,20110106,093248,236,400
GENESIS,0,20110106,093248,236,1000
OTP,0,20110106,093254,5316,80
OTP,0,20110106,093254,5316,433
OTP,0,20110106,093254,5315,387
OTP,0,20110106,093254,5315,50
OTP,0,20110106,093258,5315,50
MOL,0,20110106,093259,21400,10
BUX1112,0,20110106,093300,22850,21
BUX1112,0,20110106,093301,22850,6
RICHTER,0,20110106,093304,43350,1
MOL,0,20110106,093314,21420,4
OTP,0,20110106,093314,5320,14
OTP,0,20110106,093315,5316,50
OTP,0,20110106,093316,5316,50
RICHTER,0,20110106,093329,43350,5
OTP,0,20110106,093356,5316,30
BUX1112,0,20110106,093404,22855,1
EGIS,0,20110106,093404,20540,100
OTP,0,20110106,093416,5319,25
OTP,0,20110106,093418,5316,300
EGIS,0,20110106,093419,20550,50
OTP,0,20110106,093421,5316,20
OTP,0,20110106,093423,5314,500
OTP,0,20110106,093423,5314,40
OTP,0,20110106,093423,5313,150
OTP,0,20110106,093423,5313,20
OTP,0,20110106,093423,5312,290
OTP,0,20110106,093423,5312,300
OTP,0,20110106,093424,5312,308
OTP,0,20110106,093424,5312,50
OTP,0,20110106,093424,5312,300
OTP,0,20110106,093424,5311,342
OTP,0,20110106,093425,5311,68
OTP,0,20110106,093425,5311,175
OTP,0,20110106,093425,5311,93
OTP,0,20110106,093425,5311,664
OTP,0,20110106,093426,5311,336
OTP,0,20110106,093426,5311,200
OTP,0,20110106,093426,5310,159
OTP,0,20110106,093426,5310,305
OTP,0,20110106,093426,5310,200
OTP,0,20110106,093428,5310,1495
OTP,0,20110106,093428,5310,200
OTP,0,20110106,093428,5310,200
OTP,0,20110106,093428,5310,50
OTP,0,20110106,093428,5310,800
OTP,0,20110106,093428,5310,40
OTP,0,20110106,093428,5310,1000
OTP,0,20110106,093428,5310,1000
OTP,0,20110106,093428,5310,1000
OTP,0,20110106,093428,5305,34
OTP,0,20110106,093428,5304,40
OTP,0,20110106,093428,5304,100
OTP,0,20110106,093428,5303,142
OTP,0,20110106,093428,5302,718
OTP,0,20110106,093428,5315,68
OTP,0,20110106,093428,5316,20
OTP,0,20110106,093428,5319,5
OTP,0,20110106,093428,5319,13
BUX1112,0,20110106,093437,22856,10
BUX1112,0,20110106,093437,22855,2
BUX1112,0,20110106,093437,22850,23
OTP,0,20110106,093444,5310,1000
OTP,0,20110106,093446,5310,500
OTP,0,20110106,093446,5310,500
OTP,0,20110106,093500,5310,20
OTP,0,20110106,093507,5318,320
OTP,0,20110106,093507,5319,987
OTP,0,20110106,093507,5319,1000
OTP,0,20110106,093507,5320,171
OTP,0,20110106,093507,5320,1000
OTP,0,20110106,093507,5320,1022
BUX1112,0,20110106,093510,22850,15
MOL,0,20110106,093530,21420,10
OTP,0,20110106,093538,5311,160
KEG,0,20110106,093545,134,815
OTP,0,20110106,093552,5315,150
OTP,0,20110106,093600,5311,15
EMASZ,0,20110106,093607,22000,1
KEG,0,20110106,093636,133,452
KEG,0,20110106,093636,132,48
BUX1112,0,20110106,093642,22841,3
EGIS,0,20110106,093650,20560,30
OTP,0,20110106,093659,5315,50
OTP,0,20110106,093659,5316,26
OTP,0,20110106,093659,5317,24
OTP,0,20110106,093717,5313,15
OTP,0,20110106,093717,5312,5
EGIS,0,20110106,093725,20555,20
GENESIS,0,20110106,093733,231,490
CSEPEL,0,20110106,093733,270,171
OTP,0,20110106,093734,5312,11
OTP,0,20110106,093801,5313,2500
OTP,0,20110106,093804,5313,2500
RICHTER,0,20110106,093804,43350,1
OTP,0,20110106,093814,5315,14
MTELEKOM,0,20110106,093814,552,6125
MTELEKOM,0,20110106,093814,552,662
MTELEKOM,0,20110106,093814,552,200
MTELEKOM,0,20110106,093814,552,1013
MOL,0,20110106,093819,21420,3
KEG,0,20110106,093821,133,900
MTELEKOM,0,20110106,093828,552,71
MTELEKOM,0,20110106,093828,552,669
OTP,0,20110106,093832,5315,100
OTP,0,20110106,093833,5315,91
OTP,0,20110106,093835,5315,336
BUX1112,0,20110106,093842,22860,3
MTELEKOM,0,20110106,093849,552,171
MTELEKOM,0,20110106,093849,552,829
BUX1112,0,20110106,093856,22868,3
BUX1112,0,20110106,093856,22869,5
OTP,0,20110106,093857,5317,40
EGIS,0,20110106,093858,20555,24
MTELEKOM,0,20110106,093900,552,14
MTELEKOM,0,20110106,093900,552,825
OTP,0,20110106,093905,5317,20
MOL,0,20110106,093905,21420,17
MOL,0,20110106,093905,21420,74
MOL,0,20110106,093905,21420,9
OTP,0,20110106,093907,5317,916
OTP,0,20110106,093907,5318,75
OTP,0,20110106,093907,5318,380
OTP,0,20110106,093907,5319,629
MTELEKOM,0,20110106,093910,553,100
MTELEKOM,0,20110106,093910,553,50
MTELEKOM,0,20110106,093910,553,170
MTELEKOM,0,20110106,093910,553,1820
MTELEKOM,0,20110106,093910,553,500
MTELEKOM,0,20110106,093910,553,204
MTELEKOM,0,20110106,093910,553,100
MTELEKOM,0,20110106,093910,553,776
MTELEKOM,0,20110106,093910,554,280
MTELEKOM,0,20110106,093910,554,1250
OTP,0,20110106,093916,5319,421
OTP,0,20110106,093916,5319,50
OTP,0,20110106,093916,5320,29
OTP,0,20110106,093918,5320,271
OTP,0,20110106,093918,5320,229
BUX1112,0,20110106,093926,22870,5
BUX1112,0,20110106,093926,22878,2
OTP,0,20110106,093935,5320,35
GENESIS,0,20110106,093935,236,50
MTELEKOM,0,20110106,093936,553,450
OTP,0,20110106,093937,5320,36
OTP,0,20110106,093937,5320,100
BUX1112,0,20110106,093940,22877,5
BUX1112,0,20110106,093940,22878,3
BUX1112,0,20110106,093940,22878.5,2
BUX1112,0,20110106,093940,22879,100
BUX1112,0,20110106,093940,22879,1
MOL,0,20110106,093944,21400,50
MTELEKOM,0,20110106,093945,554,5000
BUX1112,0,20110106,093947,22879,10
BUX1112,0,20110106,093959,22880,2
BUX1112,0,20110106,093959,22879,8
KEG,0,20110106,094004,133,100
MTELEKOM,0,20110106,094006,554,2050
BUX1112,0,20110106,094021,22880,48
OTP,0,20110106,094025,5324,1
OTP,0,20110106,094025,5324,20
OTP,0,20110106,094025,5324,78
OTP,0,20110106,094034,5324,122
OTP,0,20110106,094034,5325,100
OTP,0,20110106,094034,5325,100
OTP,0,20110106,094034,5325,178
OTP,0,20110106,094035,5325,500
OTP,0,20110106,094036,5325,322
BUX1112,0,20110106,094036,22880,1
BUX1112,0,20110106,094039,22880,1
BUX1112,0,20110106,094039,22879,1
EGIS,0,20110106,094047,20550,50
EGIS,0,20110106,094047,20555,42
EGIS,0,20110106,094047,20560,8
MTELEKOM,0,20110106,094049,553,300
MOL,0,20110106,094050,21405,10
OTP,0,20110106,094052,5325,178
OTP,0,20110106,094052,5320,200
OTP,0,20110106,094101,5325,50
MOL,0,20110106,094109,21405,90
MOL,0,20110106,094109,21400,14
AAA,0,20110106,094111,235,120
AAA,0,20110106,094111,235,400
BUX1112,0,20110106,094113,22879,20
OTP,0,20110106,094118,5325,140
MOL,0,20110106,094127,21400,111
MOL,0,20110106,094127,21400,50
MOL,0,20110106,094127,21400,200
MOL,0,20110106,094127,21380,85
OTP,0,20110106,094133,5320,237
OTP,0,20110106,094133,5320,100
OTP,0,20110106,094133,5320,85
BUX1112,0,20110106,094135,22880,5
BUX1112,0,20110106,094135,22880,3
BUX1112,0,20110106,094135,22879,10
OTP,0,20110106,094136,5325,42
BUX1112,0,20110106,094139,22880,5
BUX1112,0,20110106,094139,22880,2
CSEPEL,0,20110106,094142,272,200
OTP,0,20110106,094148,5315,110
OTP,0,20110106,094148,5314,1390
OTP,0,20110106,094148,5314,110
OTP,0,20110106,094148,5314,1390
BUX1112,0,20110106,094151,22851,4
BUX1112,0,20110106,094151,22850.5,20
BUX1112,0,20110106,094151,22850,26
OTP,0,20110106,094155,5315,500
AAA,0,20110106,094210,235,980
OTP,0,20110106,094211,5320,20
OTP,0,20110106,094213,5320,290
OTP,0,20110106,094213,5320,1000
BUX1112,0,20110106,094216,22870,10
RICHTER,0,20110106,094223,43300,1
OTP,0,20110106,094226,5320,10
BUX1112,0,20110106,094230,22870,10
BUX1112,0,20110106,094234,22870,30
OTP,0,20110106,094245,5320,100
BUX1112,0,20110106,094247,22870,20
OTP,0,20110106,094249,5320,20
RABA,0,20110106,094251,824,100
RICHTER,0,20110106,094304,43300,1
OTP,0,20110106,094314,5323,14
BUX1112,0,20110106,094318,22870,5
BUX1112,0,20110106,094319,22870,5
MOL,0,20110106,094319,21400,3
KEG,0,20110106,094319,133,500
OTP,0,20110106,094319,5323,100
OTP,0,20110106,094321,5320,100
BUX1112,0,20110106,094323,22870,15
RICHTER,0,20110106,094327,43255,5
RICHTER,0,20110106,094327,43250,10
RICHTER,0,20110106,094327,43220,3
OTP,0,20110106,094334,5320,500
OTP,0,20110106,094340,5320,200
MTELEKOM,0,20110106,094343,554,100
OTP,0,20110106,094351,5320,120
OTP,0,20110106,094356,5320,500
KEG,0,20110106,094400,132,1000
KEG,0,20110106,094400,132,450
OTP,0,20110106,094403,5320,2000
MTELEKOM,0,20110106,094416,553,700
MTELEKOM,0,20110106,094416,553,15000
MTELEKOM,0,20110106,094416,553,50
OTP,0,20110106,094422,5322,100
OTP,0,20110106,094422,5323,21
OTP,0,20110106,094422,5324,19
MTELEKOM,0,20110106,094422,552,161
MTELEKOM,0,20110106,094422,552,364
BUX1112,0,20110106,094426,22875,1
BUX1112,0,20110106,094426,22875,2
BUX1112,0,20110106,094426,22888,1
BUX1112,0,20110106,094426,22890,2
MTELEKOM,0,20110106,094428,552,636
MTELEKOM,0,20110106,094428,552,150
MTELEKOM,0,20110106,094428,552,289
MTELEKOM,0,20110106,094428,552,1200
OTP,0,20110106,094429,5320,160
OTP,0,20110106,094429,5320,31
OTP,0,20110106,094429,5320,309
OTP,0,20110106,094431,5320,110
MTELEKOM,0,20110106,094431,552,278
OTP,0,20110106,094436,5320,96
OTP,0,20110106,094446,5319,36
OTP,0,20110106,094446,5320,30
FHB,0,20110106,094447,973,69
OTP,0,20110106,094451,5320,160
PANNERGY,0,20110106,094500,918,500
OTP,0,20110106,094503,5320,430
OTP,0,20110106,094503,5320,400
OTP,0,20110106,094507,5320,170
MTELEKOM,0,20110106,094507,553,1000
ZWACK,0,20110106,094512,13000,10
FHB,0,20110106,094524,974,60
BUX1112,0,20110106,094527,22870,5
BUX1112,0,20110106,094532,22870,15
BUX1112,0,20110106,094534,22870,3
OTP,0,20110106,094555,5320,1200
MTELEKOM,0,20110106,094555,553,1000
MTELEKOM,0,20110106,094555,553,412
OTP,0,20110106,094558,5320,300
OTP,0,20110106,094600,5320,1500
BUX1112,0,20110106,094605,22870,1
OTP,0,20110106,094621,5320,300
OTP,0,20110106,094621,5320,360
OTP,0,20110106,094621,5320,840
OTP,0,20110106,094623,5320,1160
GENESIS,0,20110106,094624,236,100
OTP,0,20110106,094628,5320,340
MOL,0,20110106,094634,21400,36
MOL,0,20110106,094634,21400,30
MOL,0,20110106,094634,21400,5
OTP,0,20110106,094635,5320,412
OTP,0,20110106,094635,5320,12
OTP,0,20110106,094635,5318,2
OTP,0,20110106,094635,5316,104
OTP,0,20110106,094635,5316,50
OTP,0,20110106,094635,5315,200
OTP,0,20110106,094635,5315,15
OTP,0,20110106,094635,5315,1000
OTP,0,20110106,094635,5315,27
OTP,0,20110106,094635,5315,25
OTP,0,20110106,094635,5313,15
OTP,0,20110106,094635,5312,10
OTP,0,20110106,094635,5312,490
OTP,0,20110106,094637,5320,1500
EBGOLD,0,20110106,094649,2901,20
OTP,0,20110106,094655,5315,20
OTP,0,20110106,094655,5320,76
OTP,0,20110106,094655,5320,1404
OTP,0,20110106,094656,5320,96
OTP,0,20110106,094656,5320,1000
OTP,0,20110106,094658,5320,404
GENESIS,0,20110106,094706,235,50
MTELEKOM,0,20110106,094711,553,3075
MTELEKOM,0,20110106,094713,553,258
ORC,0,20110106,094720,1980,6
OTP,0,20110106,094721,5321,900
MOL,0,20110106,094725,21400,100
OTP,0,20110106,094729,5320,49
MTELEKOM,0,20110106,094730,553,70
EGIS,0,20110106,094736,20560,2
BUX1112,0,20110106,094738,22880,1
MOL,0,20110106,094741,21400,50
MOL,0,20110106,094752,21400,50
MOL,0,20110106,094755,21400,7
RICHTER,0,20110106,094804,43300,1
MOL,0,20110106,094808,21400,22
OTP,0,20110106,094814,5321,14
MOL,0,20110106,094819,21420,3
MOL,0,20110106,094827,21400,50
MOL,0,20110106,094827,21400,10
OTP,0,20110106,094833,5320,1
FHB,0,20110106,094839,974,10
FHB,0,20110106,094839,975,100
FHB,0,20110106,094839,975,150
FHB,0,20110106,094839,975,400
OTP,0,20110106,094856,5315,24
MTELEKOM,0,20110106,094902,554,1000
MOL,0,20110106,094903,21400,10
OTP,0,20110106,094903,5320,20
MTELEKOM,0,20110106,094903,553,395
OTP,0,20110106,094907,5315,57
EGIS,0,20110106,094911,20560,10
RFV,0,20110106,094928,8449,38
RFV,0,20110106,094928,8450,62
BUX1112,0,20110106,094931,22887.5,1
BUX1112,0,20110106,094931,22888,1
BUX1112,0,20110106,094931,22888,5
BUX1112,0,20110106,094931,22889,5
BUX1112,0,20110106,094931,22889.5,2
BUX1112,0,20110106,094931,22889.5,2
BUX1112,0,20110106,094931,22890,2
BUX1112,0,20110106,094931,22890,10
BUX1112,0,20110106,094931,22890,5
BUX1112,0,20110106,094931,22893.5,15
BUX1112,0,20110106,094931,22894,2
BUX1112,0,20110106,094931,22894,3
BUX1112,0,20110106,094931,22895,2
BUX1112,0,20110106,094931,22897,1
BUX1112,0,20110106,094931,22897,1
BUX1112,0,20110106,094931,22897,1
BUX1112,0,20110106,094931,22898,20
BUX1112,0,20110106,094931,22899,50
BUX1112,0,20110106,094931,22899,20
BUX1112,0,20110106,094931,22900,2
BUX1112,0,20110106,094931,22900,3
BUX1112,0,20110106,094931,22913.5,1
BUX1112,0,20110106,094931,22915,1
BUX1112,0,20110106,094931,22920,1
BUX1112,0,20110106,094931,22920,1
BUX1112,0,20110106,094931,22920,2
BUX1112,0,20110106,094931,22927,10
BUX1112,0,20110106,094931,22940,5
FHB,0,20110106,094934,976,100
FHB,0,20110106,094934,976,150
FHB,0,20110106,094934,977,100
FHB,0,20110106,094934,977,300
BUX1112,0,20110106,094935,22940,3
BUX1112,0,20110106,094935,22920,2
BUX1112,0,20110106,094945,22902,10
BUX1112,0,20110106,094945,22900,32
BUX1112,0,20110106,094945,22900,2
BUX1112,0,20110106,094950,22900,5
FHB,0,20110106,094951,977,200
BUX1112,0,20110106,095004,22900,1
BUX1112,0,20110106,095011,22900,42
MOL,0,20110106,095019,21410,23
BUX1112,0,20110106,095019,22900,50
RABA,0,20110106,095027,824,850
RABA,0,20110106,095027,825,200
RABA,0,20110106,095027,825,400
RABA,0,20110106,095027,825,26
OTP,0,20110106,095034,5315,19
OTP,0,20110106,095034,5315,11
BUX1112,0,20110106,095034,22900,8
OTP,0,20110106,095044,5315,162
OTP,0,20110106,095044,5315,100
OTP,0,20110106,095044,5312,510
OTP,0,20110106,095044,5312,40
OTP,0,20110106,095044,5311,10
OTP,0,20110106,095044,5311,100
OTP,0,20110106,095044,5311,188
OTP,0,20110106,095044,5311,10
OTP,0,20110106,095044,5311,100
OTP,0,20110106,095044,5310,280
OTP,0,20110106,095044,5310,710
BUX1112,0,20110106,095045,22900,1
BUX1112,0,20110106,095051,22900,1
CSEPEL,0,20110106,095054,270,79
MTELEKOM,0,20110106,095103,553,4790
MTELEKOM,0,20110106,095103,553,210
BUX1112,0,20110106,095104,22900,20
MTELEKOM,0,20110106,095106,553,785
MTELEKOM,0,20110106,095106,553,1065
BUX1112,0,20110106,095109,22900,5
OTP,0,20110106,095114,5310,10
OTP,0,20110106,095114,5310,70
OTP,0,20110106,095114,5310,920
BUX1112,0,20110106,095115,22900,15
BUX1112,0,20110106,095115,22900,2
BUX1112,0,20110106,095115,22900,1
MTELEKOM,0,20110106,095120,553,935
MTELEKOM,0,20110106,095120,553,65
RICHTER,0,20110106,095120,43300,22
RICHTER,0,20110106,095120,43300,3
MTELEKOM,0,20110106,095123,553,370
OTP,0,20110106,095129,5315,90
OTP,0,20110106,095129,5315,3
OTP,0,20110106,095129,5317,50
OTP,0,20110106,095129,5318,7
BUX1112,0,20110106,095137,22900,10
BUX1112,0,20110106,095139,22890,5
MTELEKOM,0,20110106,095140,553,1000
MTELEKOM,0,20110106,095142,553,276
RICHTER,0,20110106,095144,43300,4
BUX1112,0,20110106,095157,22900,2
CSEPEL,0,20110106,095227,270,21
KEG,0,20110106,095238,133,1000
KEG,0,20110106,095238,133,1000
BUX1112,0,20110106,095249,22920,3
FHB,0,20110106,095256,977,100
OTP,0,20110106,095257,5311,3
OTP,0,20110106,095257,5310,65
OTP,0,20110106,095301,5310,15
OTP,0,20110106,095301,5310,6
OTP,0,20110106,095301,5310,1479
RICHTER,0,20110106,095304,43300,1
OTP,0,20110106,095307,5310,21
OTP,0,20110106,095307,5310,979
OTP,0,20110106,095308,5315,290
OTP,0,20110106,095319,5315,15
MOL,0,20110106,095324,21410,4
BUX1112,0,20110106,095334,22900,5
OTP,0,20110106,095343,5314,30
OTP,0,20110106,095343,5314,120
RFV,0,20110106,095346,8449,15
RFV,0,20110106,095346,8450,1
ORC,0,20110106,095410,1975,3
OTP,0,20110106,095413,5310,8
EGIS,0,20110106,095416,20570,20
MOL,0,20110106,095445,21400,30
MOL,0,20110106,095445,21400,41
BUX1112,0,20110106,095446,22900,10
GENESIS,0,20110106,095521,235,50
GENESIS,0,20110106,095521,236,5
BUX1112,0,20110106,095523,22900,2
MTELEKOM,0,20110106,095532,554,100
CSEPEL,0,20110106,095549,270,479
CSEPEL,0,20110106,095549,264,1
BUX1112,0,20110106,095549,22900,1
OTP,0,20110106,095551,5312,47
OTP,0,20110106,095551,5310,453
KEG,0,20110106,095554,134,585
KEG,0,20110106,095554,134,1265
SYNERGON,0,20110106,095600,490,100
SYNERGON,0,20110106,095600,491,208
SYNERGON,0,20110106,095600,492,50
SYNERGON,0,20110106,095600,495,200
SYNERGON,0,20110106,095600,496,2
BUX1112,0,20110106,095602,22900,5
BUX1112,0,20110106,095602,22900,5
OTP,0,20110106,095603,5310,60
OTP,0,20110106,095603,5310,80
OTP,0,20110106,095603,5310,1
OTP,0,20110106,095605,5310,259
KEG,0,20110106,095608,134,3500
OTP,0,20110106,095610,5310,493
OTP,0,20110106,095613,5312,30
BUX1112,0,20110106,095622,22900,1
BUX1112,0,20110106,095622,22900,1
OTP,0,20110106,095634,5310,100
OTP,0,20110106,095636,5312,50
OTP,0,20110106,095636,5318,5
BUX1112,0,20110106,095700,22900,5
OTP,0,20110106,095703,5310,100
OTP,0,20110106,095705,5310,20
MTELEKOM,0,20110106,095712,553,250
MTELEKOM,0,20110106,095714,553,223
GENESIS,0,20110106,095717,235,205
KEG,0,20110106,095717,134,4200
KEG,0,20110106,095723,134,3000
KEG,0,20110106,095739,134,1500
KEG,0,20110106,095740,134,1535
OTP,0,20110106,095752,5310,500
GENESIS,0,20110106,095755,236,345
GENESIS,0,20110106,095755,236,450
BUX1112,0,20110106,095809,22910,5
RICHTER,0,20110106,095809,43300,1
BUX1112,0,20110106,095819,22900,2
MOL,0,20110106,095824,21400,3
OTP,0,20110106,095824,5315,14
OTP,0,20110106,095827,5315,61
RFV,0,20110106,095900,8415,11
HUMET,0,20110106,095917,9,5000
FHB,0,20110106,095919,978,440
FHB,0,20110106,095919,978,70
BUX1112,0,20110106,095935,22919,1
ZWACK,0,20110106,095936,13000,50
KEG,0,20110106,095939,135,400
BUX1112,0,20110106,095947,22918.5,1
BUX1112,0,20110106,095947,22919,1
BUX1112,0,20110106,095947,22927.5,2
BUX1112,0,20110106,095947,22928,5
BUX1112,0,20110106,095947,22928,10
BUX1112,0,20110106,095947,22930,6
OTP,0,20110106,100024,5310,28
OTP,0,20110106,100024,5310,47
GENESIS,0,20110106,100050,236,174
GENESIS,0,20110106,100050,236,826
MOL,0,20110106,100112,21380,15
OTP,0,20110106,100117,5310,53
OTP,0,20110106,100117,5310,50
OTP,0,20110106,100117,5310,156
OTP,0,20110106,100117,5310,1500
OTP,0,20110106,100117,5310,50
OTP,0,20110106,100117,5310,400
OTP,0,20110106,100120,5310,291
SYNERGON,0,20110106,100123,495,200
OTP,0,20110106,100124,5310,199
OTP,0,20110106,100124,5310,801
MTELEKOM,0,20110106,100124,553,500
OTP,0,20110106,100126,5315,275
OTP,0,20110106,100126,5315,25
OTP,0,20110106,100126,5315,250
RICHTER,0,20110106,100127,43300,1
RICHTER,0,20110106,100127,43300,5
RICHTER,0,20110106,100127,43300,6
MTELEKOM,0,20110106,100133,554,80
MTELEKOM,0,20110106,100135,553,214
BUX1112,0,20110106,100136,22900,1
BUX1112,0,20110106,100136,22900,1
OTP,0,20110106,100137,5315,425
EGIS,0,20110106,100137,20550,50
GENESIS,0,20110106,100144,236,200
FHB,0,20110106,100159,978,105
OTP,0,20110106,100159,5315,1000
BUX1112,0,20110106,100204,22900,1
BUX1112,0,20110106,100204,22900,5
BUX1112,0,20110106,100212,22900,24
MTELEKOM,0,20110106,100221,554,100
OTP,0,20110106,100225,5311,265
OTP,0,20110106,100225,5310,235
PANNERGY,0,20110106,100229,916,134
OTP,0,20110106,100236,5314,150
BUX1112,0,20110106,100238,22900,2
OTP,0,20110106,100238,5310,464
BUX1112,0,20110106,100240,22900,4
OTP,0,20110106,100244,5310,160
MTELEKOM,0,20110106,100246,554,300
OTP,0,20110106,100254,5310,100
MTELEKOM,0,20110106,100300,553,125
RICHTER,0,20110106,100304,43350,20
RICHTER,0,20110106,100309,43350,2
OTP,0,20110106,100313,5310,276
OTP,0,20110106,100313,5310,55
MTELEKOM,0,20110106,100315,554,612
MTELEKOM,0,20110106,100316,553,421
MOL,0,20110106,100324,21395,3
OTP,0,20110106,100325,5310,169
OTP,0,20110106,100329,5310,15
EGIS,0,20110106,100349,20530,1
PANNERGY,0,20110106,100351,916,200
BUX1112,0,20110106,100416,22900,6
MTELEKOM,0,20110106,100423,554,1078
MTELEKOM,0,20110106,100426,553,399
RICHTER,0,20110106,100438,43325,8
BUX1112,0,20110106,100451,22924.5,1
ORC,0,20110106,100451,1975,6
EGIS,0,20110106,100455,20530,38
MOL,0,20110106,100501,21390,100
MOL,0,20110106,100501,21390,15
MOL,0,20110106,100501,21395,7
MOL,0,20110106,100502,21395,27
MTELEKOM,0,20110106,100507,553,126
MTELEKOM,0,20110106,100507,553,300
MTELEKOM,0,20110106,100507,553,574
MTELEKOM,0,20110106,100508,553,370
BUX1112,0,20110106,100526,22900,1
KEG,0,20110106,100526,135,2000
KEG,0,20110106,100526,134,1000
KEG,0,20110106,100526,134,1000
KEG,0,20110106,100526,134,500
ECONET,0,20110106,100533,91,3430
MTELEKOM,0,20110106,100533,553,56
MTELEKOM,0,20110106,100533,553,190
MTELEKOM,0,20110106,100533,553,1000
MTELEKOM,0,20110106,100533,553,4006
MTELEKOM,0,20110106,100534,552,1942
BUX1112,0,20110106,100557,22900,7
BUX1112,0,20110106,100557,22900,1
BUX1112,0,20110106,100557,22900,10
BUX1112,0,20110106,100652,22900,3
KEG,0,20110106,100659,133,18000
KEG,0,20110106,100659,133,2000
HUMET,0,20110106,100704,9,5000
OTP,0,20110106,100724,5310,16
OTP,0,20110106,100724,5310,184
MTELEKOM,0,20110106,100728,553,837
MTELEKOM,0,20110106,100728,553,73
MTELEKOM,0,20110106,100731,552,337
KEG,0,20110106,100731,134,1534
KEG,0,20110106,100731,134,1000
KEG,0,20110106,100731,135,867
KEG,0,20110106,100731,135,550
KEG,0,20110106,100731,135,1049
MOL,0,20110106,100742,21380,3
MOL,0,20110106,100742,21380,64
MOL,0,20110106,100742,21380,30
MOL,0,20110106,100745,21395,40
KEG,0,20110106,100745,135,451
KEG,0,20110106,100745,135,1000
KEG,0,20110106,100745,135,49
OTP,0,20110106,100749,5310,4
OTP,0,20110106,100749,5310,69
RICHTER,0,20110106,100749,43320,4
RICHTER,0,20110106,100749,43320,6
MOL,0,20110106,100755,21380,9
MOL,0,20110106,100755,21375,41
MOL,0,20110106,100758,21375,59
MOL,0,20110106,100758,21360,59
BUX1112,0,20110106,100801,22900,2
KEG,0,20110106,100809,134,1000
KEG,0,20110106,100811,135,800
RICHTER,0,20110106,100814,43320,1
BUX1112,0,20110106,100817,22900,5
BUX1112,0,20110106,100822,22900,5
MOL,0,20110106,100824,21395,3
KEG,0,20110106,100829,135,4000
OTP,0,20110106,100829,5310,14
RICHTER,0,20110106,100832,43320,5
BUX1112,0,20110106,100840,22900,3
BUX1112,0,20110106,100850,22900,7
PANNERGY,0,20110106,100900,916,6
PANNERGY,0,20110106,100900,915,360
PANNERGY,0,20110106,100900,915,100
PANNERGY,0,20110106,100900,915,145
PANNERGY,0,20110106,100900,913,89
BUX1112,0,20110106,100919,22900,3
BUX1112,0,20110106,100924,22900,7
OTP,0,20110106,100928,5307,166
OTP,0,20110106,100928,5307,77
OTP,0,20110106,100928,5306,757
RICHTER,0,20110106,100944,43320,1
RICHTER,0,20110106,100944,43320,4
KEG,0,20110106,100950,134,500
FHB,0,20110106,100959,977,50
FHB,0,20110106,100959,976,950
OTP,0,20110106,101000,5306,500
BUX1112,0,20110106,101001,22900,3
BUX1112,0,20110106,101011,22900,5
BUX1112,0,20110106,101012,22900,5
GENESIS,0,20110106,101012,233,30
BUX1112,0,20110106,101016,22900,10
BUX1112,0,20110106,101024,22900,10
OTP,0,20110106,101038,5306,243
BUX1112,0,20110106,101050,22900,1
OTP,0,20110106,101055,5305,15
OTP,0,20110106,101055,5305,235
OTP,0,20110106,101055,5305,74
OTP,0,20110106,101106,5305,90
BUX1112,0,20110106,101123,22900,9
BUX1112,0,20110106,101123,22885,15
BUX1112,0,20110106,101123,22884,10
BUX1112,0,20110106,101123,22883,2
BUX1112,0,20110106,101123,22883,25
BUX1112,0,20110106,101123,22881,3
BUX1112,0,20110106,101123,22880,9
BUX1112,0,20110106,101123,22880,7
OTP,0,20110106,101131,5306,257
GENESIS,0,20110106,101142,235,30
BUX1112,0,20110106,101151,22900,1
BUX1112,0,20110106,101151,22900,9
BUX1112,0,20110106,101203,22900,5
BUX1112,0,20110106,101204,22900,6
BUX1112,0,20110106,101210,22900,6
KEG,0,20110106,101212,133,1000
KEG,0,20110106,101212,133,500
KEG,0,20110106,101212,133,1000
KEG,0,20110106,101212,133,1500
KEG,0,20110106,101212,133,1000
BUX1112,0,20110106,101214,22900,1
OTP,0,20110106,101222,5309,20
TVK,0,20110106,101244,3475,10
MOL,0,20110106,101301,21370,20
BUX1112,0,20110106,101308,22901,12
BUX1112,0,20110106,101308,22900,7
BUX1112,0,20110106,101308,22900,10
BUX1112,0,20110106,101308,22885,20
BUX1112,0,20110106,101308,22881,20
BUX1112,0,20110106,101308,22880,31
KEG,0,20110106,101310,134,800
RICHTER,0,20110106,101314,43300,1
KEG,0,20110106,101320,133,1513
KEG,0,20110106,101320,133,1087
MTELEKOM,0,20110106,101321,553,227
MTELEKOM,0,20110106,101321,553,773
MOL,0,20110106,101324,21390,4
BUX1112,0,20110106,101328,22900,1
BUX1112,0,20110106,101330,22900,6
MOL,0,20110106,101331,21360,16
MOL,0,20110106,101331,21355,14
OTP,0,20110106,101334,5309,14
BUX1112,0,20110106,101344,22900,19
BUX1112,0,20110106,101344,22900,1
GENESIS,0,20110106,101344,232,1000
BUX1112,0,20110106,101347,22900,10
OTP,0,20110106,101347,5306,43
OTP,0,20110106,101347,5306,174
OTP,0,20110106,101347,5306,200
BUX1112,0,20110106,101352,22900,10
BUX1112,0,20110106,101352,22900,1
OTP,0,20110106,101401,5306,83
BUX1112,0,20110106,101406,22885,12
FHB,0,20110106,101407,976,50
RICHTER,0,20110106,101409,43220,7
RICHTER,0,20110106,101409,43220,100
RICHTER,0,20110106,101409,43220,21
BUX1112,0,20110106,101417,22900,4
BUX1112,0,20110106,101418,22900,39
OTP,0,20110106,101419,5309,16
OTP,0,20110106,101419,5310,63
OTP,0,20110106,101419,5310,921
MOL,0,20110106,101425,21355,141
MOL,0,20110106,101425,21355,20
MOL,0,20110106,101425,21355,4
MOL,0,20110106,101425,21355,160
MOL,0,20110106,101425,21355,69
MOL,0,20110106,101425,21355,42
MOL,0,20110106,101427,21355,46
BUX1112,0,20110106,101433,22900,11
BUX1112,0,20110106,101433,22900,25
BUX1112,0,20110106,101436,22900,15
BUX1112,0,20110106,101440,22885,6
KEG,0,20110106,101446,134,200
KEG,0,20110106,101446,134,1001
KEG,0,20110106,101446,135,151
KEG,0,20110106,101446,135,378
GENESIS,0,20110106,101447,232,50
BUX1112,0,20110106,101447,22900,10
BUX1112,0,20110106,101447,22900,10
BUX1112,0,20110106,101452,22900,50
BUX1112,0,20110106,101454,22900,20
ANY,0,20110106,101503,736,100
ANY,0,20110106,101503,737,60
ANY,0,20110106,101503,740,10
ANY,0,20110106,101503,740,500
ANY,0,20110106,101503,740,100
OTP,0,20110106,101506,5310,79
OTP,0,20110106,101506,5310,50
OTP,0,20110106,101506,5310,166
BUX1112,0,20110106,101510,22885,2
BUX1112,0,20110106,101510,22883,10
BUX1112,0,20110106,101510,22882,20
BUX1112,0,20110106,101510,22881,20
BUX1112,0,20110106,101510,22880,8
MOL,0,20110106,101512,21355,138
BUX1112,0,20110106,101518,22900,5
BUX1112,0,20110106,101518,22900,18
BUX1112,0,20110106,101524,22900,2
BUX1112,0,20110106,101525,22900,18
BUX1112,0,20110106,101528,22900,32
BUX1112,0,20110106,101531,22900,18
BUX1112,0,20110106,101531,22880,4
BUX1112,0,20110106,101531,22880,1
BUX1112,0,20110106,101531,22880,50
BUX1112,0,20110106,101533,22880,20
BUX1112,0,20110106,101534,22880,7
BUX1112,0,20110106,101539,22900,20
BUX1112,0,20110106,101540,22900,20
KEG,0,20110106,101545,135,100
RABA,0,20110106,101554,825,603
RABA,0,20110106,101554,825,88
RABA,0,20110106,101554,825,188
RICHTER,0,20110106,101556,43215,5
RICHTER,0,20110106,101556,43215,9
GENESIS,0,20110106,101603,232,315
RICHTER,0,20110106,101605,43220,122
RICHTER,0,20110106,101605,43220,10
RICHTER,0,20110106,101605,43220,20
RICHTER,0,20110106,101607,43220,38
RICHTER,0,20110106,101608,43220,10
RICHTER,0,20110106,101610,43215,1
RICHTER,0,20110106,101613,43210,26
RICHTER,0,20110106,101614,43210,19
ANY,0,20110106,101618,740,230
OTP,0,20110106,101619,5310,834
BUX1112,0,20110106,101644,22900,40
OTP,0,20110106,101649,5314,1000
OTP,0,20110106,101649,5314,100
OTP,0,20110106,101649,5315,400
BUX1112,0,20110106,101650,22900,11
KEG,0,20110106,101651,135,522
KEG,0,20110106,101651,135,131
BUX1112,0,20110106,101655,22900,20
OTP,0,20110106,101701,5310,40
BUX1112,0,20110106,101712,22900,29
BUX1112,0,20110106,101712,22900,10
BUX1112,0,20110106,101712,22900,1
RICHTER,0,20110106,101719,43295,4
BUX1112,0,20110106,101719,22900,20
GENESIS,0,20110106,101720,235,30
GENESIS,0,20110106,101720,235,10
OTP,0,20110106,101725,5310,126
GENESIS,0,20110106,101731,232,535
GENESIS,0,20110106,101731,232,770
GENESIS,0,20110106,101731,232,600
BUX1112,0,20110106,101738,22900,5
BUX1112,0,20110106,101738,22900,5
BUX1112,0,20110106,101751,22900,2
BUX1112,0,20110106,101812,22900,1
RICHTER,0,20110106,101814,43295,1
MTELEKOM,0,20110106,101814,552,243
MTELEKOM,0,20110106,101814,552,1000
MTELEKOM,0,20110106,101814,552,40
MTELEKOM,0,20110106,101814,552,5252
MTELEKOM,0,20110106,101814,552,765
MTELEKOM,0,20110106,101817,552,135
MTELEKOM,0,20110106,101817,552,116
FHB,0,20110106,101821,973,300
MOL,0,20110106,101829,21360,3
BUX1112,0,20110106,101830,22900,7
BUX1112,0,20110106,101830,22900,10
BUX1112,0,20110106,101830,22900,1
OTP,0,20110106,101834,5310,15
MTELEKOM,0,20110106,101847,552,64
MTELEKOM,0,20110106,101847,552,936
BUX1112,0,20110106,101847,22900,5
MTELEKOM,0,20110106,101850,552,432
MTELEKOM,0,20110106,101854,552,522
BUX1112,0,20110106,101902,22900,1
BUX1112,0,20110106,101902,22900,5
OTP,0,20110106,101904,5305,100
KEG,0,20110106,101911,133,1413
KEG,0,20110106,101911,133,1000
KEG,0,20110106,101911,133,410
KEG,0,20110106,101911,133,100
KEG,0,20110106,101911,133,77
BUX1112,0,20110106,101916,22900,9
BUX1112,0,20110106,101918,22900,1
BUX1112,0,20110106,101918,22900,9
RICHTER,0,20110106,101921,43215,15
BUX1112,0,20110106,101923,22900,35
OTP,0,20110106,101925,5310,9
OTP,0,20110106,101925,5310,81
OTP,0,20110106,101931,5310,123
OTP,0,20110106,101939,5310,170
FHB,0,20110106,101940,973,631
RICHTER,0,20110106,101941,43210,5
KEG,0,20110106,102003,134,1000
KEG,0,20110106,102005,133,3000
OTP,0,20110106,102017,5310,626
OTP,0,20110106,102017,5310,100
OTP,0,20110106,102017,5310,84
OTP,0,20110106,102029,5305,251
OTP,0,20110106,102029,5305,100
OTP,0,20110106,102029,5305,240
OTP,0,20110106,102029,5305,162
OTP,0,20110106,102029,5305,47
FHB,0,20110106,102029,970,800
GENESIS,0,20110106,102040,231,510
GENESIS,0,20110106,102040,231,190
OTP,0,20110106,102042,5310,16
OTP,0,20110106,102042,5310,20
BUX1112,0,20110106,102050,22900,10
OTP,0,20110106,102118,5305,10
BUX1112,0,20110106,102126,22900,2
MOL,0,20110106,102144,21360,12
GENESIS,0,20110106,102148,234,30
BUX1112,0,20110106,102201,22900,23
BUX1112,0,20110106,102201,22900,37
BUX1112,0,20110106,102201,22900,2
BUX1112,0,20110106,102204,22895,18
OTP,0,20110106,102215,5305,43
OTP,0,20110106,102215,5305,57
RABA,0,20110106,102230,825,121
OTP,0,20110106,102255,5305,10
RICHTER,0,20110106,102319,43295,1
OTP,0,20110106,102327,5305,133
OTP,0,20110106,102327,5303,11
OTP,0,20110106,102327,5303,856
MOL,0,20110106,102329,21370,3
OTP,0,20110106,102334,5309,14
BUX1112,0,20110106,102335,22900,2
MTELEKOM,0,20110106,102341,551,2000
MTELEKOM,0,20110106,102341,551,110
MOL,0,20110106,102343,21355,145
MOL,0,20110106,102343,21355,47
MOL,0,20110106,102343,21355,50
MOL,0,20110106,102343,21350,58
MOL,0,20110106,102344,21370,49
MOL,0,20110106,102353,21370,18
MOL,0,20110106,102357,21370,34
MOL,0,20110106,102357,21355,16
EGIS,0,20110106,102357,20500,50
RICHTER,0,20110106,102358,43295,23
GENESIS,0,20110106,102408,233,595
OTP,0,20110106,102415,5305,100
MTELEKOM,0,20110106,102420,552,1000
OTP,0,20110106,102421,5308,300
OTP,0,20110106,102425,5303,195
OTP,0,20110106,102425,5303,50
OTP,0,20110106,102425,5302,5
OTP,0,20110106,102425,5302,10
OTP,0,20110106,102425,5301,600
OTP,0,20110106,102425,5301,140
OTP,0,20110106,102425,5301,10
BUX1112,0,20110106,102445,22900.5,1
BUX1112,0,20110106,102445,22900,30
BUX1112,0,20110106,102445,22900,13
MTELEKOM,0,20110106,102447,552,200
MTELEKOM,0,20110106,102454,551,90
MTELEKOM,0,20110106,102454,551,645
GENESIS,0,20110106,102455,234,405
HUMET,0,20110106,102504,10,30000
HUMET,0,20110106,102504,10,10000
HUMET,0,20110106,102504,10,1700
HUMET,0,20110106,102504,10,4
HUMET,0,20110106,102504,10,115
HUMET,0,20110106,102504,10,5000
HUMET,0,20110106,102504,10,26500
HUMET,0,20110106,102504,10,12000
HUMET,0,20110106,102504,10,24681
MTELEKOM,0,20110106,102603,552,1000
MTELEKOM,0,20110106,102611,552,2000
OTP,0,20110106,102634,5305,10
BUX1112,0,20110106,102639,22901,10
OTP,0,20110106,102657,5305,100
KEG,0,20110106,102705,134,1400
BUX1112,0,20110106,102724,22901,10
BUX1112,0,20110106,102724,22900,37
OTP,0,20110106,102726,5303,31
BUX1112,0,20110106,102728,22895,29
BUX1112,0,20110106,102731,22895,20
BUX1112,0,20110106,102740,22895,4
KEG,0,20110106,102751,133,1923
KEG,0,20110106,102751,133,577
RICHTER,0,20110106,102819,43290,1
OTP,0,20110106,102827,5304,350
MOL,0,20110106,102829,21375,3
OTP,0,20110106,102834,5304,14
OTP,0,20110106,102844,5303,19
OTP,0,20110106,102844,5303,71
BUX1112,0,20110106,102849,22900,10
OTP,0,20110106,102900,5304,59
OTP,0,20110106,102900,5305,190
EGIS,0,20110106,102902,20550,10
OTP,0,20110106,102906,5305,62
BUX1112,0,20110106,102908,22900,1
BUX1112,0,20110106,102917,22900,2
OTP,0,20110106,102920,5305,39
OTP,0,20110106,102920,5305,104
OTP,0,20110106,102920,5304,45
OTP,0,20110106,102920,5303,10
OTP,0,20110106,102920,5302,802
BUX1112,0,20110106,102925,22900,10
BUX1112,0,20110106,102926,22900,3
BUX1112,0,20110106,102927,22900,7
OTP,0,20110106,102946,5308,22
OTP,0,20110106,102946,5308,28
KEG,0,20110106,102948,133,423
KEG,0,20110106,102948,133,77
BUX1112,0,20110106,102951,22900,13
BUX1112,0,20110106,102951,22900,7
BUX1112,0,20110106,103010,22900,10
BUX1112,0,20110106,103013,22900,10
GENESIS,0,20110106,103019,234,1065
GENESIS,0,20110106,103019,234,1500
BUX1112,0,20110106,103037,22901,1
GENESIS,0,20110106,103041,235,500
GENESIS,0,20110106,103041,235,850
GENESIS,0,20110106,103041,235,770
GENESIS,0,20110106,103041,236,1140
GENESIS,0,20110106,103041,236,600
GENESIS,0,20110106,103041,236,1000
GENESIS,0,20110106,103041,237,1000
GENESIS,0,20110106,103041,238,1250
GENESIS,0,20110106,103041,239,325
RICHTER,0,20110106,103046,43225,4
RICHTER,0,20110106,103046,43225,4
RICHTER,0,20110106,103046,43225,100
RICHTER,0,20110106,103050,43225,7
RICHTER,0,20110106,103050,43225,17
RFV,0,20110106,103107,8450,10
MOL,0,20110106,103131,21365,38
MOL,0,20110106,103157,21375,25
RICHTER,0,20110106,103210,43225,5
RICHTER,0,20110106,103210,43225,3
RICHTER,0,20110106,103210,43225,2
MTELEKOM,0,20110106,103211,551,155
MTELEKOM,0,20110106,103211,551,345
PANNERGY,0,20110106,103217,918,500
MTELEKOM,0,20110106,103221,552,2000
OTP,0,20110106,103224,5303,10
OTP,0,20110106,103224,5303,100
OTP,0,20110106,103224,5303,81
BUX1112,0,20110106,103225,22900,10
BUX1112,0,20110106,103228,22900,15
BUX1112,0,20110106,103234,22900,10
MOL,0,20110106,103238,21380,50
BUX1112,0,20110106,103241,22900,5
MOL,0,20110106,103241,21380,50
OTP,0,20110106,103242,5303,119
OTP,0,20110106,103242,5303,42
OTP,0,20110106,103242,5303,100
OTP,0,20110106,103242,5302,591
OTP,0,20110106,103242,5301,37
OTP,0,20110106,103242,5301,250
OTP,0,20110106,103242,5301,611
OTP,0,20110106,103242,5301,50
OTP,0,20110106,103242,5301,400
OTP,0,20110106,103242,5300,200
OTP,0,20110106,103242,5300,1000
OTP,0,20110106,103242,5300,27
OTP,0,20110106,103242,5300,100
OTP,0,20110106,103242,5300,2000
OTP,0,20110106,103242,5300,573
OTP,0,20110106,103242,5300,27
OTP,0,20110106,103242,5300,30
OTP,0,20110106,103242,5300,733
MOL,0,20110106,103301,21375,25
MOL,0,20110106,103301,21375,13
OTP,0,20110106,103301,5300,1000
RICHTER,0,20110106,103319,43290,1
MOL,0,20110106,103329,21380,3
OTP,0,20110106,103334,5308,14
OTP,0,20110106,103338,5301,30
OTP,0,20110106,103338,5300,567
OTP,0,20110106,103338,5300,20
OTP,0,20110106,103338,5300,70
OTP,0,20110106,103338,5300,20
OTP,0,20110106,103338,5300,120
OTP,0,20110106,103338,5300,100
OTP,0,20110106,103338,5300,4073
BUX1112,0,20110106,103347,22899,1
BUX1112,0,20110106,103347,22900,2
OTP,0,20110106,103354,5300,100
BUX1112,0,20110106,103404,22900,9
OTP,0,20110106,103405,5300,500
OTP,0,20110106,103416,5300,100
GENESIS,0,20110106,103444,235,10
OTP,0,20110106,103449,5308,20
MOL,0,20110106,103453,21375,61
MOL,0,20110106,103453,21375,4
MOL,0,20110106,103453,21375,158
MOL,0,20110106,103453,21375,55
MOL,0,20110106,103455,21375,27
OTP,0,20110106,103505,5301,200
RICHTER,0,20110106,103532,43290,66
RICHTER,0,20110106,103532,43290,14
RICHTER,0,20110106,103532,43290,14
RICHTER,0,20110106,103532,43290,14
RICHTER,0,20110106,103532,43290,100
RICHTER,0,20110106,103534,43225,5
RICHTER,0,20110106,103537,43210,50
OTP,0,20110106,103538,5301,100
RICHTER,0,20110106,103539,43200,12
RICHTER,0,20110106,103539,43200,32
MOL,0,20110106,103540,21375,295
HUMET,0,20110106,103546,9,20
MTELEKOM,0,20110106,103550,551,155
MTELEKOM,0,20110106,103550,551,5149
MTELEKOM,0,20110106,103550,551,300
MTELEKOM,0,20110106,103550,551,1603
MTELEKOM,0,20110106,103550,551,1500
GENESIS,0,20110106,103551,235,1240
GENESIS,0,20110106,103551,233,182
MTELEKOM,0,20110106,103557,551,1293
OTP,0,20110106,103559,5301,10
BUX1112,0,20110106,103602,22890,10
BUX1112,0,20110106,103602,22888,15
MOL,0,20110106,103615,21360,50
MOL,0,20110106,103615,21360,50
MOL,0,20110106,103615,21360,10
MOL,0,20110106,103615,21360,118
SYNERGON,0,20110106,103617,493,91
BUX1112,0,20110106,103617,22888,5
BUX1112,0,20110106,103617,22885,5
BUX1112,0,20110106,103620,22885,5
BUX1112,0,20110106,103620,22885,10
GENESIS,0,20110106,103623,234,250
BUX1112,0,20110106,103639,22885,10
BUX1112,0,20110106,103644,22881,1
BUX1112,0,20110106,103644,22881,10
BUX1112,0,20110106,103644,22880,39
OTP,0,20110106,103646,5307,10
BUX1112,0,20110106,103702,22880,2
RICHTER,0,20110106,103711,43295,11
RICHTER,0,20110106,103711,43295,29
RICHTER,0,20110106,103711,43300,1
RICHTER,0,20110106,103711,43300,5
RICHTER,0,20110106,103711,43300,11
RICHTER,0,20110106,103711,43300,7
RICHTER,0,20110106,103718,43325,92
RICHTER,0,20110106,103718,43325,29
BUX1112,0,20110106,103731,22880,1
OTP,0,20110106,103744,5303,20
KEG,0,20110106,103746,134,869
KEG,0,20110106,103746,134,1551
MOL,0,20110106,103821,21360,300
RICHTER,0,20110106,103824,43350,2
MOL,0,20110106,103829,21380,4
OTP,0,20110106,103834,5307,6
OTP,0,20110106,103840,5308,9
MOL,0,20110106,103848,21380,13
MOL,0,20110106,103848,21380,300
MOL,0,20110106,103848,21390,196
MOL,0,20110106,103848,21390,25
MOL,0,20110106,103848,21400,267
MOL,0,20110106,103848,21400,30
MOL,0,20110106,103848,21400,10
MOL,0,20110106,103848,21400,250
MOL,0,20110106,103848,21400,39
MOL,0,20110106,103848,21400,50
MOL,0,20110106,103848,21400,330
MOL,0,20110106,103848,21400,13
MOL,0,20110106,103850,21400,66
MOL,0,20110106,103858,21400,41
MTELEKOM,0,20110106,103903,552,1000
MOL,0,20110106,103909,21400,41
BUX1112,0,20110106,103913,22890,9
MOL,0,20110106,103916,21400,89
MOL,0,20110106,103916,21400,30
MOL,0,20110106,103916,21400,33
MOL,0,20110106,103916,21400,300
MOL,0,20110106,103916,21410,150
MOL,0,20110106,103916,21410,1000
MOL,0,20110106,103916,21410,500
MOL,0,20110106,103916,21410,500
MOL,0,20110106,103916,21420,8
MOL,0,20110106,103916,21420,30
MOL,0,20110106,103916,21420,30
MOL,0,20110106,103916,21420,24
MOL,0,20110106,103920,21420,71
GENESIS,0,20110106,103923,237,100
GENESIS,0,20110106,103923,237,250
GENESIS,0,20110106,103923,237,100
GENESIS,0,20110106,103923,237,1250
GENESIS,0,20110106,103923,238,2300
MOL,0,20110106,103923,21420,205
MOL,0,20110106,103923,21420,10
MTELEKOM,0,20110106,103930,552,50
MOL,0,20110106,103936,21420,137
OTP,0,20110106,103941,5303,147
OTP,0,20110106,103941,5301,53
BUX1112,0,20110106,103948,22900,12
BUX1112,0,20110106,103948,22900,5
BUX1112,0,20110106,103952,22900,23
BUX1112,0,20110106,103952,22882,3
BUX1112,0,20110106,103952,22881,10
BUX1112,0,20110106,103952,22880,1
BUX1112,0,20110106,103952,22880,1
BUX1112,0,20110106,103952,22880,10
BUX1112,0,20110106,103957,22880,20
BUX1112,0,20110106,103957,22880,32
BUX1112,0,20110106,104007,22900,20
RICHTER,0,20110106,104012,43350,9
RICHTER,0,20110106,104012,43350,16
GENESIS,0,20110106,104013,238,690
MOL,0,20110106,104026,21400,200
MOL,0,20110106,104026,21400,35
EGIS,0,20110106,104028,20550,38
MOL,0,20110106,104028,21420,124
MOL,0,20110106,104036,21420,32
MOL,0,20110106,104038,21400,7
OTP,0,20110106,104039,5308,29
MOL,0,20110106,104044,21400,50
MOL,0,20110106,104048,21400,41
OTP,0,20110106,104058,5302,19
OTP,0,20110106,104058,5301,581
MOL,0,20110106,104058,21395,95
BUX1112,0,20110106,104102,22900,5
BUX1112,0,20110106,104108,22900,5
MOL,0,20110106,104119,21375,5
MTELEKOM,0,20110106,104146,552,1000
OTP,0,20110106,104148,5309,26
OTP,0,20110106,104148,5309,1000
OTP,0,20110106,104148,5309,3
OTP,0,20110106,104148,5310,1100
MOL,0,20110106,104150,21400,202
RICHTER,0,20110106,104153,43350,2
RICHTER,0,20110106,104153,43350,1
MOL,0,20110106,104158,21400,5
EGIS,0,20110106,104200,20550,9
MOL,0,20110106,104203,21400,95
BUX1112,0,20110106,104204,22906,1
BUX1112,0,20110106,104204,22908.5,2
BUX1112,0,20110106,104204,22909,11
BUX1112,0,20110106,104204,22910,1
OTP,0,20110106,104207,5312,100
OTP,0,20110106,104218,5312,185
OTP,0,20110106,104236,5312,300
MTELEKOM,0,20110106,104249,552,1750
MTELEKOM,0,20110106,104249,552,200
MTELEKOM,0,20110106,104249,552,3733
MTELEKOM,0,20110106,104249,552,300
MTELEKOM,0,20110106,104249,552,40
MTELEKOM,0,20110106,104249,552,1000
OTP,0,20110106,104257,5312,15
OTP,0,20110106,104257,5313,165
OTP,0,20110106,104305,5313,835
RICHTER,0,20110106,104329,43350,1
MOL,0,20110106,104332,21400,7
MOL,0,20110106,104334,21420,3
OTP,0,20110106,104334,5315,14
OTP,0,20110106,104334,5315,1145
OTP,0,20110106,104334,5315,100
MOL,0,20110106,104337,21420,11
MOL,0,20110106,104342,21400,138
MOL,0,20110106,104343,21420,53
RFV,0,20110106,104408,8430,10
BUX1112,0,20110106,104410,22915,2
OTP,0,20110106,104414,5316,62
MTELEKOM,0,20110106,104424,553,150
MTELEKOM,0,20110106,104424,553,380
MTELEKOM,0,20110106,104424,553,7170
RICHTER,0,20110106,104432,43305,14
BUX1112,0,20110106,104440,22905,2
BUX1112,0,20110106,104451,22915,9
OTP,0,20110106,104504,5316,18
OTP,0,20110106,104504,5316,52
OTP,0,20110106,104528,5315,100
GENESIS,0,20110106,104531,239,1181
GENESIS,0,20110106,104531,239,500
GENESIS,0,20110106,104531,239,319
OTP,0,20110106,104546,5316,118
OTP,0,20110106,104546,5318,3
OTP,0,20110106,104546,5318,410
OTP,0,20110106,104546,5320,5
OTP,0,20110106,104546,5320,25
OTP,0,20110106,104546,5320,1000
OTP,0,20110106,104546,5320,30
OTP,0,20110106,104546,5320,1000
OTP,0,20110106,104546,5320,100
OTP,0,20110106,104546,5320,60
OTP,0,20110106,104546,5320,100
OTP,0,20110106,104546,5320,100
OTP,0,20110106,104546,5320,25
MTELEKOM,0,20110106,104550,552,500
OTP,0,20110106,104558,5320,1
BUX1112,0,20110106,104609,22912,2
BUX1112,0,20110106,104609,22915,4
BUX1112,0,20110106,104611,22915,1
OTP,0,20110106,104613,5321,20
BUX1112,0,20110106,104621,22918,1
BUX1112,0,20110106,104624,22920,1
MOL,0,20110106,104639,21420,5
BUX1112,0,20110106,104651,22920,4
OTP,0,20110106,104651,5321,80
OTP,0,20110106,104651,5321,120
OTP,0,20110106,104657,5321,100
OTP,0,20110106,104701,5320,12
OTP,0,20110106,104706,5321,780
OTP,0,20110106,104817,5321,157
OTP,0,20110106,104817,5321,140
OTP,0,20110106,104821,5321,24
OTP,0,20110106,104821,5320,11
OTP,0,20110106,104821,5320,465
BUX1112,0,20110106,104827,22920,2
RICHTER,0,20110106,104829,43350,1
MOL,0,20110106,104834,21420,3
OTP,0,20110106,104836,5320,500
OTP,0,20110106,104839,5321,14
GENESIS,0,20110106,104841,239,331
OTP,0,20110106,104908,5321,11
OTP,0,20110106,104908,5323,489
EGIS,0,20110106,104909,20570,10
OTP,0,20110106,104916,5323,200
KEG,0,20110106,104920,133,423
KEG,0,20110106,104920,133,58
KEG,0,20110106,104923,134,10000
MTELEKOM,0,20110106,104928,552,1000
KEG,0,20110106,104930,134,2500
OTP,0,20110106,104934,5323,311
OTP,0,20110106,104934,5324,1
OTP,0,20110106,104934,5324,8
OTP,0,20110106,104934,5325,308
OTP,0,20110106,104934,5325,30
OTP,0,20110106,104934,5325,200
OTP,0,20110106,104934,5325,500
OTP,0,20110106,104934,5325,56
GENESIS,0,20110106,104938,240,500
KEG,0,20110106,104938,134,949
KEG,0,20110106,104938,134,51
GENESIS,0,20110106,104941,238,210
GENESIS,0,20110106,104941,238,2000
BUX1112,0,20110106,104945,22923,1
BUX1112,0,20110106,104945,22925,1
BUX1112,0,20110106,104945,22929.5,1
BUX1112,0,20110106,104945,22930,17
KEG,0,20110106,104949,134,500
KEG,0,20110106,104952,134,449
MOL,0,20110106,105033,21415,5
OTP,0,20110106,105044,5325,80
OTP,0,20110106,105047,5325,506
OTP,0,20110106,105050,5320,20
KEG,0,20110106,105058,135,869
KEG,0,20110106,105058,135,131
MTELEKOM,0,20110106,105106,552,1000
RICHTER,0,20110106,105113,43350,6
OTP,0,20110106,105142,5320,14
BUX1112,0,20110106,105143,22929,1
BUX1112,0,20110106,105143,22930,7
BUX1112,0,20110106,105143,22930,6
BUX1112,0,20110106,105143,22930,6
BUX1112,0,20110106,105157,22930,1
MTELEKOM,0,20110106,105201,553,11603
MTELEKOM,0,20110106,105201,553,1500
MTELEKOM,0,20110106,105201,553,500
MTELEKOM,0,20110106,105201,553,3640
BUX1112,0,20110106,105201,22930,2
KEG,0,20110106,105204,135,500
OTP,0,20110106,105204,5324,150
KEG,0,20110106,105204,135,750
FHB,0,20110106,105213,973,69
BUX1112,0,20110106,105227,22930,1
GENESIS,0,20110106,105230,238,250
MTELEKOM,0,20110106,105234,554,5817
MTELEKOM,0,20110106,105234,554,110
MTELEKOM,0,20110106,105234,554,100
MTELEKOM,0,20110106,105234,554,125
MTELEKOM,0,20110106,105234,554,1530
MTELEKOM,0,20110106,105234,554,100
MTELEKOM,0,20110106,105234,554,1000
MTELEKOM,0,20110106,105234,554,6500
MTELEKOM,0,20110106,105234,554,500
MTELEKOM,0,20110106,105234,554,1200
MTELEKOM,0,20110106,105234,554,250
MTELEKOM,0,20110106,105234,554,1000
MTELEKOM,0,20110106,105234,554,110
MTELEKOM,0,20110106,105234,554,500
MTELEKOM,0,20110106,105234,554,150
MTELEKOM,0,20110106,105234,554,500
MTELEKOM,0,20110106,105234,554,500
MTELEKOM,0,20110106,105234,554,16000
MTELEKOM,0,20110106,105234,555,43
MTELEKOM,0,20110106,105234,555,40
MTELEKOM,0,20110106,105234,555,500
MTELEKOM,0,20110106,105234,555,200
MTELEKOM,0,20110106,105234,555,45
MTELEKOM,0,20110106,105234,555,1000
MTELEKOM,0,20110106,105234,555,256
MTELEKOM,0,20110106,105234,555,290
MTELEKOM,0,20110106,105234,555,668
MTELEKOM,0,20110106,105234,555,100
MTELEKOM,0,20110106,105234,555,170
MTELEKOM,0,20110106,105234,555,216
MTELEKOM,0,20110106,105234,555,500
MTELEKOM,0,20110106,105234,555,1000
MTELEKOM,0,20110106,105234,555,5000
MTELEKOM,0,20110106,105234,555,4972
MTELEKOM,0,20110106,105234,555,180
GENESIS,0,20110106,105235,238,690
RICHTER,0,20110106,105237,43350,4
RICHTER,0,20110106,105237,43350,16
OTP,0,20110106,105251,5324,30
MTELEKOM,0,20110106,105252,555,1000
MTELEKOM,0,20110106,105254,555,3700
MTELEKOM,0,20110106,105323,555,955
OTP,0,20110106,105324,5324,50
RICHTER,0,20110106,105329,43380,1
MOL,0,20110106,105334,21415,3
MOL,0,20110106,105336,21415,50
OTP,0,20110106,105344,5325,15
BUX1112,0,20110106,105352,22939,1
BUX1112,0,20110106,105352,22940,2
BUX1112,0,20110106,105403,22930,3
ZWACK,0,20110106,105406,12900,28
ZWACK,0,20110106,105406,12900,13
ZWACK,0,20110106,105406,12900,100
GENESIS,0,20110106,105418,238,1000
RICHTER,0,20110106,105426,43340,11
GENESIS,0,20110106,105431,238,650
GENESIS,0,20110106,105431,238,182
MTELEKOM,0,20110106,105432,555,450
RABA,0,20110106,105447,828,120
RABA,0,20110106,105447,828,80
OTP,0,20110106,105449,5325,50
BUX1112,0,20110106,105520,22947,1
BUX1112,0,20110106,105520,22948,2
BUX1112,0,20110106,105520,22949,9
BUX1112,0,20110106,105524,22949,1
BUX1112,0,20110106,105524,22949,2
BUX1112,0,20110106,105525,22950,10
BUX1112,0,20110106,105525,22950,1
BUX1112,0,20110106,105525,22950,40
BUX1112,0,20110106,105525,22950,7
BUX1112,0,20110106,105525,22950,1
BUX1112,0,20110106,105531,22950,12
OTP,0,20110106,105553,5325,15
EGIS,0,20110106,105600,20550,41
KEG,0,20110106,105622,135,750
RICHTER,0,20110106,105638,43340,10
RICHTER,0,20110106,105638,43305,1
OTP,0,20110106,105651,5325,70
OTP,0,20110106,105651,5325,30
GENESIS,0,20110106,105652,240,1500
OTP,0,20110106,105711,5325,20
MOL,0,20110106,105711,21415,2
MOL,0,20110106,105711,21415,30
MOL,0,20110106,105711,21420,19
MOL,0,20110106,105711,21420,40
MOL,0,20110106,105711,21430,107
MOL,0,20110106,105713,21430,41
GENESIS,0,20110106,105717,240,500
BUX1112,0,20110106,105719,22950,5
EGIS,0,20110106,105719,20550,9
EGIS,0,20110106,105719,20570,20
EGIS,0,20110106,105719,20570,21
MOL,0,20110106,105720,21430,34
MOL,0,20110106,105720,21435,1000
MOL,0,20110106,105720,21435,10
GENESIS,0,20110106,105724,240,500
MOL,0,20110106,105725,21440,5
MOL,0,20110106,105730,21445,110
MOL,0,20110106,105730,21445,5
OTP,0,20110106,105733,5326,8
OTP,0,20110106,105733,5327,992
OTP,0,20110106,105739,5325,20
BUX1112,0,20110106,105800,22957,1
BUX1112,0,20110106,105800,22958.5,1
BUX1112,0,20110106,105800,22960,2
BUX1112,0,20110106,105800,22960,1
BUX1112,0,20110106,105800,22960,1
OTP,0,20110106,105802,5325,99
GENESIS,0,20110106,105815,240,500
RABA,0,20110106,105817,828,100
BUX1112,0,20110106,105820,22966,5
BUX1112,0,20110106,105820,22968,1
BUX1112,0,20110106,105820,22969,14
BUX1112,0,20110106,105820,22969,10
BUX1112,0,20110106,105822,22969,6
BUX1112,0,20110106,105822,22969.5,1
BUX1112,0,20110106,105822,22969.5,2
BUX1112,0,20110106,105822,22969.5,1
OTP,0,20110106,105827,5327,8
MOL,0,20110106,105833,21445,13
BUX1112,0,20110106,105833,22960,2
RICHTER,0,20110106,105834,43380,1
GENESIS,0,20110106,105834,240,1000
GENESIS,0,20110106,105834,240,360
GENESIS,0,20110106,105834,240,400
GENESIS,0,20110106,105834,240,240
MOL,0,20110106,105834,21445,4
BUX1112,0,20110106,105834,22969.5,6
MOL,0,20110106,105835,21445,13
MOL,0,20110106,105838,21450,82
OTP,0,20110106,105845,5328,14
MOL,0,20110106,105846,21445,33
EGIS,0,20110106,105848,20570,30
EGIS,0,20110106,105848,20580,70
MOL,0,20110106,105849,21450,51
BUX1112,0,20110106,105857,22972,1
BUX1112,0,20110106,105857,22975,5
BUX1112,0,20110106,105857,22975,24
BUX1112,0,20110106,105857,22975,6
BUX1112,0,20110106,105857,22978,20
BUX1112,0,20110106,105857,22979,1
BUX1112,0,20110106,105857,22979,3
MTELEKOM,0,20110106,105901,554,200
MTELEKOM,0,20110106,105901,554,3540
BUX1112,0,20110106,105908,22978,30
OTP,0,20110106,105910,5328,86
OTP,0,20110106,105910,5329,200
OTP,0,20110106,105910,5329,400
OTP,0,20110106,105910,5329,10
OTP,0,20110106,105910,5329,100
OTP,0,20110106,105910,5330,72
OTP,0,20110106,105910,5330,800
OTP,0,20110106,105910,5330,1000
OTP,0,20110106,105910,5330,357
OTP,0,20110106,105910,5330,40
OTP,0,20110106,105910,5330,600
OTP,0,20110106,105910,5330,335
MOL,0,20110106,105911,21450,1
MOL,0,20110106,105912,21445,5
OTP,0,20110106,105914,5330,110
OTP,0,20110106,105914,5330,5
OTP,0,20110106,105914,5330,14
OTP,0,20110106,105914,5330,792
BUX1112,0,20110106,105915,22979,2
BUX1112,0,20110106,105915,22980,1
BUX1112,0,20110106,105915,22980,1
BUX1112,0,20110106,105915,22980,1
BUX1112,0,20110106,105915,22980,5
BUX1112,0,20110106,105915,22985,10
BUX1112,0,20110106,105916,22968,6
BUX1112,0,20110106,105920,22984,2
BUX1112,0,20110106,105921,22960,2
BUX1112,0,20110106,105921,22951,2
MOL,0,20110106,105926,21450,200
MOL,0,20110106,105927,21450,120
RICHTER,0,20110106,105931,43380,3
RICHTER,0,20110106,105931,43380,18
RICHTER,0,20110106,105931,43380,14
RICHTER,0,20110106,105931,43395,72
MOL,0,20110106,105932,21450,500
RICHTER,0,20110106,105937,43395,48
RICHTER,0,20110106,105937,43395,15
RICHTER,0,20110106,105937,43395,16
RICHTER,0,20110106,105937,43400,2
RICHTER,0,20110106,105937,43400,5
RICHTER,0,20110106,105937,43400,22
RICHTER,0,20110106,105937,43400,6
RICHTER,0,20110106,105937,43400,85
RICHTER,0,20110106,105937,43400,18
RICHTER,0,20110106,105937,43400,18
RICHTER,0,20110106,105937,43400,8
RICHTER,0,20110106,105939,43310,37
RICHTER,0,20110106,105942,43400,25
MOL,0,20110106,105946,21450,46
MOL,0,20110106,105946,21450,6
MOL,0,20110106,105946,21450,28
MOL,0,20110106,105946,21450,500
MOL,0,20110106,105946,21450,4
MOL,0,20110106,105946,21450,100
MOL,0,20110106,105946,21450,10
MOL,0,20110106,105946,21450,25
MOL,0,20110106,105946,21450,10
MOL,0,20110106,105946,21450,50
MOL,0,20110106,105946,21460,15
MOL,0,20110106,105946,21460,10
MOL,0,20110106,105950,21465,6
MOL,0,20110106,105950,21465,10
MOL,0,20110106,105956,21470,10
MOL,0,20110106,105956,21470,100
BUX1112,0,20110106,110002,22978,1
BUX1112,0,20110106,110002,22980,9
MOL,0,20110106,110003,21470,400
MOL,0,20110106,110003,21470,20
MOL,0,20110106,110003,21475,1000
MOL,0,20110106,110008,21480,100
MOL,0,20110106,110008,21480,50
MOL,0,20110106,110008,21480,17
BUX1112,0,20110106,110021,22980,1
MOL,0,20110106,110023,21480,233
MOL,0,20110106,110023,21480,17
MOL,0,20110106,110024,21480,110
MOL,0,20110106,110026,21480,198
BUX1112,0,20110106,110027,22955,1
GENESIS,0,20110106,110029,242,200
GENESIS,0,20110106,110029,242,100
GENESIS,0,20110106,110029,242,100
BUX1112,0,20110106,110033,22980,18
MOL,0,20110106,110041,21460,10
MOL,0,20110106,110041,21480,90
MTELEKOM,0,20110106,110043,554,6460
MTELEKOM,0,20110106,110043,555,743
MTELEKOM,0,20110106,110043,555,2920
OTP,0,20110106,110048,5330,20
MOL,0,20110106,110050,21480,64
MOL,0,20110106,110052,21480,191
MOL,0,20110106,110052,21480,100
MOL,0,20110106,110052,21480,100
MOL,0,20110106,110052,21480,5
OTP,0,20110106,110055,5334,100
OTP,0,20110106,110055,5334,8
OTP,0,20110106,110055,5335,1125
OTP,0,20110106,110055,5335,100
OTP,0,20110106,110055,5335,810
OTP,0,20110106,110055,5335,200
OTP,0,20110106,110055,5335,200
MOL,0,20110106,110057,21485,150
MOL,0,20110106,110057,21485,51
MOL,0,20110106,110100,21485,456
OTP,0,20110106,110101,5335,790
OTP,0,20110106,110101,5335,300
OTP,0,20110106,110101,5335,25
OTP,0,20110106,110101,5335,93
OTP,0,20110106,110101,5335,25
OTP,0,20110106,110101,5335,200
RICHTER,0,20110106,110105,43450,60
RICHTER,0,20110106,110105,43450,29
RICHTER,0,20110106,110105,43460,50
GENESIS,0,20110106,110109,242,100
GENESIS,0,20110106,110109,242,421
GENESIS,0,20110106,110109,243,500
GENESIS,0,20110106,110109,243,379
EGIS,0,20110106,110109,20580,100
MOL,0,20110106,110111,21485,36
BUX1112,0,20110106,110115,22977,1
BUX1112,0,20110106,110115,22980,2
BUX1112,0,20110106,110115,22984,1
BUX1112,0,20110106,110115,22984,1
BUX1112,0,20110106,110121,22977,1
BUX1112,0,20110106,110132,22984,4
ECONET,0,20110106,110133,91,400
FHB,0,20110106,110135,975,457
GENESIS,0,20110106,110148,243,121
GENESIS,0,20110106,110148,243,79
MOL,0,20110106,110155,21485,6
MOL,0,20110106,110155,21490,5
MOL,0,20110106,110155,21490,39
MOL,0,20110106,110156,21455,20
EGIS,0,20110106,110209,20580,5
MTELEKOM,0,20110106,110211,555,1900
OTP,0,20110106,110228,5335,25
OTP,0,20110106,110228,5335,10
FOTEX,0,20110106,110228,388,87
FOTEX,0,20110106,110228,388,313
OTP,0,20110106,110231,5337,15
OTP,0,20110106,110231,5337,5
OTP,0,20110106,110233,5335,100
OTP,0,20110106,110238,5337,45
OTP,0,20110106,110238,5337,23
OTP,0,20110106,110238,5337,2
OTP,0,20110106,110244,5337,28
OTP,0,20110106,110244,5338,972
OTP,0,20110106,110247,5338,28
OTP,0,20110106,110247,5338,500
OTP,0,20110106,110247,5338,5
OTP,0,20110106,110247,5338,100
OTP,0,20110106,110247,5339,100
OTP,0,20110106,110247,5339,100
OTP,0,20110106,110247,5339,500
OTP,0,20110106,110247,5340,100
OTP,0,20110106,110247,5340,50
OTP,0,20110106,110247,5340,300
OTP,0,20110106,110247,5340,6
OTP,0,20110106,110247,5340,11
OTP,0,20110106,110247,5340,150
OTP,0,20110106,110247,5340,100
OTP,0,20110106,110247,5340,10
OTP,0,20110106,110247,5340,440
OTP,0,20110106,110247,5340,3
OTP,0,20110106,110247,5340,30
OTP,0,20110106,110247,5340,1300
OTP,0,20110106,110247,5340,100
OTP,0,20110106,110247,5340,20
OTP,0,20110106,110247,5340,25
OTP,0,20110106,110247,5340,200
OTP,0,20110106,110247,5340,50
OTP,0,20110106,110247,5340,15
OTP,0,20110106,110247,5340,80
OTP,0,20110106,110247,5340,585
OTP,0,20110106,110247,5340,10
OTP,0,20110106,110247,5340,26
OTP,0,20110106,110247,5340,4030
OTP,0,20110106,110247,5340,30
RICHTER,0,20110106,110252,43460,10
RICHTER,0,20110106,110252,43460,10
RICHTER,0,20110106,110252,43480,5
OTP,0,20110106,110258,5341,30
OTP,0,20110106,110258,5341,200
OTP,0,20110106,110258,5341,370
BUX1112,0,20110106,110305,22986,1
BUX1112,0,20110106,110305,22987,3
BUX1112,0,20110106,110305,22988,1
BUX1112,0,20110106,110305,22988,10
OTP,0,20110106,110311,5339,100
BUX1112,0,20110106,110316,22970,10
BUX1112,0,20110106,110316,22970,40
OTP,0,20110106,110323,5340,110
ZWACK,0,20110106,110326,12900,59
OTP,0,20110106,110328,5340,250
MOL,0,20110106,110334,21480,3
FOTEX,0,20110106,110338,388,187
FOTEX,0,20110106,110338,389,100
FOTEX,0,20110106,110338,389,350
FOTEX,0,20110106,110338,389,250
FOTEX,0,20110106,110338,390,113
RICHTER,0,20110106,110339,43460,1
OTP,0,20110106,110340,5340,40
OTP,0,20110106,110340,5340,10
OTP,0,20110106,110340,5340,50
OTP,0,20110106,110344,5339,14
EGIS,0,20110106,110345,20580,77
EGIS,0,20110106,110345,20580,5
EGIS,0,20110106,110345,20595,4
EGIS,0,20110106,110345,20595,41
MOL,0,20110106,110353,21480,10
EGIS,0,20110106,110358,20595,50
OTP,0,20110106,110401,5339,10
OTP,0,20110106,110401,5340,30
OTP,0,20110106,110413,5340,320
OTP,0,20110106,110413,5340,20
OTP,0,20110106,110413,5340,60
OTP,0,20110106,110413,5340,140
OTP,0,20110106,110413,5340,8
OTP,0,20110106,110432,5340,18
MTELEKOM,0,20110106,110435,554,560
OTP,0,20110106,110437,5340,40
MTELEKOM,0,20110106,110453,555,10000
RICHTER,0,20110106,110501,43410,14
OTP,0,20110106,110505,5340,104
BUX1112,0,20110106,110505,22985,18
BUX1112,0,20110106,110505,22987,2
BUX1112,0,20110106,110505,22988,20
MOL,0,20110106,110531,21470,50
MOL,0,20110106,110531,21470,43
BUX1112,0,20110106,110536,22987.5,1
BUX1112,0,20110106,110536,22987.5,1
MOL,0,20110106,110541,21460,50
OTP,0,20110106,110543,5336,150
OTP,0,20110106,110546,5340,29
GENESIS,0,20110106,110549,243,221
GENESIS,0,20110106,110549,243,600
GENESIS,0,20110106,110549,243,850
GENESIS,0,20110106,110549,244,100
GENESIS,0,20110106,110549,244,1229
OTP,0,20110106,110557,5335,130
OTP,0,20110106,110606,5340,167
OTP,0,20110106,110606,5340,33
GENESIS,0,20110106,110611,244,200
ECONET,0,20110106,110614,91,7070
ECONET,0,20110106,110614,91,1000
ECONET,0,20110106,110614,91,1289
KEG,0,20110106,110621,135,675
MOL,0,20110106,110622,21455,207
MTELEKOM,0,20110106,110627,555,782
GENESIS,0,20110106,110633,244,71
GENESIS,0,20110106,110633,244,500
GENESIS,0,20110106,110633,244,400
GENESIS,0,20110106,110633,245,1000
GENESIS,0,20110106,110633,245,29
BUX1112,0,20110106,110643,22968,1
MOL,0,20110106,110647,21460,200
OTP,0,20110106,110650,5338,2
OTP,0,20110106,110708,5338,35
OTP,0,20110106,110708,5335,35
OTP,0,20110106,110708,5335,25
OTP,0,20110106,110708,5335,300
OTP,0,20110106,110708,5335,200
OTP,0,20110106,110708,5335,200
OTP,0,20110106,110708,5331,200
OTP,0,20110106,110708,5331,1243
OTP,0,20110106,110708,5330,1862
OTP,0,20110106,110729,5331,140
EGIS,0,20110106,110746,20550,5
EGIS,0,20110106,110746,20550,1
GENESIS,0,20110106,110805,244,300
EGIS,0,20110106,110813,20590,10
OTP,0,20110106,110815,5331,50
MTELEKOM,0,20110106,110827,554,1000
GENESIS,0,20110106,110827,244,200
MOL,0,20110106,110834,21460,3
RICHTER,0,20110106,110839,43450,1
GENESIS,0,20110106,110839,242,300
OTP,0,20110106,110844,5337,14
MTELEKOM,0,20110106,110858,554,636
MTELEKOM,0,20110106,110907,554,1000
BUX1112,0,20110106,110909,22986,1
BUX1112,0,20110106,110909,22986,5
BUX1112,0,20110106,110909,22987,2
BUX1112,0,20110106,110909,22987,3
OTP,0,20110106,110920,5331,566
OTP,0,20110106,110920,5331,434
BUX1112,0,20110106,110921,22987,5
BUX1112,0,20110106,110921,22987.5,20
MOL,0,20110106,110936,21455,25
MTELEKOM,0,20110106,110944,554,1866
MTELEKOM,0,20110106,110949,554,1000
KEG,0,20110106,110953,135,735
MOL,0,20110106,110957,21455,10
GENESIS,0,20110106,110957,244,450
GENESIS,0,20110106,110957,245,1971
GENESIS,0,20110106,110957,245,2000
MTELEKOM,0,20110106,111004,554,1000
GENESIS,0,20110106,111013,245,579
OTP,0,20110106,111039,5337,30
BUX1112,0,20110106,111046,22971,1
BUX1112,0,20110106,111046,22970,9
OTP,0,20110106,111052,5337,146
OTP,0,20110106,111052,5337,100
OTP,0,20110106,111052,5338,200
OTP,0,20110106,111052,5338,70
OTP,0,20110106,111052,5338,50
OTP,0,20110106,111052,5339,100
OTP,0,20110106,111052,5339,412
OTP,0,20110106,111052,5339,20
OTP,0,20110106,111052,5340,34
OTP,0,20110106,111052,5340,8
OTP,0,20110106,111052,5340,250
OTP,0,20110106,111052,5340,200
OTP,0,20110106,111052,5340,20
OTP,0,20110106,111052,5340,100
OTP,0,20110106,111052,5341,4860
OTP,0,20110106,111052,5342,800
OTP,0,20110106,111052,5343,4000
OTP,0,20110106,111052,5344,50
OTP,0,20110106,111052,5344,10
OTP,0,20110106,111052,5344,25
OTP,0,20110106,111052,5344,200
OTP,0,20110106,111052,5344,500
OTP,0,20110106,111052,5345,15
OTP,0,20110106,111052,5345,15
OTP,0,20110106,111052,5345,13
OTP,0,20110106,111052,5345,1000
OTP,0,20110106,111052,5345,100
OTP,0,20110106,111052,5345,460
OTP,0,20110106,111052,5346,70
OTP,0,20110106,111052,5347,15
OTP,0,20110106,111052,5347,10000
OTP,0,20110106,111052,5347,24
OTP,0,20110106,111052,5348,2000
OTP,0,20110106,111052,5348,50
OTP,0,20110106,111052,5348,200
OTP,0,20110106,111052,5348,100
OTP,0,20110106,111052,5348,70
OTP,0,20110106,111052,5348,100
OTP,0,20110106,111052,5348,50
OTP,0,20110106,111052,5348,1000
OTP,0,20110106,111052,5349,90
OTP,0,20110106,111052,5349,80
OTP,0,20110106,111052,5349,100
OTP,0,20110106,111052,5349,50
OTP,0,20110106,111052,5349,400
OTP,0,20110106,111052,5349,50
OTP,0,20110106,111052,5349,100
OTP,0,20110106,111052,5349,100
OTP,0,20110106,111052,5349,10
OTP,0,20110106,111052,5349,600
OTP,0,20110106,111052,5349,30
OTP,0,20110106,111052,5350,5
OTP,0,20110106,111052,5350,55
OTP,0,20110106,111052,5350,70
OTP,0,20110106,111052,5350,103
OTP,0,20110106,111052,5350,10
OTP,0,20110106,111052,5350,10
OTP,0,20110106,111052,5350,380
OTP,0,20110106,111052,5350,140
OTP,0,20110106,111052,5350,95
OTP,0,20110106,111052,5350,25
OTP,0,20110106,111052,5350,200
OTP,0,20110106,111052,5350,3375
OTP,0,20110106,111052,5350,20
OTP,0,20110106,111052,5350,560
OTP,0,20110106,111052,5350,100
OTP,0,20110106,111052,5350,1
OTP,0,20110106,111052,5350,50
OTP,0,20110106,111052,5350,30
OTP,0,20110106,111052,5350,10
OTP,0,20110106,111052,5350,190
OTP,0,20110106,111052,5350,18
OTP,0,20110106,111052,5350,15
OTP,0,20110106,111052,5350,20
OTP,0,20110106,111052,5350,200
OTP,0,20110106,111052,5350,20
OTP,0,20110106,111052,5350,199
OTP,0,20110106,111052,5350,12
OTP,0,20110106,111052,5350,60
OTP,0,20110106,111052,5350,25
OTP,0,20110106,111052,5350,50
OTP,0,20110106,111052,5350,60
OTP,0,20110106,111052,5350,3000
OTP,0,20110106,111052,5350,100
OTP,0,20110106,111052,5350,241
OTP,0,20110106,111052,5350,200
OTP,0,20110106,111052,5350,343
OTP,0,20110106,111052,5350,10
OTP,0,20110106,111052,5350,2900
OTP,0,20110106,111052,5350,3000
OTP,0,20110106,111052,5350,172
OTP,0,20110106,111052,5350,10000
OTP,0,20110106,111052,5350,55
OTP,0,20110106,111052,5350,50
OTP,0,20110106,111052,5350,40
OTP,0,20110106,111052,5350,100
OTP,0,20110106,111052,5350,100
OTP,0,20110106,111052,5350,180
OTP,0,20110106,111052,5350,20
OTP,0,20110106,111052,5350,150
OTP,0,20110106,111052,5350,1000
OTP,0,20110106,111052,5350,100
OTP,0,20110106,111052,5350,1000
OTP,0,20110106,111052,5350,61
OTP,0,20110106,111052,5350,1
OTP,0,20110106,111052,5350,400
OTP,0,20110106,111052,5350,10
OTP,0,20110106,111052,5350,6
OTP,0,20110106,111052,5350,120
OTP,0,20110106,111052,5350,11
OTP,0,20110106,111052,5350,100
OTP,0,20110106,111052,5350,30
OTP,0,20110106,111052,5350,50
OTP,0,20110106,111052,5350,95
OTP,0,20110106,111052,5350,20
OTP,0,20110106,111052,5350,30
OTP,0,20110106,111052,5350,100
OTP,0,20110106,111052,5350,140
OTP,0,20110106,111052,5350,20
OTP,0,20110106,111052,5354,50
OTP,0,20110106,111052,5354,25
OTP,0,20110106,111053,5350,50
RICHTER,0,20110106,111100,43450,9
RICHTER,0,20110106,111100,43450,18
RICHTER,0,20110106,111100,43450,12
BUX1112,0,20110106,111106,22987,3
BUX1112,0,20110106,111106,22988,70
BUX1112,0,20110106,111106,22988,1
OTP,0,20110106,111108,5350,150
OTP,0,20110106,111108,5350,200
BUX1112,0,20110106,111109,22988,4
BUX1112,0,20110106,111109,22989,26
BUX1112,0,20110106,111114,22989,4
BUX1112,0,20110106,111114,22990,1
BUX1112,0,20110106,111114,22990,1
BUX1112,0,20110106,111114,22990,1
BUX1112,0,20110106,111114,22990,1
BUX1112,0,20110106,111114,22990,3
BUX1112,0,20110106,111114,22995,1
BUX1112,0,20110106,111114,22995,1
BUX1112,0,20110106,111114,22995,2
BUX1112,0,20110106,111114,22995,1
BUX1112,0,20110106,111114,22995,3
BUX1112,0,20110106,111114,22996,1
BUX1112,0,20110106,111114,22997,1
BUX1112,0,20110106,111114,22997,1
BUX1112,0,20110106,111114,22997,1
BUX1112,0,20110106,111114,22999,1
BUX1112,0,20110106,111114,22999,1
BUX1112,0,20110106,111114,22999,40
BUX1112,0,20110106,111114,23000,2
BUX1112,0,20110106,111114,23000,1
BUX1112,0,20110106,111114,23000,2
BUX1112,0,20110106,111114,23000,43
BUX1112,0,20110106,111114,23000,1
BUX1112,0,20110106,111114,23000,10
BUX1112,0,20110106,111114,23000,1
BUX1112,0,20110106,111114,23000,3
BUX1112,0,20110106,111114,23000,10
BUX1112,0,20110106,111114,23000,2
BUX1112,0,20110106,111114,23000,1
BUX1112,0,20110106,111114,23000,10
BUX1112,0,20110106,111114,23000,10
BUX1112,0,20110106,111114,23000,1
BUX1112,0,20110106,111114,23000,3
BUX1112,0,20110106,111114,23000,2
MTELEKOM,0,20110106,111115,554,1000
OTP,0,20110106,111115,5350,556
OTP,0,20110106,111117,5350,60
OTP,0,20110106,111121,5350,46
OTP,0,20110106,111121,5350,10
OTP,0,20110106,111122,5350,25
BUX1112,0,20110106,111122,23010,1
BUX1112,0,20110106,111122,23013,1
BUX1112,0,20110106,111122,23013,4
BUX1112,0,20110106,111122,23015,2
BUX1112,0,20110106,111122,23017,14
MTELEKOM,0,20110106,111126,554,1000
RICHTER,0,20110106,111129,43450,11
RICHTER,0,20110106,111129,43450,19
OTP,0,20110106,111129,5350,10
BUX1112,0,20110106,111130,23017,3
BUX1112,0,20110106,111134,23017,2
MTELEKOM,0,20110106,111135,554,1000
OTP,0,20110106,111136,5350,20
MOL,0,20110106,111141,21460,10
MOL,0,20110106,111142,21460,24
OTP,0,20110106,111146,5350,73
OTP,0,20110106,111146,5350,174
OTP,0,20110106,111148,5345,40
OTP,0,20110106,111149,5350,53
ETFBUXOTP,0,20110106,111152,928,27800
FHB,0,20110106,111152,975,100
EGIS,0,20110106,111153,20550,19
EGIS,0,20110106,111153,20545,5
EGIS,0,20110106,111153,20500,19
MTELEKOM,0,20110106,111153,553,1000
MTELEKOM,0,20110106,111153,553,4000
MTELEKOM,0,20110106,111153,553,900
MTELEKOM,0,20110106,111153,553,120
OTP,0,20110106,111153,5339,1393
OTP,0,20110106,111153,5338,85
MOL,0,20110106,111153,21460,364
RICHTER,0,20110106,111153,43415,7
RICHTER,0,20110106,111153,43400,57
RICHTER,0,20110106,111153,43400,3
RICHTER,0,20110106,111153,43340,10
RICHTER,0,20110106,111153,43335,39
MTELEKOM,0,20110106,111157,554,1340
BUX1112,0,20110106,111200,23000,8
BUX1112,0,20110106,111200,23000,16
BUX1112,0,20110106,111200,23000,26
ETFBUXOTP,0,20110106,111206,928,27800
EGIS,0,20110106,111207,20500,43
MTELEKOM,0,20110106,111207,553,5029
MTELEKOM,0,20110106,111207,553,300
MTELEKOM,0,20110106,111207,553,691
OTP,0,20110106,111207,5338,215
OTP,0,20110106,111207,5338,1000
OTP,0,20110106,111207,5337,200
OTP,0,20110106,111207,5337,63
MOL,0,20110106,111207,21460,157
MOL,0,20110106,111207,21455,81
MOL,0,20110106,111207,21450,50
MOL,0,20110106,111207,21450,76
MOL,0,20110106,111207,21450,3
RICHTER,0,20110106,111207,43335,111
RICHTER,0,20110106,111207,43325,5
BUX1112,0,20110106,111209,23000,4
BUX1112,0,20110106,111210,23000,1
MOL,0,20110106,111211,21480,91
OTP,0,20110106,111211,5350,1
OTP,0,20110106,111211,5350,546
BUX1112,0,20110106,111212,23000,1
OTP,0,20110106,111214,5350,289
OTP,0,20110106,111214,5354,6
OTP,0,20110106,111215,5337,137
OTP,0,20110106,111215,5334,563
OTP,0,20110106,111216,5354,169
OTP,0,20110106,111216,5354,100
OTP,0,20110106,111216,5354,11
OTP,0,20110106,111216,5354,8
GENESIS,0,20110106,111218,245,421
BUX1112,0,20110106,111220,23016,1
BUX1112,0,20110106,111220,23016.5,1
BUX1112,0,20110106,111220,23019,18
OTP,0,20110106,111221,5354,232
MTELEKOM,0,20110106,111224,554,158
EGIS,0,20110106,111226,20570,10
EGIS,0,20110106,111226,20590,40
EGIS,0,20110106,111226,20595,26
EGIS,0,20110106,111226,20600,6
EGIS,0,20110106,111226,20600,18
MOL,0,20110106,111226,21480,33
MOL,0,20110106,111226,21480,10
MOL,0,20110106,111226,21480,76
ETFBUXOTP,0,20110106,111226,928,4400
FOTEX,0,20110106,111227,390,716
FOTEX,0,20110106,111227,390,200
ECONET,0,20110106,111227,90,137
FHB,0,20110106,111227,972,100
FOTEX,0,20110106,111227,386,120
PANNERGY,0,20110106,111228,915,60
