<TICKER>,<PER>,<DTYYYYMMDD>,<TIME>,<CLOSE>,<VOLUME>
DANUBIUS,0,20110103,090029,4500,50
ECONET,0,20110103,090029,90,20
FOTEX,0,20110103,090029,383,100
FOTEX,0,20110103,090029,383,262
FOTEX,0,20110103,090029,383,138
GENESIS,0,20110103,090029,177,30
HUMET,0,20110103,090029,9,17
HUMET,0,20110103,090029,9,5483
HUMET,0,20110103,090029,9,1000
HUMET,0,20110103,090029,9,1465
HUMET,0,20110103,090029,9,52
HUMET,0,20110103,090029,9,9148
KEG,0,20110103,090029,140,400
KEG,0,20110103,090029,140,1000
MOL,0,20110103,090029,20805,15
MOL,0,20110103,090029,20805,6
MOL,0,20110103,090029,20805,5
MOL,0,20110103,090029,20805,9
MOL,0,20110103,090029,20805,22
MOL,0,20110103,090029,20805,39
MOL,0,20110103,090029,20805,11
MOL,0,20110103,090029,20805,9
MOL,0,20110103,090029,20805,50
MOL,0,20110103,090029,20805,23
MOL,0,20110103,090029,20805,8
MOL,0,20110103,090029,20805,5
MTELEKOM,0,20110103,090029,517,110
MTELEKOM,0,20110103,090029,517,1000
MTELEKOM,0,20110103,090029,517,421
MTELEKOM,0,20110103,090029,517,279
MTELEKOM,0,20110103,090029,517,110
MTELEKOM,0,20110103,090029,517,195
MTELEKOM,0,20110103,090029,517,216
MTELEKOM,0,20110103,090029,517,10
MTELEKOM,0,20110103,090029,517,64
MTELEKOM,0,20110103,090029,517,436
MTELEKOM,0,20110103,090029,517,564
MTELEKOM,0,20110103,090029,517,1436
MTELEKOM,0,20110103,090029,517,100
MTELEKOM,0,20110103,090029,517,1000
OTP,0,20110103,090029,5089,400
OTP,0,20110103,090029,5089,1521
OTP,0,20110103,090029,5089,100
OTP,0,20110103,090029,5089,10
OTP,0,20110103,090029,5089,168
OTP,0,20110103,090029,5089,49
OTP,0,20110103,090029,5089,50
OTP,0,20110103,090029,5089,5
OTP,0,20110103,090029,5089,5
OTP,0,20110103,090029,5089,100
OTP,0,20110103,090029,5089,200
OTP,0,20110103,090029,5089,800
OTP,0,20110103,090029,5089,40
OTP,0,20110103,090029,5089,20
OTP,0,20110103,090029,5089,50
OTP,0,20110103,090029,5089,30
OTP,0,20110103,090029,5089,40
OTP,0,20110103,090029,5089,50
OTP,0,20110103,090029,5089,500
OTP,0,20110103,090029,5089,166
OTP,0,20110103,090029,5089,500
OTP,0,20110103,090029,5089,1000
OTP,0,20110103,090029,5089,1167
OTP,0,20110103,090029,5089,3833
OTP,0,20110103,090029,5089,167
OTP,0,20110103,090029,5089,25
OTP,0,20110103,090029,5089,20
OTP,0,20110103,090029,5089,105
OTP,0,20110103,090029,5089,95
OTP,0,20110103,090029,5089,10
PANNERGY,0,20110103,090029,904,55
PANNERGY,0,20110103,090029,904,10
PANNERGY,0,20110103,090029,904,25
RFV,0,20110103,090029,8500,5
RICHTER,0,20110103,090029,42370,18
RICHTER,0,20110103,090029,42370,15
RICHTER,0,20110103,090029,42370,11
RICHTER,0,20110103,090029,42370,18
RICHTER,0,20110103,090029,42370,3
RICHTER,0,20110103,090029,42370,2
RICHTER,0,20110103,090029,42370,9
RICHTER,0,20110103,090029,42370,7
RICHTER,0,20110103,090029,42370,14
RICHTER,0,20110103,090029,42370,7
RICHTER,0,20110103,090029,42370,7
RICHTER,0,20110103,090029,42370,18
RICHTER,0,20110103,090029,42370,18
RICHTER,0,20110103,090029,42370,7
RICHTER,0,20110103,090029,42370,18
RICHTER,0,20110103,090029,42370,14
RICHTER,0,20110103,090029,42370,1
RICHTER,0,20110103,090029,42370,3
RICHTER,0,20110103,090029,42370,3
RICHTER,0,20110103,090029,42370,2
RICHTER,0,20110103,090029,42370,12
RICHTER,0,20110103,090029,42370,11
RICHTER,0,20110103,090029,42370,8
RICHTER,0,20110103,090029,42370,7
RICHTER,0,20110103,090029,42370,3
RICHTER,0,20110103,090029,42370,18
RICHTER,0,20110103,090029,42370,10
BUX1112,0,20110103,090044,21995,1
BUX1112,0,20110103,090044,21995,3
BUX1112,0,20110103,090044,21995,2
BUX1112,0,20110103,090044,21995,6
BUX1112,0,20110103,090044,21995,1
BUX1112,0,20110103,090044,21995,8
BUX1112,0,20110103,090044,21995,9
BUX1112,0,20110103,090044,21995,11
BUX1112,0,20110103,090044,21995,1
BUX1112,0,20110103,090044,21995,4
BUX1112,0,20110103,090044,21995,1
BUX1112,0,20110103,090044,21995,8
BUX1112,0,20110103,090044,21995,15
BUX1112,0,20110103,090044,21995,2
BUX1112,0,20110103,090044,21995,2
BUX1112,0,20110103,090044,21995,5
BUX1112,0,20110103,090044,21995,2
BUX1112,0,20110103,090044,21995,2
BUX1112,0,20110103,090044,21995,8
BUX1112,0,20110103,090044,21995,14
BUX1112,0,20110103,090044,21995,10
BUX1112,0,20110103,090044,21995,9
BUX1112,0,20110103,090044,21995,1
PANNERGY,0,20110103,090202,904,248
ECONET,0,20110103,090206,90,1309
ECONET,0,20110103,090206,90,3000
ECONET,0,20110103,090206,90,3800
ECONET,0,20110103,090206,90,650
ECONET,0,20110103,090206,90,600
OTP,0,20110103,090206,5080,375
MOL,0,20110103,090209,20805,14
MOL,0,20110103,090209,20805,5
MTELEKOM,0,20110103,090211,518,100
OTP,0,20110103,090212,5080,50
OTP,0,20110103,090214,5080,30
FHB,0,20110103,090214,959,200
MTELEKOM,0,20110103,090225,518,90
MTELEKOM,0,20110103,090225,518,180
MTELEKOM,0,20110103,090225,518,30
MTELEKOM,0,20110103,090233,518,110
OTP,0,20110103,090238,5080,300
MOL,0,20110103,090240,20805,45
MOL,0,20110103,090240,20805,55
OTP,0,20110103,090244,5080,196
OTP,0,20110103,090249,5080,100
OTP,0,20110103,090258,5080,2
MTELEKOM,0,20110103,090300,519,30
MTELEKOM,0,20110103,090300,519,61
MTELEKOM,0,20110103,090300,519,139
MTELEKOM,0,20110103,090300,519,1000
MTELEKOM,0,20110103,090300,519,303
MTELEKOM,0,20110103,090300,520,8
OTP,0,20110103,090300,5068,1
OTP,0,20110103,090301,5068,33
RICHTER,0,20110103,090301,42370,15
OTP,0,20110103,090303,5080,400
RICHTER,0,20110103,090303,42370,3
RICHTER,0,20110103,090304,42370,1
RICHTER,0,20110103,090304,42300,5
RICHTER,0,20110103,090304,42300,7
RICHTER,0,20110103,090304,42300,1
MTELEKOM,0,20110103,090305,520,1599
MOL,0,20110103,090305,20895,65
OTP,0,20110103,090305,5080,446
MTELEKOM,0,20110103,090306,520,221
RICHTER,0,20110103,090306,42450,11
RICHTER,0,20110103,090306,42450,3
RICHTER,0,20110103,090308,42450,5
MTELEKOM,0,20110103,090310,520,344
OTP,0,20110103,090310,5068,14
OTP,0,20110103,090311,5068,152
OTP,0,20110103,090311,5066,70
OTP,0,20110103,090311,5065,100
OTP,0,20110103,090311,5062,500
OTP,0,20110103,090311,5061,40
OTP,0,20110103,090311,5061,400
OTP,0,20110103,090311,5061,390
OTP,0,20110103,090311,5061,1500
OTP,0,20110103,090311,5061,160
OTP,0,20110103,090311,5060,2570
OTP,0,20110103,090311,5060,1000
MOL,0,20110103,090311,20810,100
MOL,0,20110103,090311,20805,145
MOL,0,20110103,090311,20805,10
MOL,0,20110103,090311,20805,10
MOL,0,20110103,090311,20805,100
MOL,0,20110103,090311,20800,30
MOL,0,20110103,090311,20800,105
RICHTER,0,20110103,090315,42495,1
PANNUNION,0,20110103,090316,149,11
OTP,0,20110103,090316,5056,20
MOL,0,20110103,090319,20800,81
OTP,0,20110103,090323,5060,14
OTP,0,20110103,090323,5060,506
OTP,0,20110103,090323,5060,50
OTP,0,20110103,090325,5060,201
MTELEKOM,0,20110103,090328,520,828
MTELEKOM,0,20110103,090328,520,573
MTELEKOM,0,20110103,090328,520,1000
MTELEKOM,0,20110103,090328,520,100
MTELEKOM,0,20110103,090328,520,4150
OTP,0,20110103,090332,5060,70
OTP,0,20110103,090335,5070,20
MTELEKOM,0,20110103,090336,521,150
MTELEKOM,0,20110103,090336,521,200
MTELEKOM,0,20110103,090336,521,770
MTELEKOM,0,20110103,090336,521,179
MTELEKOM,0,20110103,090336,520,653
OTP,0,20110103,090337,5070,500
RICHTER,0,20110103,090347,42495,25
RICHTER,0,20110103,090348,42300,9
RICHTER,0,20110103,090359,42300,18
MOL,0,20110103,090401,20880,5
MOL,0,20110103,090401,20880,1900
MOL,0,20110103,090401,20880,32
MOL,0,20110103,090401,20895,20
MOL,0,20110103,090401,20900,20
MOL,0,20110103,090401,20900,20
MOL,0,20110103,090401,20900,3
RICHTER,0,20110103,090401,42300,7
OTP,0,20110103,090404,5070,1700
OTP,0,20110103,090405,5062,200
MOL,0,20110103,090405,20900,217
MOL,0,20110103,090407,20800,164
MTELEKOM,0,20110103,090410,521,6
MTELEKOM,0,20110103,090410,521,494
OTP,0,20110103,090416,5061,100
OTP,0,20110103,090416,5061,31
MTELEKOM,0,20110103,090418,521,56
MTELEKOM,0,20110103,090418,521,444
MTELEKOM,0,20110103,090419,521,532
MTELEKOM,0,20110103,090420,521,2024
MTELEKOM,0,20110103,090420,521,376
OTP,0,20110103,090420,5061,369
OTP,0,20110103,090420,5060,159
OTP,0,20110103,090420,5060,1220
OTP,0,20110103,090420,5060,500
OTP,0,20110103,090420,5060,20
OTP,0,20110103,090431,5060,1940
OTP,0,20110103,090431,5055,50
OTP,0,20110103,090438,5054,100
OTP,0,20110103,090442,5053,200
OTP,0,20110103,090442,5051,1672
OTP,0,20110103,090445,5051,704
OTP,0,20110103,090451,5053,400
OTP,0,20110103,090451,5052,200
OTP,0,20110103,090451,5052,125
OTP,0,20110103,090451,5051,2624
OTP,0,20110103,090451,5051,1651
OTP,0,20110103,090453,5051,527
OTP,0,20110103,090456,5051,215
RICHTER,0,20110103,090458,42300,25
RICHTER,0,20110103,090458,42265,35
RICHTER,0,20110103,090458,42250,4
RICHTER,0,20110103,090458,42250,100
RICHTER,0,20110103,090458,42240,30
RICHTER,0,20110103,090458,42210,60
RICHTER,0,20110103,090458,42200,15
RICHTER,0,20110103,090458,42200,5
RICHTER,0,20110103,090458,42200,25
MTELEKOM,0,20110103,090459,521,400
RICHTER,0,20110103,090500,42200,10
RICHTER,0,20110103,090501,42195,1
BUX1112,0,20110103,090501,21972,1
MTELEKOM,0,20110103,090501,521,500
MTELEKOM,0,20110103,090501,521,500
RICHTER,0,20110103,090502,42200,30
OTP,0,20110103,090503,5051,107
OTP,0,20110103,090503,5051,70
RICHTER,0,20110103,090503,42195,4
RICHTER,0,20110103,090505,42200,50
BUX1112,0,20110103,090508,21972,3
BUX1112,0,20110103,090508,21971,5
BUX1112,0,20110103,090508,21970,2
RICHTER,0,20110103,090509,42150,1
OTP,0,20110103,090512,5051,230
MTELEKOM,0,20110103,090513,521,150
OTP,0,20110103,090517,5055,100
MTELEKOM,0,20110103,090532,521,150
MTELEKOM,0,20110103,090532,521,30
EGIS,0,20110103,090536,20250,4
EGIS,0,20110103,090536,20260,3
EGIS,0,20110103,090536,20260,3
EGIS,0,20110103,090536,20300,145
MTELEKOM,0,20110103,090538,521,150
OTP,0,20110103,090538,5055,200
MTELEKOM,0,20110103,090542,522,120
MTELEKOM,0,20110103,090542,522,310
MTELEKOM,0,20110103,090542,522,260
MTELEKOM,0,20110103,090542,522,400
MTELEKOM,0,20110103,090542,522,100
MTELEKOM,0,20110103,090542,523,910
MTELEKOM,0,20110103,090542,523,300
MTELEKOM,0,20110103,090544,523,10
MTELEKOM,0,20110103,090547,522,947
RICHTER,0,20110103,090548,42110,10
RICHTER,0,20110103,090548,42105,200
RICHTER,0,20110103,090548,42105,10
MTELEKOM,0,20110103,090548,523,781
MTELEKOM,0,20110103,090550,522,53
EGIS,0,20110103,090606,20300,30
OTP,0,20110103,090608,5062,422
RICHTER,0,20110103,090611,42060,11
RICHTER,0,20110103,090611,42060,12
EGIS,0,20110103,090613,20300,10
RICHTER,0,20110103,090613,42060,2
RICHTER,0,20110103,090613,42060,36
RICHTER,0,20110103,090614,42060,14
OTP,0,20110103,090616,5066,53
MTELEKOM,0,20110103,090619,522,500
MTELEKOM,0,20110103,090619,522,500
BUX1112,0,20110103,090627,21970,4
RICHTER,0,20110103,090631,42055,18
RICHTER,0,20110103,090633,42055,35
RICHTER,0,20110103,090634,42055,42
RICHTER,0,20110103,090634,42055,27
RICHTER,0,20110103,090636,42055,8
RICHTER,0,20110103,090639,42055,2
OTP,0,20110103,090643,5068,452
OTP,0,20110103,090643,5068,672
OTP,0,20110103,090643,5069,124
OTP,0,20110103,090643,5070,1500
BUX1112,0,20110103,090646,21970.5,1
RICHTER,0,20110103,090651,42055,9
RICHTER,0,20110103,090651,42060,17
EGIS,0,20110103,090700,20300,20
RICHTER,0,20110103,090702,42050,4
EGIS,0,20110103,090707,20300,10
OTP,0,20110103,090717,5075,3
OTP,0,20110103,090717,5078,17
OTP,0,20110103,090717,5078,600
OTP,0,20110103,090717,5079,1200
OTP,0,20110103,090717,5080,500
OTP,0,20110103,090717,5080,2680
RICHTER,0,20110103,090722,42100,86
OTP,0,20110103,090731,5080,80
OTP,0,20110103,090734,5080,240
BUX1112,0,20110103,090740,21990,1
OTP,0,20110103,090802,5085,100
MTELEKOM,0,20110103,090804,522,123
OTP,0,20110103,090805,5088,100
OTP,0,20110103,090805,5088,176
RICHTER,0,20110103,090805,42295,13
MTELEKOM,0,20110103,090806,522,87
MTELEKOM,0,20110103,090806,522,980
BUX1112,0,20110103,090809,21990,3
BUX1112,0,20110103,090809,21990,22
MOL,0,20110103,090810,20885,20
OTP,0,20110103,090813,5088,224
MOL,0,20110103,090817,20930,20
MOL,0,20110103,090820,20940,66
BUX1112,0,20110103,090835,21989,1
OTP,0,20110103,090844,5082,200
OTP,0,20110103,090854,5082,488
OTP,0,20110103,090857,5082,50
OTP,0,20110103,090857,5085,100
OTP,0,20110103,090857,5085,350
OTP,0,20110103,090918,5085,50
OTP,0,20110103,090918,5089,50
OTP,0,20110103,090918,5089,16
OTP,0,20110103,090918,5090,30
OTP,0,20110103,090918,5090,18
OTP,0,20110103,090918,5090,11
OTP,0,20110103,090918,5090,17
BUX1112,0,20110103,090924,21990,1
BUX1112,0,20110103,090924,21993,1
BUX1112,0,20110103,090924,21995,1
BUX1112,0,20110103,090924,21998,3
OTP,0,20110103,090926,5090,22
OTP,0,20110103,090926,5090,400
BUX1112,0,20110103,090929,21998,1
BUX1112,0,20110103,090929,22000,24
OTP,0,20110103,090929,5085,50
BUX1112,0,20110103,090930,22000,16
BUX1112,0,20110103,090930,22000,5
BUX1112,0,20110103,090930,22000,29
BUX1112,0,20110103,090936,21989,1
MTELEKOM,0,20110103,090937,522,2900
MTELEKOM,0,20110103,090938,522,120
MTELEKOM,0,20110103,090938,522,200
MTELEKOM,0,20110103,090938,522,200
MTELEKOM,0,20110103,090938,522,547
OTP,0,20110103,090941,5091,282
MTELEKOM,0,20110103,090941,521,841
BUX1112,0,20110103,090943,22000,10
BUX1112,0,20110103,090943,22000,5
BUX1112,0,20110103,090946,22000,6
OTP,0,20110103,090947,5095,50
OTP,0,20110103,090947,5095,90
OTP,0,20110103,090947,5095,300
OTP,0,20110103,090947,5095,30
BUX1112,0,20110103,090949,22030,1
MOL,0,20110103,090950,20885,46
MOL,0,20110103,090950,20885,74
MOL,0,20110103,090950,20810,55
MOL,0,20110103,090950,20805,45
OTP,0,20110103,090950,5095,506
RICHTER,0,20110103,090954,42200,18
OTP,0,20110103,090957,5096,100
OTP,0,20110103,091000,5095,200
OTP,0,20110103,091017,5096,200
OTP,0,20110103,091017,5097,20
OTP,0,20110103,091017,5097,2000
OTP,0,20110103,091022,5098,10
OTP,0,20110103,091022,5098,1085
OTP,0,20110103,091022,5098,300
OTP,0,20110103,091022,5098,23
OTP,0,20110103,091022,5098,160
BUX1112,0,20110103,091026,22040,1
BUX1112,0,20110103,091026,22040,1
BUX1112,0,20110103,091026,22041,1
MOL,0,20110103,091035,20920,162
MOL,0,20110103,091037,20850,10
MOL,0,20110103,091037,20850,42
OTP,0,20110103,091044,5097,84
BUX1112,0,20110103,091044,22045,1
BUX1112,0,20110103,091044,22047,4
OTP,0,20110103,091046,5092,100
OTP,0,20110103,091049,5092,40
OTP,0,20110103,091054,5091,253
OTP,0,20110103,091059,5091,465
MOL,0,20110103,091103,20855,100
OTP,0,20110103,091104,5090,1
BUX1112,0,20110103,091108,22047,3
BUX1112,0,20110103,091108,22047.5,2
OTP,0,20110103,091109,5090,134
OTP,0,20110103,091109,5095,200
OTP,0,20110103,091109,5095,400
OTP,0,20110103,091109,5095,266
OTP,0,20110103,091113,5094,450
OTP,0,20110103,091113,5095,134
BUX1112,0,20110103,091115,22045,5
OTP,0,20110103,091115,5095,16
OTP,0,20110103,091123,5090,100
OTP,0,20110103,091133,5093,776
MTELEKOM,0,20110103,091133,521,848
FHB,0,20110103,091134,963,100
OTP,0,20110103,091136,5091,230
OTP,0,20110103,091136,5095,200
OTP,0,20110103,091136,5095,500
OTP,0,20110103,091138,5095,506
OTP,0,20110103,091142,5095,64
MTELEKOM,0,20110103,091147,521,150
OTP,0,20110103,091148,5085,30
OTP,0,20110103,091150,5094,311
OTP,0,20110103,091152,5095,200
ANY,0,20110103,091156,730,3085
OTP,0,20110103,091158,5095,75
OTP,0,20110103,091200,5095,75
OTP,0,20110103,091200,5096,325
BUX1112,0,20110103,091206,22040,10
MOL,0,20110103,091212,20925,1
MOL,0,20110103,091219,20900,106
DANUBIUS,0,20110103,091229,4500,15
MOL,0,20110103,091233,20925,22
MOL,0,20110103,091235,20925,32
OTP,0,20110103,091235,5095,200
OTP,0,20110103,091235,5095,1
OTP,0,20110103,091238,5086,19
DANUBIUS,0,20110103,091239,4500,540
MOL,0,20110103,091245,20920,14
OTP,0,20110103,091253,5087,241
RICHTER,0,20110103,091255,42230,17
OTP,0,20110103,091256,5087,27
OTP,0,20110103,091256,5086,13
BUX1112,0,20110103,091256,22040,2
MTELEKOM,0,20110103,091305,522,1066
RICHTER,0,20110103,091305,42250,13
RICHTER,0,20110103,091306,42230,8
OTP,0,20110103,091310,5090,200
MOL,0,20110103,091310,20935,50
FHB,0,20110103,091312,964,105
FHB,0,20110103,091312,964,100
FHB,0,20110103,091312,964,760
FHB,0,20110103,091312,965,100
FHB,0,20110103,091312,967,130
FHB,0,20110103,091312,967,100
FHB,0,20110103,091312,968,50
FHB,0,20110103,091312,968,269
FHB,0,20110103,091312,968,70
FHB,0,20110103,091312,969,381
RICHTER,0,20110103,091312,42210,5
OTP,0,20110103,091315,5095,69
OTP,0,20110103,091315,5095,12
MOL,0,20110103,091320,20940,15
MOL,0,20110103,091320,20940,19
MOL,0,20110103,091320,20940,7
OTP,0,20110103,091329,5095,288
OTP,0,20110103,091329,5095,230
OTP,0,20110103,091329,5095,720
OTP,0,20110103,091329,5095,100
OTP,0,20110103,091329,5096,375
OTP,0,20110103,091329,5096,2000
OTP,0,20110103,091329,5097,20
OTP,0,20110103,091329,5099,13
OTP,0,20110103,091329,5099,47
OTP,0,20110103,091329,5099,39
OTP,0,20110103,091329,5099,2168
OTP,0,20110103,091334,5090,100
OTP,0,20110103,091336,5090,1000
MTELEKOM,0,20110103,091341,522,800
OTP,0,20110103,091353,5087,90
MTELEKOM,0,20110103,091358,522,987
MTELEKOM,0,20110103,091358,522,353
OTP,0,20110103,091359,5094,60
MTELEKOM,0,20110103,091359,522,59
OTP,0,20110103,091400,5099,500
OTP,0,20110103,091401,5099,332
OTP,0,20110103,091401,5100,177
OTP,0,20110103,091401,5100,110
OTP,0,20110103,091401,5100,204
OTP,0,20110103,091401,5100,50
OTP,0,20110103,091401,5100,150
OTP,0,20110103,091401,5100,250
OTP,0,20110103,091401,5100,50
OTP,0,20110103,091401,5100,20
OTP,0,20110103,091401,5100,3
OTP,0,20110103,091401,5100,2654
OTP,0,20110103,091401,5100,346
OTP,0,20110103,091401,5100,454
FOTEX,0,20110103,091403,382,1015
FOTEX,0,20110103,091403,383,610
FOTEX,0,20110103,091403,384,100
FOTEX,0,20110103,091403,384,265
FOTEX,0,20110103,091403,385,9
FOTEX,0,20110103,091403,385,100
FOTEX,0,20110103,091403,386,1000
OTP,0,20110103,091406,5100,741
OTP,0,20110103,091406,5100,60
MOL,0,20110103,091407,20940,8
MOL,0,20110103,091407,20940,46
MOL,0,20110103,091407,20940,30
MOL,0,20110103,091407,20940,50
BUX1112,0,20110103,091407,22030,6
BUX1112,0,20110103,091408,22030,14
BUX1112,0,20110103,091408,22039,1
BUX1112,0,20110103,091408,22040,10
OTP,0,20110103,091410,5095,1000
OTP,0,20110103,091410,5099,20
OTP,0,20110103,091410,5099,10
FOTEX,0,20110103,091413,386,500
OTP,0,20110103,091426,5109,137
OTP,0,20110103,091427,5101,200
MTELEKOM,0,20110103,091432,522,1
GSPARK,0,20110103,091444,772,8000
MOL,0,20110103,091451,20940,12
MOL,0,20110103,091451,20940,134
MOL,0,20110103,091451,20900,19
EBGOLD,0,20110103,091458,3000,500
MTELEKOM,0,20110103,091508,522,87
MTELEKOM,0,20110103,091508,522,367
MTELEKOM,0,20110103,091508,522,1150
RICHTER,0,20110103,091521,42200,18
BUX1112,0,20110103,091527,22040,2
OTP,0,20110103,091531,5105,147
OTP,0,20110103,091540,5108,90
OTP,0,20110103,091556,5110,50
OTP,0,20110103,091556,5110,50
OTP,0,20110103,091610,5110,75
OTP,0,20110103,091611,5115,100
RABA,0,20110103,091614,804,300
RABA,0,20110103,091614,804,205
RABA,0,20110103,091614,806,200
RABA,0,20110103,091614,808,100
RABA,0,20110103,091614,809,120
RABA,0,20110103,091614,809,100
RABA,0,20110103,091614,810,10
RABA,0,20110103,091614,810,130
RABA,0,20110103,091614,810,50
RABA,0,20110103,091614,810,90
OTP,0,20110103,091623,5115,400
OTP,0,20110103,091623,5115,379
OTP,0,20110103,091627,5115,200
OTP,0,20110103,091627,5115,100
SYNERGON,0,20110103,091631,486,150
SYNERGON,0,20110103,091631,488,24
SYNERGON,0,20110103,091631,489,26
GSPARK,0,20110103,091638,783,443
SYNERGON,0,20110103,091650,486,100
RICHTER,0,20110103,091656,42200,5
RICHTER,0,20110103,091658,42200,14
OTP,0,20110103,091659,5117,15
OTP,0,20110103,091659,5118,17
OTP,0,20110103,091659,5119,568
OTP,0,20110103,091702,5119,72
TVK,0,20110103,091703,3395,8
TVK,0,20110103,091703,3395,27
TVK,0,20110103,091703,3400,10
TVK,0,20110103,091703,3410,90
TVK,0,20110103,091703,3430,118
TVK,0,20110103,091703,3440,29
TVK,0,20110103,091703,3445,50
TVK,0,20110103,091703,3445,20
TVK,0,20110103,091703,3450,122
ANY,0,20110103,091704,730,150
OTP,0,20110103,091705,5112,597
BUX1112,0,20110103,091708,22040,5
OTP,0,20110103,091710,5115,50
OTP,0,20110103,091710,5120,20
RICHTER,0,20110103,091712,42225,19
RICHTER,0,20110103,091712,42250,6
OTP,0,20110103,091720,5120,50
OTP,0,20110103,091720,5120,200
OTP,0,20110103,091720,5120,140
OTP,0,20110103,091720,5120,32
OTP,0,20110103,091720,5120,38
BUX1112,0,20110103,091726,22040,10
OTP,0,20110103,091727,5124,18
OTP,0,20110103,091727,5125,20
OTP,0,20110103,091728,5125,180
OTP,0,20110103,091728,5125,1730
BUX1112,0,20110103,091732,22040,11
BUX1112,0,20110103,091732,22049,5
BUX1112,0,20110103,091732,22049,1
BUX1112,0,20110103,091732,22049,10
BUX1112,0,20110103,091732,22049,15
BUX1112,0,20110103,091732,22049.5,9
BUX1112,0,20110103,091732,22049.5,1
BUX1112,0,20110103,091732,22050,1
BUX1112,0,20110103,091732,22050,1
BUX1112,0,20110103,091732,22050,30
TVK,0,20110103,091733,3450,10
OTP,0,20110103,091735,5125,328
MOL,0,20110103,091735,20910,100
BUX1112,0,20110103,091736,22050,16
BUX1112,0,20110103,091736,22050,1
OTP,0,20110103,091743,5125,25
EGIS,0,20110103,091743,20120,10
EGIS,0,20110103,091743,20100,8
EGIS,0,20110103,091743,20060,2
EGIS,0,20110103,091743,20000,3
EGIS,0,20110103,091743,20000,15
FHB,0,20110103,091743,956,140
FHB,0,20110103,091743,956,159
MTELEKOM,0,20110103,091743,521,2
MTELEKOM,0,20110103,091743,521,100
MTELEKOM,0,20110103,091743,520,4661
OTP,0,20110103,091743,5121,1000
OTP,0,20110103,091743,5120,288
RICHTER,0,20110103,091744,42200,13
RICHTER,0,20110103,091744,42160,50
RICHTER,0,20110103,091744,42155,36
MTELEKOM,0,20110103,091744,522,321
MTELEKOM,0,20110103,091744,522,800
MTELEKOM,0,20110103,091746,522,278
OTP,0,20110103,091747,5125,60
MTELEKOM,0,20110103,091750,521,505
FHB,0,20110103,091751,968,16
MOL,0,20110103,091755,20920,66
MOL,0,20110103,091755,20900,45
MOL,0,20110103,091755,20900,10
MOL,0,20110103,091755,20900,100
MOL,0,20110103,091755,20855,97
RICHTER,0,20110103,091756,42205,10
RICHTER,0,20110103,091756,42205,7
RICHTER,0,20110103,091756,42205,7
MOL,0,20110103,091758,20855,53
MOL,0,20110103,091758,20855,4
MTELEKOM,0,20110103,091805,523,1066
OTP,0,20110103,091805,5120,100
RICHTER,0,20110103,091805,42250,7
GSPARK,0,20110103,091806,790,200
MOL,0,20110103,091810,20940,16
MOL,0,20110103,091810,20940,3
MOL,0,20110103,091810,20940,46
MOL,0,20110103,091811,20940,19
RICHTER,0,20110103,091812,42300,5
MOL,0,20110103,091812,20940,46
OTP,0,20110103,091812,5120,300
OTP,0,20110103,091813,5120,102
OTP,0,20110103,091813,5120,500
OTP,0,20110103,091813,5120,450
MOL,0,20110103,091814,20940,18
OTP,0,20110103,091815,5120,96
OTP,0,20110103,091815,5125,184
TVK,0,20110103,091820,3450,10
OTP,0,20110103,091823,5120,70
BUX1112,0,20110103,091827,22050,9
MTELEKOM,0,20110103,091829,523,283
MTELEKOM,0,20110103,091829,523,717
OTP,0,20110103,091829,5120,50
OTP,0,20110103,091832,5120,80
OTP,0,20110103,091832,5120,200
BUX1112,0,20110103,091839,22050,2
BUX1112,0,20110103,091841,22050,4
BUX1112,0,20110103,091843,22050,2
KEG,0,20110103,091843,140,3000
BUX1112,0,20110103,091848,22050,10
BUX1112,0,20110103,091851,22050,3
BUX1112,0,20110103,091851,22053,2
RFV,0,20110103,091854,8400,50
RICHTER,0,20110103,091903,42170,10
RICHTER,0,20110103,091903,42160,1
BUX1112,0,20110103,091904,22050,1
TVK,0,20110103,091912,3450,13
OTP,0,20110103,091922,5120,39
RFV,0,20110103,091925,8400,14
MTELEKOM,0,20110103,091929,522,600
OTP,0,20110103,091930,5111,10
MOL,0,20110103,091930,20940,5
MTELEKOM,0,20110103,091932,522,318
MTELEKOM,0,20110103,091944,522,82
MTELEKOM,0,20110103,091944,522,1818
KEG,0,20110103,091946,140,127
KEG,0,20110103,091946,140,500
MTELEKOM,0,20110103,091946,522,59
MTELEKOM,0,20110103,091946,522,1941
GSPARK,0,20110103,091950,791,80
OTP,0,20110103,092005,5119,50
OTP,0,20110103,092005,5119,600
OTP,0,20110103,092006,5111,10
OTP,0,20110103,092006,5110,20
GSPARK,0,20110103,092008,794,100
GSPARK,0,20110103,092008,795,1
GSPARK,0,20110103,092008,795,100
GSPARK,0,20110103,092008,795,1000
GSPARK,0,20110103,092008,795,72
RFV,0,20110103,092008,8400,6
RFV,0,20110103,092008,8500,1
MTELEKOM,0,20110103,092008,522,1000
MTELEKOM,0,20110103,092010,522,939
MOL,0,20110103,092020,20940,30
MOL,0,20110103,092020,20940,10
MOL,0,20110103,092020,20940,3
BUX1112,0,20110103,092023,22049,1
BUX1112,0,20110103,092023,22049,15
BUX1112,0,20110103,092023,22050,30
BUX1112,0,20110103,092023,22050,50
BUX1112,0,20110103,092024,22050,4
EGIS,0,20110103,092029,20030,38
FHB,0,20110103,092029,957,200
FHB,0,20110103,092029,956,99
MOL,0,20110103,092029,20880,65
MOL,0,20110103,092029,20880,124
MOL,0,20110103,092029,20880,79
MOL,0,20110103,092029,20875,50
MTELEKOM,0,20110103,092029,520,4763
OTP,0,20110103,092030,5110,604
OTP,0,20110103,092030,5106,500
OTP,0,20110103,092030,5105,184
RICHTER,0,20110103,092030,42160,49
RICHTER,0,20110103,092030,42155,14
RICHTER,0,20110103,092030,42150,2
RICHTER,0,20110103,092030,42135,2
RICHTER,0,20110103,092030,42125,5
RICHTER,0,20110103,092030,42110,27
MTELEKOM,0,20110103,092031,521,1026
MTELEKOM,0,20110103,092031,520,196
HUMET,0,20110103,092032,9,10000
MTELEKOM,0,20110103,092033,521,974
MTELEKOM,0,20110103,092039,521,512
MTELEKOM,0,20110103,092039,520,4488
OTP,0,20110103,092042,5119,58
MTELEKOM,0,20110103,092042,520,935
RICHTER,0,20110103,092049,42110,5
BUX1112,0,20110103,092053,22040,1
HUMET,0,20110103,092059,9,2952
HUMET,0,20110103,092059,9,17048
BUX1112,0,20110103,092104,22040,2
BUX1112,0,20110103,092104,22040,2
MTELEKOM,0,20110103,092116,521,1000
MTELEKOM,0,20110103,092119,522,1120
MTELEKOM,0,20110103,092119,522,1880
MTELEKOM,0,20110103,092120,521,339
MTELEKOM,0,20110103,092120,521,1000
MTELEKOM,0,20110103,092123,521,214
MTELEKOM,0,20110103,092130,522,656
MTELEKOM,0,20110103,092130,522,744
OTP,0,20110103,092131,5110,191
MTELEKOM,0,20110103,092138,521,500
MTELEKOM,0,20110103,092140,521,566
MTELEKOM,0,20110103,092140,521,454
BUX1112,0,20110103,092141,22040,1
FOTEX,0,20110103,092143,386,296
GSPARK,0,20110103,092154,798,76
GSPARK,0,20110103,092154,798,72
GSPARK,0,20110103,092214,795,200
GSPARK,0,20110103,092214,800,155
GSPARK,0,20110103,092214,800,300
SYNERGON,0,20110103,092214,489,74
SYNERGON,0,20110103,092214,489,26
OTP,0,20110103,092218,5110,60
ZWACK,0,20110103,092224,12815,5
BUX1112,0,20110103,092224,22040,1
BUX1112,0,20110103,092234,22040,1
OTP,0,20110103,092235,5110,49
RICHTER,0,20110103,092241,42115,1
RICHTER,0,20110103,092241,42110,18
RICHTER,0,20110103,092241,42110,5
OTP,0,20110103,092242,5110,1
OTP,0,20110103,092242,5115,50
BUX1112,0,20110103,092242,22040,2
BUX1112,0,20110103,092242,22040,1
OTP,0,20110103,092248,5115,49
OTP,0,20110103,092248,5105,1
RFV,0,20110103,092248,8500,44
RICHTER,0,20110103,092251,42110,5
BUX1112,0,20110103,092254,22040.5,1
BUX1112,0,20110103,092254,22030,1
RICHTER,0,20110103,092257,42100,10
RICHTER,0,20110103,092257,42100,5
RICHTER,0,20110103,092257,42100,6
MTELEKOM,0,20110103,092305,521,46
MTELEKOM,0,20110103,092305,521,620
RICHTER,0,20110103,092305,42120,13
MTELEKOM,0,20110103,092310,522,256
MTELEKOM,0,20110103,092310,522,144
OTP,0,20110103,092314,5114,100
OTP,0,20110103,092314,5114,176
MOL,0,20110103,092315,20900,15
BUX1112,0,20110103,092317,22030,1
MOL,0,20110103,092321,20930,51
RICHTER,0,20110103,092329,42110,20
GSPARK,0,20110103,092330,800,200
GSPARK,0,20110103,092330,805,90
GSPARK,0,20110103,092330,810,10
MOL,0,20110103,092336,20870,20
MOL,0,20110103,092336,20870,30
OTP,0,20110103,092341,5110,200
OTP,0,20110103,092344,5106,45
OTP,0,20110103,092354,5106,2
MTELEKOM,0,20110103,092354,522,150
RICHTER,0,20110103,092355,42105,2
MTELEKOM,0,20110103,092355,522,706
MTELEKOM,0,20110103,092355,522,1000
MTELEKOM,0,20110103,092355,522,94
RICHTER,0,20110103,092405,42100,7
OTP,0,20110103,092413,5109,60
OTP,0,20110103,092413,5109,120
RICHTER,0,20110103,092414,42100,7
GSPARK,0,20110103,092414,810,90
GSPARK,0,20110103,092414,810,410
MOL,0,20110103,092417,20925,81
ZWACK,0,20110103,092421,12900,5
ZWACK,0,20110103,092421,12810,5
ZWACK,0,20110103,092421,12805,1
OTP,0,20110103,092449,5106,20
RICHTER,0,20110103,092450,42100,1
OTP,0,20110103,092452,5108,1
MTELEKOM,0,20110103,092459,521,6
MTELEKOM,0,20110103,092500,521,194
MTELEKOM,0,20110103,092501,521,1011
OTP,0,20110103,092506,5108,38
GSPARK,0,20110103,092510,810,90
MOL,0,20110103,092514,20900,48
OTP,0,20110103,092514,5105,15
OTP,0,20110103,092514,5105,35
OTP,0,20110103,092521,5105,162
OTP,0,20110103,092521,5103,133
OTP,0,20110103,092521,5102,286
RFV,0,20110103,092524,8550,24
OTP,0,20110103,092529,5102,120
OTP,0,20110103,092529,5101,100
OTP,0,20110103,092529,5101,800
OTP,0,20110103,092529,5101,300
OTP,0,20110103,092529,5100,1970
OTP,0,20110103,092529,5100,500
OTP,0,20110103,092529,5100,2000
OTP,0,20110103,092529,5100,30
OTP,0,20110103,092529,5100,100
OTP,0,20110103,092529,5100,80
OTP,0,20110103,092529,5100,15
OTP,0,20110103,092529,5100,10
OTP,0,20110103,092529,5100,12
OTP,0,20110103,092529,5100,20
OTP,0,20110103,092529,5100,40
OTP,0,20110103,092540,5100,69
OTP,0,20110103,092544,5100,131
OTP,0,20110103,092544,5100,80
OTP,0,20110103,092544,5106,200
OTP,0,20110103,092544,5107,400
OTP,0,20110103,092544,5108,461
OTP,0,20110103,092544,5109,8
RICHTER,0,20110103,092551,42070,6
RICHTER,0,20110103,092609,42070,1
RICHTER,0,20110103,092609,42070,17
RICHTER,0,20110103,092612,42085,19
RICHTER,0,20110103,092612,42085,3
BUX1112,0,20110103,092620,22030.5,1
BUX1112,0,20110103,092620,22030,9
RFV,0,20110103,092622,8565,10
OTP,0,20110103,092634,5100,272
OTP,0,20110103,092634,5100,173
OTP,0,20110103,092634,5105,100
OTP,0,20110103,092634,5108,31
GSPARK,0,20110103,092636,811,500
BUX1112,0,20110103,092641,22030,29
PFLAX,0,20110103,092642,583,1620
PFLAX,0,20110103,092642,585,100
PFLAX,0,20110103,092642,587,110
PFLAX,0,20110103,092642,591,100
PFLAX,0,20110103,092642,597,70
RICHTER,0,20110103,092703,42100,7
OTP,0,20110103,092705,5107,200
MTELEKOM,0,20110103,092706,521,120
TVK,0,20110103,092708,3450,10
OTP,0,20110103,092710,5108,69
OTP,0,20110103,092710,5108,591
OTP,0,20110103,092733,5105,487
RFV,0,20110103,092740,8560,8
MOL,0,20110103,092742,20870,86
MOL,0,20110103,092742,20865,10
BUX1112,0,20110103,092745,22040,1
BUX1112,0,20110103,092745,22040,1
RICHTER,0,20110103,092746,42110,10
MOL,0,20110103,092748,20865,21
BUX1112,0,20110103,092751,22040,2
ECONET,0,20110103,092801,90,25
RABA,0,20110103,092802,809,100
RABA,0,20110103,092802,810,143
MTELEKOM,0,20110103,092804,521,224
MTELEKOM,0,20110103,092804,521,600
MTELEKOM,0,20110103,092804,521,242
RICHTER,0,20110103,092805,42110,8
RICHTER,0,20110103,092805,42110,5
RICHTER,0,20110103,092811,42110,3
OTP,0,20110103,092814,5105,13
MOL,0,20110103,092815,20910,65
OTP,0,20110103,092821,5108,263
MOL,0,20110103,092822,20865,5
RICHTER,0,20110103,092822,42100,14
RICHTER,0,20110103,092823,42110,1
OTP,0,20110103,092823,5100,50
RICHTER,0,20110103,092824,42100,7
BUX1112,0,20110103,092827,22040,3
MTELEKOM,0,20110103,092827,520,5
RICHTER,0,20110103,092830,42085,20
RICHTER,0,20110103,092831,42110,3
MOL,0,20110103,092837,20910,35
OTP,0,20110103,092840,5105,10
OTP,0,20110103,092840,5100,40
RICHTER,0,20110103,092846,42110,5
OTP,0,20110103,092848,5108,150
MTELEKOM,0,20110103,092850,521,158
BUX1112,0,20110103,092859,22040,2
RFV,0,20110103,092902,8570,30
OTP,0,20110103,092902,5100,50
OTP,0,20110103,092909,5108,20
OTP,0,20110103,092910,5100,1
TVK,0,20110103,092926,3450,115
MOL,0,20110103,092933,20915,49
MOL,0,20110103,092933,20915,51
ECONET,0,20110103,092938,90,1387
MOL,0,20110103,092953,20915,49
MOL,0,20110103,092953,20915,42
RFV,0,20110103,092954,8570,549
RFV,0,20110103,092954,8570,20
RICHTER,0,20110103,093009,42200,18
RICHTER,0,20110103,093009,42200,7
MTELEKOM,0,20110103,093014,522,100
HUMET,0,20110103,093024,9,10000
MOL,0,20110103,093041,20915,42
MOL,0,20110103,093041,20915,28
MTELEKOM,0,20110103,093050,521,2
MTELEKOM,0,20110103,093057,522,2270
MTELEKOM,0,20110103,093057,522,1572
RICHTER,0,20110103,093057,42200,4
RICHTER,0,20110103,093057,42200,6
MTELEKOM,0,20110103,093058,522,328
MTELEKOM,0,20110103,093058,522,100
MTELEKOM,0,20110103,093058,522,920
RFV,0,20110103,093111,8570,31
OTP,0,20110103,093116,5101,20
RICHTER,0,20110103,093124,42200,8
RICHTER,0,20110103,093124,42200,18
OTP,0,20110103,093126,5106,1
RICHTER,0,20110103,093128,42200,11
HUMET,0,20110103,093150,9,5000
OTP,0,20110103,093151,5101,50
RFV,0,20110103,093210,8570,35
BUX1112,0,20110103,093216,22045,2
OTP,0,20110103,093220,5106,20
OTP,0,20110103,093248,5106,4
OTP,0,20110103,093248,5107,35
BUX1112,0,20110103,093259,22045,1
BUX1112,0,20110103,093259,22048,1
BUX1112,0,20110103,093259,22049.5,1
BUX1112,0,20110103,093259,22050,1
MTELEKOM,0,20110103,093305,522,182
MTELEKOM,0,20110103,093305,522,1
RFV,0,20110103,093305,8570,4
OTP,0,20110103,093307,5107,58
RICHTER,0,20110103,093310,42215,13
MTELEKOM,0,20110103,093311,523,883
OTP,0,20110103,093314,5107,276
BUX1112,0,20110103,093315,22050,1
BUX1112,0,20110103,093315,22050,50
BUX1112,0,20110103,093315,22050,3
BUX1112,0,20110103,093315,22050,8
BUX1112,0,20110103,093315,22050,30
EGIS,0,20110103,093316,20140,11
EGIS,0,20110103,093316,20015,15
EGIS,0,20110103,093316,20010,12
FHB,0,20110103,093316,956,242
FHB,0,20110103,093316,956,10
FHB,0,20110103,093316,955,47
MOL,0,20110103,093316,20870,20
MOL,0,20110103,093316,20865,84
MOL,0,20110103,093316,20865,20
MOL,0,20110103,093316,20845,10
MOL,0,20110103,093316,20845,184
MTELEKOM,0,20110103,093316,521,998
MTELEKOM,0,20110103,093316,521,2000
MTELEKOM,0,20110103,093316,521,1000
MTELEKOM,0,20110103,093316,521,765
OTP,0,20110103,093317,5102,100
OTP,0,20110103,093317,5101,230
OTP,0,20110103,093317,5101,150
OTP,0,20110103,093317,5100,154
OTP,0,20110103,093317,5100,300
OTP,0,20110103,093317,5100,25
OTP,0,20110103,093317,5100,250
OTP,0,20110103,093317,5100,79
OTP,0,20110103,093317,5107,191
RICHTER,0,20110103,093317,42200,3
RICHTER,0,20110103,093317,42160,50
RICHTER,0,20110103,093317,42150,46
OTP,0,20110103,093318,5109,57
MOL,0,20110103,093319,20890,66
MOL,0,20110103,093321,20890,80
MOL,0,20110103,093323,20870,57
BUX1112,0,20110103,093339,22050,8
AAA,0,20110103,093349,230,1797
AAA,0,20110103,093358,239,300
AAA,0,20110103,093358,240,500
ETFBUXOTP,0,20110103,093411,903,10
MTELEKOM,0,20110103,093412,523,2
OTP,0,20110103,093412,5109,1
OTP,0,20110103,093423,5101,100
OTP,0,20110103,093423,5109,42
OTP,0,20110103,093423,5109,458
OTP,0,20110103,093428,5101,9
OTP,0,20110103,093428,5100,191
FOTEX,0,20110103,093434,382,873
TVK,0,20110103,093441,3450,86
OTP,0,20110103,093455,5100,20
OTP,0,20110103,093519,5108,52
OTP,0,20110103,093519,5109,142
TVK,0,20110103,093533,3450,50
MOL,0,20110103,093544,20890,4
MOL,0,20110103,093544,20900,10
MOL,0,20110103,093544,20915,42
MOL,0,20110103,093544,20920,44
TVK,0,20110103,093545,3455,20
MOL,0,20110103,093549,20920,5
MTELEKOM,0,20110103,093554,521,300
OTP,0,20110103,093605,5109,100
FHB,0,20110103,093607,960,500
RICHTER,0,20110103,093613,42150,27
OTP,0,20110103,093616,5110,18
MTELEKOM,0,20110103,093641,522,1000
MTELEKOM,0,20110103,093641,522,537
MTELEKOM,0,20110103,093641,523,1059
OTP,0,20110103,093713,5110,32
OTP,0,20110103,093713,5110,100
OTP,0,20110103,093713,5110,163
HUMET,0,20110103,093716,9,15743
HUMET,0,20110103,093716,9,5000
HUMET,0,20110103,093716,9,15
RICHTER,0,20110103,093718,42150,14
MTELEKOM,0,20110103,093720,523,201
RICHTER,0,20110103,093725,42160,23
OTP,0,20110103,093737,5110,60
OTP,0,20110103,093740,5110,27
OTP,0,20110103,093740,5110,100
OTP,0,20110103,093740,5110,100
OTP,0,20110103,093745,5110,73
ZWACK,0,20110103,093753,13050,10
MTELEKOM,0,20110103,093804,523,1066
RICHTER,0,20110103,093810,42170,7
RICHTER,0,20110103,093810,42200,14
OTP,0,20110103,093813,5110,427
OTP,0,20110103,093813,5110,75
RICHTER,0,20110103,093819,42230,5
MOL,0,20110103,093820,20900,19
MOL,0,20110103,093820,20900,46
MTELEKOM,0,20110103,093821,522,49
OTP,0,20110103,093825,5113,276
RICHTER,0,20110103,093828,42230,13
RICHTER,0,20110103,093839,42200,50
OTP,0,20110103,093843,5110,200
RICHTER,0,20110103,093852,42200,14
OTP,0,20110103,093857,5113,25
RICHTER,0,20110103,093908,42200,18
MTELEKOM,0,20110103,093912,523,900
RICHTER,0,20110103,093919,42200,4
RICHTER,0,20110103,093919,42200,4
RICHTER,0,20110103,093920,42160,22
OTP,0,20110103,093927,5113,199
OTP,0,20110103,093927,5115,40
OTP,0,20110103,093927,5115,100
OTP,0,20110103,093927,5116,100
OTP,0,20110103,093927,5117,264
OTP,0,20110103,093927,5119,15
OTP,0,20110103,093927,5119,450
OTP,0,20110103,093927,5119,832
BUX1112,0,20110103,093929,22049,1
BUX1112,0,20110103,093929,22050,10
BUX1112,0,20110103,093929,22050,7
BUX1112,0,20110103,093929,22050,10
HUMET,0,20110103,093929,10,1
RICHTER,0,20110103,093931,42160,9
OTP,0,20110103,093932,5119,400
RICHTER,0,20110103,093948,42200,2
RICHTER,0,20110103,093948,42200,3
FHB,0,20110103,093954,960,100
SYNERGON,0,20110103,094003,485,20
OTP,0,20110103,094020,5088,34057
OTP,0,20110103,094020,5115,5
OTP,0,20110103,094020,5113,25
KEG,0,20110103,094025,140,163
KEG,0,20110103,094025,140,700
OTP,0,20110103,094034,5120,1
OTP,0,20110103,094038,5120,11
OTP,0,20110103,094038,5120,35
OTP,0,20110103,094038,5120,22
OTP,0,20110103,094038,5120,200
MTELEKOM,0,20110103,094042,522,183
MTELEKOM,0,20110103,094042,522,67
OTP,0,20110103,094047,5120,322
PANNERGY,0,20110103,094049,905,150
EGIS,0,20110103,094053,20245,2
RICHTER,0,20110103,094056,42200,13
RICHTER,0,20110103,094101,42160,14
RICHTER,0,20110103,094101,42160,14
MOL,0,20110103,094108,20900,55
RICHTER,0,20110103,094125,42160,2
RICHTER,0,20110103,094125,42155,9
DANUBIUS,0,20110103,094135,4500,65
OTP,0,20110103,094148,5113,1
OTP,0,20110103,094149,5115,225
BUX1112,0,20110103,094157,22059,1
BUX1112,0,20110103,094157,22059.5,2
EGIS,0,20110103,094217,20245,29
OTP,0,20110103,094218,5113,10
RICHTER,0,20110103,094219,42165,10
OTP,0,20110103,094221,5115,230
RICHTER,0,20110103,094221,42165,7
RICHTER,0,20110103,094221,42170,3
MTELEKOM,0,20110103,094226,522,650
BUX1112,0,20110103,094247,22060,1
BUX1112,0,20110103,094247,22068,1
BUX1112,0,20110103,094247,22070,1
BUX1112,0,20110103,094247,22071,1
BUX1112,0,20110103,094247,22074,1
OTP,0,20110103,094253,5115,100
OTP,0,20110103,094302,5115,1
MTELEKOM,0,20110103,094304,523,1000
MTELEKOM,0,20110103,094305,523,1066
RICHTER,0,20110103,094310,42170,7
MTELEKOM,0,20110103,094315,523,106
MTELEKOM,0,20110103,094315,523,330
OTP,0,20110103,094320,5115,122
RICHTER,0,20110103,094320,42285,6
MOL,0,20110103,094325,20915,5
MOL,0,20110103,094325,20915,50
BUX1112,0,20110103,094328,22060,1
OTP,0,20110103,094330,5120,159
MOL,0,20110103,094331,20920,11
TVK,0,20110103,094352,3480,30
TVK,0,20110103,094352,3495,4
TVK,0,20110103,094352,3500,1
OTP,0,20110103,094400,5102,20000
RICHTER,0,20110103,094408,42280,17
RICHTER,0,20110103,094408,42280,21
RICHTER,0,20110103,094408,42295,50
RICHTER,0,20110103,094408,42300,9
RICHTER,0,20110103,094408,42300,14
RICHTER,0,20110103,094408,42300,2
MTELEKOM,0,20110103,094419,522,500
MTELEKOM,0,20110103,094419,522,300
MTELEKOM,0,20110103,094419,522,86
MTELEKOM,0,20110103,094419,522,429
OTP,0,20110103,094439,5115,83
OTP,0,20110103,094439,5113,7
MTELEKOM,0,20110103,094455,523,165
BUX1112,0,20110103,094506,22060,1
RICHTER,0,20110103,094507,42200,2
RICHTER,0,20110103,094507,42170,2
OTP,0,20110103,094508,5119,50
OTP,0,20110103,094508,5120,21
OTP,0,20110103,094508,5120,200
OTP,0,20110103,094508,5120,150
RICHTER,0,20110103,094510,42300,9
RICHTER,0,20110103,094510,42300,6
BUX1112,0,20110103,094516,22073,1
BUX1112,0,20110103,094516,22073.5,1
BUX1112,0,20110103,094516,22074,1
BUX1112,0,20110103,094516,22074.5,1
BUX1112,0,20110103,094516,22075,1
BUX1112,0,20110103,094519,22075,1
RICHTER,0,20110103,094521,42200,7
MTELEKOM,0,20110103,094542,522,200
MTELEKOM,0,20110103,094554,522,160
RFV,0,20110103,094556,8500,8
BUX1112,0,20110103,094631,22072.5,1
BUX1112,0,20110103,094631,22073,4
OTP,0,20110103,094646,5120,10
MTELEKOM,0,20110103,094652,522,300
OTP,0,20110103,094659,5121,11
OTP,0,20110103,094704,5121,489
OTP,0,20110103,094704,5123,10
OTP,0,20110103,094704,5124,190
OTP,0,20110103,094704,5124,50
OTP,0,20110103,094704,5124,1000
OTP,0,20110103,094704,5125,1000
OTP,0,20110103,094704,5125,2
OTP,0,20110103,094704,5125,10
OTP,0,20110103,094704,5125,10
OTP,0,20110103,094704,5125,20
OTP,0,20110103,094704,5125,5
OTP,0,20110103,094704,5125,40
OTP,0,20110103,094704,5125,784
OTP,0,20110103,094704,5125,40
OTP,0,20110103,094735,5128,27
RICHTER,0,20110103,094743,42200,7
BUX1112,0,20110103,094748,22075,2
BUX1112,0,20110103,094748,22077,1
BUX1112,0,20110103,094748,22078,1
BUX1112,0,20110103,094748,22078,1
BUX1112,0,20110103,094748,22079,50
BUX1112,0,20110103,094748,22080,2
BUX1112,0,20110103,094748,22080,15
EGIS,0,20110103,094749,20070,38
FHB,0,20110103,094749,960,299
MOL,0,20110103,094749,20900,300
MOL,0,20110103,094749,20895,18
MTELEKOM,0,20110103,094750,522,1411
MTELEKOM,0,20110103,094750,522,500
MTELEKOM,0,20110103,094750,522,1656
MTELEKOM,0,20110103,094750,522,998
MTELEKOM,0,20110103,094750,522,198
OTP,0,20110103,094750,5125,350
OTP,0,20110103,094750,5120,20
OTP,0,20110103,094750,5120,918
RICHTER,0,20110103,094750,42200,35
RICHTER,0,20110103,094750,42200,18
RICHTER,0,20110103,094750,42200,10
RICHTER,0,20110103,094750,42175,6
RICHTER,0,20110103,094750,42170,5
RICHTER,0,20110103,094750,42155,11
RICHTER,0,20110103,094750,42120,3
RICHTER,0,20110103,094750,42110,11
MOL,0,20110103,094753,20920,69
MOL,0,20110103,094755,20920,71
MOL,0,20110103,094755,20920,20
MOL,0,20110103,094756,20895,50
MTELEKOM,0,20110103,094804,523,505
MTELEKOM,0,20110103,094804,523,500
MTELEKOM,0,20110103,094804,523,61
RICHTER,0,20110103,094810,42285,10
RICHTER,0,20110103,094816,42290,3
OTP,0,20110103,094819,5128,273
MOL,0,20110103,094825,20930,64
MOL,0,20110103,094826,20930,99
OTP,0,20110103,094826,5129,3
MOL,0,20110103,094831,20935,25
MOL,0,20110103,094832,20935,48
MOL,0,20110103,094834,20935,80
BUX1112,0,20110103,094834,22080,13
RICHTER,0,20110103,094848,42130,11
RICHTER,0,20110103,094851,42130,14
FHB,0,20110103,094909,960,101
OTP,0,20110103,094917,5125,1
MOL,0,20110103,094924,20900,22
OTP,0,20110103,094931,5125,60
MOL,0,20110103,094934,20900,18
RICHTER,0,20110103,094942,42150,10
RICHTER,0,20110103,094942,42140,1
MTELEKOM,0,20110103,094952,523,75
MTELEKOM,0,20110103,094952,523,100
MTELEKOM,0,20110103,094952,523,724
MTELEKOM,0,20110103,094953,523,276
MTELEKOM,0,20110103,094953,523,180
MTELEKOM,0,20110103,094953,523,294
OTP,0,20110103,094957,5128,10
OTP,0,20110103,094957,5128,416
RICHTER,0,20110103,095006,42140,9
RICHTER,0,20110103,095006,42140,5
MOL,0,20110103,095019,20910,1
OTP,0,20110103,095022,5128,25
BUX1112,0,20110103,095023,22078,1
BUX1112,0,20110103,095023,22079,1
BUX1112,0,20110103,095023,22079,1
BUX1112,0,20110103,095023,22080,72
BUX1112,0,20110103,095023,22080,1
BUX1112,0,20110103,095023,22080,1
BUX1112,0,20110103,095023,22080,23
EGIS,0,20110103,095024,20085,30
EGIS,0,20110103,095024,20070,8
FHB,0,20110103,095024,957,53
FHB,0,20110103,095024,956,200
FHB,0,20110103,095024,955,3
FHB,0,20110103,095024,955,43
MOL,0,20110103,095025,20900,300
MOL,0,20110103,095025,20895,18
MTELEKOM,0,20110103,095025,522,530
MTELEKOM,0,20110103,095025,522,500
MTELEKOM,0,20110103,095025,522,1000
MTELEKOM,0,20110103,095025,522,1153
MTELEKOM,0,20110103,095025,521,1580
OTP,0,20110103,095025,5126,1000
OTP,0,20110103,095025,5125,288
RICHTER,0,20110103,095025,42140,34
RICHTER,0,20110103,095025,42130,65
PHYLAXIA,0,20110103,095026,44,79
MTELEKOM,0,20110103,095033,523,200
RICHTER,0,20110103,095048,42130,7
KEG,0,20110103,095109,140,1300
OTP,0,20110103,095111,5128,59
OTP,0,20110103,095111,5128,7
BUX1112,0,20110103,095119,22084,1
BUX1112,0,20110103,095119,22084.5,4
MOL,0,20110103,095133,20910,36
BUX1112,0,20110103,095159,22080,1
BUX1112,0,20110103,095159,22084.5,2
OTP,0,20110103,095210,5128,43
OTP,0,20110103,095210,5128,200
OTP,0,20110103,095218,5129,100
OTP,0,20110103,095223,5129,25
OTP,0,20110103,095223,5128,147
OTP,0,20110103,095223,5125,51
OTP,0,20110103,095227,5125,2
OTP,0,20110103,095227,5129,118
RICHTER,0,20110103,095231,42135,19
RICHTER,0,20110103,095231,42140,11
BUX1112,0,20110103,095235,22084.5,5
RICHTER,0,20110103,095244,42140,9
MOL,0,20110103,095245,20900,50
OTP,0,20110103,095250,5125,1
BUX1112,0,20110103,095252,22084.5,1
FOTEX,0,20110103,095254,382,583
RFV,0,20110103,095257,8500,12
MOL,0,20110103,095257,20910,3
MOL,0,20110103,095257,20915,16
MTELEKOM,0,20110103,095309,523,506
MTELEKOM,0,20110103,095309,523,237
MTELEKOM,0,20110103,095309,523,341
RICHTER,0,20110103,095310,42270,3
RICHTER,0,20110103,095317,42275,7
RICHTER,0,20110103,095324,42275,2
RICHTER,0,20110103,095324,42270,5
OTP,0,20110103,095325,5125,2
OTP,0,20110103,095325,5125,120
MOL,0,20110103,095329,20915,34
OTP,0,20110103,095335,5128,159
RICHTER,0,20110103,095335,42270,40
RICHTER,0,20110103,095336,42270,30
MOL,0,20110103,095339,20930,32
OTP,0,20110103,095341,5122,1
SYNERGON,0,20110103,095343,480,80
RICHTER,0,20110103,095346,42270,9
RICHTER,0,20110103,095353,42270,6
OTP,0,20110103,095355,5125,100
ZWACK,0,20110103,095430,12995,6
ZWACK,0,20110103,095430,13000,7
MTELEKOM,0,20110103,095430,523,414
BUX1112,0,20110103,095444,22083,2
BUX1112,0,20110103,095444,22084,10
BUX1112,0,20110103,095444,22084.5,58
BUX1112,0,20110103,095444,22085,30
EGIS,0,20110103,095445,20050,16
EGIS,0,20110103,095445,20050,18
EGIS,0,20110103,095445,20040,4
KEG,0,20110103,095445,140,8
KEG,0,20110103,095445,140,30
KEG,0,20110103,095445,141,62
FHB,0,20110103,095445,956,299
MOL,0,20110103,095445,20905,200
MOL,0,20110103,095445,20905,44
MOL,0,20110103,095445,20900,74
MTELEKOM,0,20110103,095445,521,571
MTELEKOM,0,20110103,095445,521,200
MTELEKOM,0,20110103,095445,521,3992
OTP,0,20110103,095446,5123,200
OTP,0,20110103,095446,5123,350
OTP,0,20110103,095446,5123,738
RICHTER,0,20110103,095446,42200,2
RICHTER,0,20110103,095446,42135,20
RICHTER,0,20110103,095446,42135,10
RICHTER,0,20110103,095446,42130,5
RICHTER,0,20110103,095446,42130,8
RICHTER,0,20110103,095446,42130,10
RICHTER,0,20110103,095446,42130,30
RICHTER,0,20110103,095446,42110,5
RICHTER,0,20110103,095446,42105,9
RICHTER,0,20110103,095516,42105,8
RICHTER,0,20110103,095516,42105,3
RICHTER,0,20110103,095540,42110,6
RFV,0,20110103,095541,8500,40
RICHTER,0,20110103,095556,42155,25
MOL,0,20110103,095652,20910,25
RICHTER,0,20110103,095709,42115,7
RICHTER,0,20110103,095744,42115,13
RICHTER,0,20110103,095744,42110,5
RICHTER,0,20110103,095758,42110,7
FOTEX,0,20110103,095806,382,600
RICHTER,0,20110103,095810,42135,13
MTELEKOM,0,20110103,095815,523,1084
TVK,0,20110103,095815,3450,302
MOL,0,20110103,095820,20905,154
MOL,0,20110103,095820,20905,268
MOL,0,20110103,095820,20900,27
MOL,0,20110103,095820,20900,51
MTELEKOM,0,20110103,095823,523,3161
MTELEKOM,0,20110103,095823,523,500
MTELEKOM,0,20110103,095823,523,30
OTP,0,20110103,095829,5124,75
MOL,0,20110103,095831,20900,50
MOL,0,20110103,095834,20910,15
OTP,0,20110103,095834,5125,136
OTP,0,20110103,095840,5125,205
OTP,0,20110103,095840,5123,462
OTP,0,20110103,095840,5123,1000
OTP,0,20110103,095840,5122,19
OTP,0,20110103,095840,5122,2500
OTP,0,20110103,095840,5121,1000
OTP,0,20110103,095840,5121,19
MOL,0,20110103,095841,20920,50
EGIS,0,20110103,095844,20200,5
MOL,0,20110103,095851,20930,1
OTP,0,20110103,095858,5125,89
OTP,0,20110103,095858,5125,30
MTELEKOM,0,20110103,095908,523,1557
MTELEKOM,0,20110103,095908,523,443
RICHTER,0,20110103,095915,42125,1
RICHTER,0,20110103,095915,42125,12
RICHTER,0,20110103,095923,42170,18
MOL,0,20110103,095924,20900,4
TVK,0,20110103,095941,3405,1
RABA,0,20110103,095948,809,250
MTELEKOM,0,20110103,100001,524,200
MTELEKOM,0,20110103,100001,524,700
MTELEKOM,0,20110103,100002,523,30
MTELEKOM,0,20110103,100004,524,300
MTELEKOM,0,20110103,100004,524,100
MTELEKOM,0,20110103,100004,524,600
MTELEKOM,0,20110103,100004,524,270
RICHTER,0,20110103,100020,42170,5
RICHTER,0,20110103,100020,42150,5
RICHTER,0,20110103,100020,42120,1
RICHTER,0,20110103,100028,42120,1
RICHTER,0,20110103,100039,42120,18
OTP,0,20110103,100058,5125,381
OTP,0,20110103,100100,5125,97
OTP,0,20110103,100106,5125,176
OTP,0,20110103,100106,5127,200
OTP,0,20110103,100106,5128,124
MTELEKOM,0,20110103,100112,524,15
RICHTER,0,20110103,100114,42200,2
RICHTER,0,20110103,100115,42170,10
RICHTER,0,20110103,100115,42125,4
OTP,0,20110103,100219,5128,17
OTP,0,20110103,100219,5128,20
OTP,0,20110103,100219,5128,10
OTP,0,20110103,100219,5128,20
OTP,0,20110103,100219,5129,65
OTP,0,20110103,100232,5125,100
OTP,0,20110103,100245,5125,25
OTP,0,20110103,100304,5129,689
OTP,0,20110103,100304,5129,50
OTP,0,20110103,100304,5129,199
OTP,0,20110103,100304,5130,800
OTP,0,20110103,100304,5130,50
OTP,0,20110103,100304,5130,100
OTP,0,20110103,100304,5134,20
OTP,0,20110103,100304,5134,50
PHYLAXIA,0,20110103,100306,44,653
PHYLAXIA,0,20110103,100306,44,5000
PHYLAXIA,0,20110103,100306,44,6800
PHYLAXIA,0,20110103,100306,44,1547
MOL,0,20110103,100307,20910,28
MOL,0,20110103,100307,20910,1
MTELEKOM,0,20110103,100308,523,100
MTELEKOM,0,20110103,100308,523,900
MOL,0,20110103,100308,20910,4
RICHTER,0,20110103,100310,42175,13
MTELEKOM,0,20110103,100310,524,215
MTELEKOM,0,20110103,100310,524,31
MTELEKOM,0,20110103,100319,524,69
MTELEKOM,0,20110103,100319,524,100
MTELEKOM,0,20110103,100319,524,821
MTELEKOM,0,20110103,100319,524,94
OTP,0,20110103,100328,5130,112
BUX1112,0,20110103,100332,22084,5
BUX1112,0,20110103,100332,22084,1
BUX1112,0,20110103,100332,22085,2
BUX1112,0,20110103,100332,22085,2
OTP,0,20110103,100333,5130,10
OTP,0,20110103,100334,5130,281
MOL,0,20110103,100340,20930,62
KEG,0,20110103,100340,140,800
MOL,0,20110103,100346,20935,4
MTELEKOM,0,20110103,100351,524,906
MTELEKOM,0,20110103,100351,524,94
MOL,0,20110103,100356,20935,24
OTP,0,20110103,100359,5130,29
OTP,0,20110103,100359,5133,146
RICHTER,0,20110103,100406,42170,10
BUX1112,0,20110103,100408,22084,30
BUX1112,0,20110103,100421,22084,20
OTP,0,20110103,100423,5132,5
MTELEKOM,0,20110103,100432,523,500
OTP,0,20110103,100433,5125,30
OTP,0,20110103,100438,5132,1
OTP,0,20110103,100438,5132,100
OTP,0,20110103,100440,5132,50
BUX1112,0,20110103,100440,22087,1
MTELEKOM,0,20110103,100456,523,329
RICHTER,0,20110103,100501,42150,6
MTELEKOM,0,20110103,100502,523,31
MOL,0,20110103,100502,20910,11
MOL,0,20110103,100504,20910,4
RICHTER,0,20110103,100507,42150,4
RICHTER,0,20110103,100507,42150,1
MTELEKOM,0,20110103,100517,524,10
AAA,0,20110103,100524,249,350
AAA,0,20110103,100524,250,640
AAA,0,20110103,100524,250,19
AAA,0,20110103,100524,250,301
AAA,0,20110103,100524,254,280
BUX1112,0,20110103,100546,22090,1
BUX1112,0,20110103,100546,22090,15
OTP,0,20110103,100547,5132,144
OTP,0,20110103,100547,5132,42
OTP,0,20110103,100547,5134,250
OTP,0,20110103,100547,5134,218
OTP,0,20110103,100547,5134,200
OTP,0,20110103,100547,5134,15
OTP,0,20110103,100547,5135,1131
OTP,0,20110103,100554,5132,50
OTP,0,20110103,100610,5132,10
RFV,0,20110103,100617,8450,400
OTP,0,20110103,100618,5132,2
BUX1112,0,20110103,100621,22090,34
EGIS,0,20110103,100622,20055,5
EGIS,0,20110103,100622,20035,10
EGIS,0,20110103,100622,20020,4
EGIS,0,20110103,100622,20015,6
EGIS,0,20110103,100622,20010,13
FHB,0,20110103,100622,957,120
FHB,0,20110103,100622,956,51
FHB,0,20110103,100622,955,128
MOL,0,20110103,100622,20915,300
MOL,0,20110103,100622,20910,18
MTELEKOM,0,20110103,100622,523,555
MTELEKOM,0,20110103,100622,523,635
MTELEKOM,0,20110103,100622,523,200
MTELEKOM,0,20110103,100622,522,1000
MTELEKOM,0,20110103,100622,522,10
MTELEKOM,0,20110103,100622,522,1000
MTELEKOM,0,20110103,100622,522,1000
MTELEKOM,0,20110103,100622,522,363
OTP,0,20110103,100622,5131,200
OTP,0,20110103,100622,5130,1088
RICHTER,0,20110103,100623,42150,9
RICHTER,0,20110103,100623,42150,25
RICHTER,0,20110103,100623,42135,7
RICHTER,0,20110103,100623,42125,16
RICHTER,0,20110103,100623,42125,1
RICHTER,0,20110103,100623,42120,30
RICHTER,0,20110103,100623,42120,11
BUX1112,0,20110103,100623,22097,1
BUX1112,0,20110103,100623,22098,1
BUX1112,0,20110103,100623,22099,1
BUX1112,0,20110103,100623,22099.5,1
BUX1112,0,20110103,100623,22099.5,1
BUX1112,0,20110103,100628,22090,1
OTP,0,20110103,100636,5130,15
RICHTER,0,20110103,100638,42165,24
RICHTER,0,20110103,100638,42175,9
RICHTER,0,20110103,100638,42175,22
RICHTER,0,20110103,100642,42200,6
OTP,0,20110103,100643,5130,897
OTP,0,20110103,100643,5130,503
MOL,0,20110103,100644,20915,4
RFV,0,20110103,100644,8450,48
RICHTER,0,20110103,100655,42175,18
OTP,0,20110103,100716,5130,622
OTP,0,20110103,100716,5132,138
BUX1112,0,20110103,100716,22090,9
OTP,0,20110103,100722,5132,240
OTP,0,20110103,100728,5125,200
OTP,0,20110103,100738,5130,370
OTP,0,20110103,100758,5130,100
OTP,0,20110103,100808,5130,30
OTP,0,20110103,100808,5130,194
RICHTER,0,20110103,100815,42200,10
RICHTER,0,20110103,100815,42200,3
RICHTER,0,20110103,100815,42175,18
RICHTER,0,20110103,100815,42200,7
RICHTER,0,20110103,100815,42200,3
RICHTER,0,20110103,100815,42290,5
MTELEKOM,0,20110103,100819,524,1066
BUX1112,0,20110103,100824,22085,1
OTP,0,20110103,100825,5125,28
OTP,0,20110103,100830,5125,117
OTP,0,20110103,100830,5125,75
OTP,0,20110103,100830,5125,20
OTP,0,20110103,100830,5125,19
OTP,0,20110103,100830,5125,15
OTP,0,20110103,100834,5125,80
OTP,0,20110103,100834,5125,196
BUX1112,0,20110103,100836,22090,1
BUX1112,0,20110103,100836,22090,1
BUX1112,0,20110103,100836,22094,1
MOL,0,20110103,100839,20930,65
OTP,0,20110103,100859,5125,1
OTP,0,20110103,100911,5125,49
OTP,0,20110103,100911,5129,100
OTP,0,20110103,100911,5129,251
EGIS,0,20110103,100919,20010,7
MOL,0,20110103,100927,20925,9
BUX1112,0,20110103,100940,22090,50
OTP,0,20110103,100949,5123,10
TVK,0,20110103,100953,3450,10
MOL,0,20110103,100954,20925,35
MOL,0,20110103,100954,20925,100
MOL,0,20110103,100954,20920,21
OTP,0,20110103,100958,5127,20
RICHTER,0,20110103,101001,42220,2
MTELEKOM,0,20110103,101002,523,30
MOL,0,20110103,101002,20920,11
MOL,0,20110103,101002,20920,1
RICHTER,0,20110103,101003,42180,1
RICHTER,0,20110103,101003,42175,9
RICHTER,0,20110103,101003,42150,8
RICHTER,0,20110103,101003,42150,2
RICHTER,0,20110103,101003,42125,5
RICHTER,0,20110103,101003,42125,7
MOL,0,20110103,101004,20920,15
RICHTER,0,20110103,101008,42150,10
RICHTER,0,20110103,101008,42125,1
RICHTER,0,20110103,101009,42125,5
EGIS,0,20110103,101014,20015,5
EGIS,0,20110103,101014,20010,13
PANNERGY,0,20110103,101017,907,2
PANNERGY,0,20110103,101017,906,90
BUX1112,0,20110103,101019,22085,10
OTP,0,20110103,101021,5125,1
OTP,0,20110103,101024,5123,30
OTP,0,20110103,101024,5123,12
OTP,0,20110103,101024,5122,50
OTP,0,20110103,101024,5120,200
MTELEKOM,0,20110103,101027,524,1872
MTELEKOM,0,20110103,101027,524,100
FHB,0,20110103,101030,956,151
RICHTER,0,20110103,101033,42125,1
RICHTER,0,20110103,101040,42125,4
RICHTER,0,20110103,101048,42175,5
OTP,0,20110103,101052,5115,6
OTP,0,20110103,101052,5115,45
OTP,0,20110103,101052,5114,300
OTP,0,20110103,101052,5113,30
OTP,0,20110103,101052,5113,265
SYNERGON,0,20110103,101104,478,200
SYNERGON,0,20110103,101104,477,74
BUX1112,0,20110103,101106,22084,1
MTELEKOM,0,20110103,101107,523,2380
RICHTER,0,20110103,101110,42125,10
RICHTER,0,20110103,101110,42120,4
OTP,0,20110103,101111,5120,108
OTP,0,20110103,101111,5120,2
BUX1112,0,20110103,101115,22084,3
BUX1112,0,20110103,101119,22084,5
RABA,0,20110103,101119,809,60
RABA,0,20110103,101119,810,90
RICHTER,0,20110103,101123,42125,20
RICHTER,0,20110103,101123,42120,31
OTP,0,20110103,101126,5120,8
OTP,0,20110103,101126,5120,100
OTP,0,20110103,101126,5125,229
OTP,0,20110103,101126,5126,13
BUX1112,0,20110103,101128,22084,1
BUX1112,0,20110103,101129,22080,12
OTP,0,20110103,101152,5115,200
OTP,0,20110103,101152,5113,615
OTP,0,20110103,101152,5112,15
OTP,0,20110103,101152,5111,498
OTP,0,20110103,101152,5111,2522
OTP,0,20110103,101157,5111,400
FOTEX,0,20110103,101159,383,300
FOTEX,0,20110103,101159,382,427
MTELEKOM,0,20110103,101205,524,1160
MOL,0,20110103,101206,20920,50
MOL,0,20110103,101213,20920,102
MOL,0,20110103,101213,20920,48
OTP,0,20110103,101226,5120,100
OTP,0,20110103,101226,5120,15
RICHTER,0,20110103,101235,42140,17
RICHTER,0,20110103,101235,42140,7
OTP,0,20110103,101236,5119,432
MOL,0,20110103,101257,20920,10
RICHTER,0,20110103,101308,42120,5
RICHTER,0,20110103,101314,42140,12
MOL,0,20110103,101319,20920,150
MTELEKOM,0,20110103,101319,524,1066
RICHTER,0,20110103,101324,42120,7
OTP,0,20110103,101334,5118,10
OTP,0,20110103,101334,5119,9
MTELEKOM,0,20110103,101335,524,600
MOL,0,20110103,101340,20930,65
OTP,0,20110103,101341,5119,276
OTP,0,20110103,101418,5119,200
RICHTER,0,20110103,101441,42120,11
RICHTER,0,20110103,101459,42140,2
RICHTER,0,20110103,101501,42120,7
MTELEKOM,0,20110103,101502,523,31
MOL,0,20110103,101502,20920,15
MTELEKOM,0,20110103,101511,524,1191
MOL,0,20110103,101524,20920,20
BUX1112,0,20110103,101528,22079,1
OTP,0,20110103,101536,5117,50
OTP,0,20110103,101536,5119,539
OTP,0,20110103,101536,5119,91
OTP,0,20110103,101536,5119,20
BUX1112,0,20110103,101549,22066,5
RICHTER,0,20110103,101557,42120,11
RICHTER,0,20110103,101623,42120,8
MTELEKOM,0,20110103,101625,524,500
MTELEKOM,0,20110103,101640,523,100
RICHTER,0,20110103,101701,42135,22
OTP,0,20110103,101724,5118,3
OTP,0,20110103,101724,5118,197
OTP,0,20110103,101724,5115,100
MOL,0,20110103,101731,20930,15
MTELEKOM,0,20110103,101739,524,527
BUX1112,0,20110103,101757,22067,1
MOL,0,20110103,101759,20925,2
RICHTER,0,20110103,101815,42175,6
RICHTER,0,20110103,101815,42175,7
OTP,0,20110103,101815,5112,80
OTP,0,20110103,101815,5111,110
RICHTER,0,20110103,101817,42140,11
MTELEKOM,0,20110103,101824,524,1084
OTP,0,20110103,101834,5115,100
KEG,0,20110103,101839,140,750
MOL,0,20110103,101840,20930,65
PANNERGY,0,20110103,101840,906,3
RICHTER,0,20110103,101843,42140,9
OTP,0,20110103,101844,5118,176
ECONET,0,20110103,101845,90,3097
ECONET,0,20110103,101845,90,60
RICHTER,0,20110103,101903,42140,11
AAA,0,20110103,101927,254,500
EGIS,0,20110103,101951,20090,2
RICHTER,0,20110103,102001,42155,1
MTELEKOM,0,20110103,102002,523,30
MOL,0,20110103,102002,20905,15
BUX1112,0,20110103,102005,22079,1
GENESIS,0,20110103,102005,177,150
RICHTER,0,20110103,102007,42140,12
RICHTER,0,20110103,102007,42125,3
RICHTER,0,20110103,102007,42120,3
RICHTER,0,20110103,102009,42120,5
RICHTER,0,20110103,102014,42120,5
OTP,0,20110103,102022,5115,50
OTP,0,20110103,102028,5118,164
BUX1112,0,20110103,102041,22079,1
RICHTER,0,20110103,102129,42155,14
RICHTER,0,20110103,102129,42155,18
RABA,0,20110103,102132,810,30
RICHTER,0,20110103,102155,42150,3
RICHTER,0,20110103,102155,42120,11
MOL,0,20110103,102206,20905,150
OTP,0,20110103,102208,5118,122
RICHTER,0,20110103,102224,42180,18
RICHTER,0,20110103,102224,42270,2
MOL,0,20110103,102225,20905,35
MOL,0,20110103,102225,20905,14
MTELEKOM,0,20110103,102230,524,730
MTELEKOM,0,20110103,102230,524,500
MTELEKOM,0,20110103,102230,524,36
RICHTER,0,20110103,102230,42170,3
MOL,0,20110103,102249,20905,5
BUX1112,0,20110103,102307,22066,5
RICHTER,0,20110103,102315,42150,13
OTP,0,20110103,102321,5118,214
OTP,0,20110103,102321,5118,416
MTELEKOM,0,20110103,102324,524,314
MTELEKOM,0,20110103,102324,524,752
BUX1112,0,20110103,102332,22074,1
OTP,0,20110103,102335,5118,276
OTP,0,20110103,102335,5115,10
MOL,0,20110103,102339,20930,65
RICHTER,0,20110103,102349,42125,4
RABA,0,20110103,102352,809,100
OTP,0,20110103,102359,5118,40
OTP,0,20110103,102421,5118,19
OTP,0,20110103,102429,5115,100
RICHTER,0,20110103,102432,42150,1
RABA,0,20110103,102433,809,100
BUX1112,0,20110103,102445,22075,5
RICHTER,0,20110103,102501,42125,7
MTELEKOM,0,20110103,102502,523,31
MOL,0,20110103,102502,20905,15
OTP,0,20110103,102510,5118,630
OTP,0,20110103,102510,5118,279
OTP,0,20110103,102510,5119,461
OTP,0,20110103,102510,5119,50
OTP,0,20110103,102510,5119,1000
OTP,0,20110103,102510,5120,1985
OTP,0,20110103,102510,5120,74
OTP,0,20110103,102510,5120,25
OTP,0,20110103,102510,5120,100
OTP,0,20110103,102510,5122,300
OTP,0,20110103,102510,5125,25
OTP,0,20110103,102510,5125,1369
OTP,0,20110103,102510,5126,67
OTP,0,20110103,102510,5127,430
OTP,0,20110103,102510,5128,19
OTP,0,20110103,102510,5128,200
OTP,0,20110103,102510,5129,949
OTP,0,20110103,102510,5129,15
OTP,0,20110103,102510,5129,2022
MOL,0,20110103,102533,20925,95
MOL,0,20110103,102535,20925,5
MOL,0,20110103,102535,20930,15
BUX1112,0,20110103,102551,22079,8
OTP,0,20110103,102559,5120,50
OTP,0,20110103,102600,5125,8
BUX1112,0,20110103,102622,22079,1
BUX1112,0,20110103,102625,22079,1
PANNERGY,0,20110103,102630,907,440
CSEPEL,0,20110103,102701,259,79
SYNERGON,0,20110103,102709,483,215
BUX1112,0,20110103,102712,22066,1
BUX1112,0,20110103,102712,22065,5
BUX1112,0,20110103,102712,22064,4
MOL,0,20110103,102723,20930,1
RICHTER,0,20110103,102736,42140,9
MOL,0,20110103,102737,20930,15
MOL,0,20110103,102749,20925,4
BUX1112,0,20110103,102752,22065,2
BUX1112,0,20110103,102752,22064,6
BUX1112,0,20110103,102752,22063,12
MTELEKOM,0,20110103,102756,524,50
RICHTER,0,20110103,102815,42140,6
MTELEKOM,0,20110103,102825,524,198
MTELEKOM,0,20110103,102825,524,868
RICHTER,0,20110103,102825,42150,5
RICHTER,0,20110103,102825,42150,1
OTP,0,20110103,102835,5124,10
OTP,0,20110103,102835,5124,10
MOL,0,20110103,102835,20925,45
CSEPEL,0,20110103,102843,259,81
CSEPEL,0,20110103,102843,266,19
OTP,0,20110103,102845,5125,256
MOL,0,20110103,102845,20925,66
OTP,0,20110103,102850,5120,80
RABA,0,20110103,102855,810,300
RABA,0,20110103,102937,810,297
RABA,0,20110103,102937,810,203
RICHTER,0,20110103,102939,42130,11
BUX1112,0,20110103,102944,22063,1
BUX1112,0,20110103,102953,22063,1
OTP,0,20110103,102954,5120,250
RICHTER,0,20110103,103001,42130,6
MTELEKOM,0,20110103,103002,523,30
MOL,0,20110103,103002,20920,15
MOL,0,20110103,103014,20925,100
PHYLAXIA,0,20110103,103015,45,1000
OTP,0,20110103,103021,5124,262
OTP,0,20110103,103021,5125,28
RICHTER,0,20110103,103021,42140,15
RICHTER,0,20110103,103039,42130,3
RICHTER,0,20110103,103039,42125,4
RICHTER,0,20110103,103039,42125,2
RICHTER,0,20110103,103039,42120,9
MTELEKOM,0,20110103,103040,524,400
RICHTER,0,20110103,103049,42140,5
RICHTER,0,20110103,103049,42200,2
MOL,0,20110103,103053,20920,11
MOL,0,20110103,103053,20920,153
MTELEKOM,0,20110103,103105,523,100
RICHTER,0,20110103,103121,42120,18
OTP,0,20110103,103129,5120,3
MTELEKOM,0,20110103,103136,523,7268
MTELEKOM,0,20110103,103136,523,750
MTELEKOM,0,20110103,103136,523,751
MTELEKOM,0,20110103,103136,523,231
MOL,0,20110103,103149,20900,2
RICHTER,0,20110103,103152,42120,4
RICHTER,0,20110103,103152,42120,7
OTP,0,20110103,103206,5124,40
OTP,0,20110103,103214,5120,94
MOL,0,20110103,103216,20900,198
MOL,0,20110103,103216,20900,64
MTELEKOM,0,20110103,103259,523,658
MTELEKOM,0,20110103,103259,523,342
EMASZ,0,20110103,103300,21600,2
MTELEKOM,0,20110103,103305,523,1000
KEG,0,20110103,103314,140,150
KEG,0,20110103,103314,139,206
KEG,0,20110103,103314,139,5200
KEG,0,20110103,103314,139,178
KEG,0,20110103,103314,139,3205
KEG,0,20110103,103314,138,1000
KEG,0,20110103,103314,138,22
KEG,0,20110103,103314,138,30000
KEG,0,20110103,103314,138,39
RICHTER,0,20110103,103314,42200,13
MTELEKOM,0,20110103,103325,524,1066
OTP,0,20110103,103334,5123,50
OTP,0,20110103,103337,5123,14
OTP,0,20110103,103341,5124,212
RICHTER,0,20110103,103344,42150,11
MOL,0,20110103,103344,20920,5
MOL,0,20110103,103344,20920,60
MOL,0,20110103,103349,20900,230
MOL,0,20110103,103349,20900,67
RICHTER,0,20110103,103355,42200,3
RICHTER,0,20110103,103355,42200,22
MOL,0,20110103,103407,20900,153
MOL,0,20110103,103411,20900,17
BUX1112,0,20110103,103422,22079,3
BUX1112,0,20110103,103422,22080,7
MOL,0,20110103,103425,20900,130
RICHTER,0,20110103,103435,42150,9
RICHTER,0,20110103,103435,42120,9
OTP,0,20110103,103453,5124,5
MOL,0,20110103,103459,20900,265
RICHTER,0,20110103,103501,42120,7
MTELEKOM,0,20110103,103502,523,31
MOL,0,20110103,103502,20895,15
OTP,0,20110103,103516,5124,93
OTP,0,20110103,103516,5125,145
MTELEKOM,0,20110103,103540,524,1760
OTP,0,20110103,103557,5120,23
OTP,0,20110103,103600,5120,15
RABA,0,20110103,103606,809,155
RABA,0,20110103,103606,810,147
RABA,0,20110103,103606,810,198
OTP,0,20110103,103619,5120,12
OTP,0,20110103,103619,5120,23
RFV,0,20110103,103619,8455,10
RFV,0,20110103,103619,8450,52
RFV,0,20110103,103619,8405,50
RFV,0,20110103,103619,8404,20
RFV,0,20110103,103619,8403,50
RFV,0,20110103,103619,8400,5
RFV,0,20110103,103619,8400,50
RFV,0,20110103,103619,8400,130
ANY,0,20110103,103619,730,110
RICHTER,0,20110103,103638,42145,2
RICHTER,0,20110103,103638,42120,9
OTP,0,20110103,103639,5120,11
MOL,0,20110103,103720,20920,390
MOL,0,20110103,103720,20925,353
MOL,0,20110103,103720,20930,694
MOL,0,20110103,103720,20930,125
MOL,0,20110103,103720,20930,45
MOL,0,20110103,103720,20930,309
MOL,0,20110103,103720,20935,119
MOL,0,20110103,103720,20935,50
MOL,0,20110103,103720,20935,35
MOL,0,20110103,103720,20935,50
MOL,0,20110103,103720,20940,225
MOL,0,20110103,103720,20940,40
MOL,0,20110103,103720,20940,19
MOL,0,20110103,103720,20940,45
MOL,0,20110103,103720,20940,40
MOL,0,20110103,103720,20945,10000
KEG,0,20110103,103734,141,688
KEG,0,20110103,103734,141,62
OTP,0,20110103,103803,5119,15
RICHTER,0,20110103,103804,42120,18
RICHTER,0,20110103,103820,42140,13
MTELEKOM,0,20110103,103824,524,906
MTELEKOM,0,20110103,103824,524,161
OTP,0,20110103,103834,5119,276
MOL,0,20110103,103844,20950,24
MOL,0,20110103,103844,20950,40
MOL,0,20110103,103844,20950,1
MOL,0,20110103,103845,20950,14
MOL,0,20110103,103845,20950,50
MOL,0,20110103,103845,20950,100
MOL,0,20110103,103845,20950,130
MOL,0,20110103,103845,20950,164
MOL,0,20110103,103845,20950,164
MOL,0,20110103,103845,20950,20
MOL,0,20110103,103850,20955,39
RICHTER,0,20110103,103855,42115,7
RFV,0,20110103,103855,8400,133
RICHTER,0,20110103,103903,42115,13
RICHTER,0,20110103,103903,42110,1
RICHTER,0,20110103,103904,42110,10
GSPARK,0,20110103,103934,800,200
MOL,0,20110103,103936,20925,90
MOL,0,20110103,103936,20925,89
MTELEKOM,0,20110103,103945,524,839
MTELEKOM,0,20110103,103945,524,180
BUX1112,0,20110103,103953,22063,1
RICHTER,0,20110103,104002,42110,6
MTELEKOM,0,20110103,104002,523,30
MOL,0,20110103,104002,20930,15
MOL,0,20110103,104025,20970,100
MOL,0,20110103,104025,20970,2
MOL,0,20110103,104025,20970,5
MOL,0,20110103,104025,20970,3
MOL,0,20110103,104025,20970,51
MOL,0,20110103,104026,20970,91
MOL,0,20110103,104026,20970,136
MOL,0,20110103,104026,20970,155
RICHTER,0,20110103,104030,42110,7
RICHTER,0,20110103,104033,42115,6
RICHTER,0,20110103,104033,42115,19
OTP,0,20110103,104034,5118,30
MOL,0,20110103,104105,20975,10
MOL,0,20110103,104105,20975,46
MOL,0,20110103,104105,20975,144
RICHTER,0,20110103,104135,42115,3
RICHTER,0,20110103,104141,42115,4
BUX1112,0,20110103,104232,22065,1
BUX1112,0,20110103,104232,22064,10
BUX1112,0,20110103,104232,22063,15
BUX1112,0,20110103,104232,22061,9
BUX1112,0,20110103,104232,22075,1
MOL,0,20110103,104245,20975,33
MOL,0,20110103,104248,20980,2
MOL,0,20110103,104248,20980,5
MOL,0,20110103,104248,20980,34
MOL,0,20110103,104248,20980,156
MOL,0,20110103,104248,20980,49
OTP,0,20110103,104304,5119,100
OTP,0,20110103,104304,5117,100
OTP,0,20110103,104304,5116,68
RICHTER,0,20110103,104320,42150,11
RICHTER,0,20110103,104320,42150,1
MTELEKOM,0,20110103,104330,524,20
MTELEKOM,0,20110103,104330,524,500
MTELEKOM,0,20110103,104330,524,200
MTELEKOM,0,20110103,104330,524,363
OTP,0,20110103,104335,5119,276
PANNERGY,0,20110103,104344,906,107
PANNERGY,0,20110103,104344,906,3
MOL,0,20110103,104345,20985,65
MOL,0,20110103,104345,20985,5
MOL,0,20110103,104345,20985,2
MOL,0,20110103,104345,20985,100
MOL,0,20110103,104345,20985,40
MOL,0,20110103,104346,20990,10
MOL,0,20110103,104347,20990,76
MOL,0,20110103,104347,20990,100
MOL,0,20110103,104347,20990,15
MOL,0,20110103,104347,20990,50
MOL,0,20110103,104347,20990,35
MOL,0,20110103,104347,20990,20
MOL,0,20110103,104347,20990,100
RABA,0,20110103,104348,810,102
RABA,0,20110103,104348,810,100
RABA,0,20110103,104348,810,500
MOL,0,20110103,104400,20990,350
MOL,0,20110103,104400,20995,10
MOL,0,20110103,104402,20995,148
MOL,0,20110103,104402,20995,36
MOL,0,20110103,104402,20995,68
MOL,0,20110103,104402,20995,2
MOL,0,20110103,104402,20995,30
MOL,0,20110103,104402,20995,3
MOL,0,20110103,104402,20995,10
MOL,0,20110103,104402,20995,3
MOL,0,20110103,104402,20995,127
MOL,0,20110103,104408,21000,5
MOL,0,20110103,104408,21000,20
MOL,0,20110103,104408,21000,1
MOL,0,20110103,104408,21000,20
MOL,0,20110103,104408,21000,15
MOL,0,20110103,104408,21000,250
MOL,0,20110103,104408,21000,10
MOL,0,20110103,104408,21000,1
MOL,0,20110103,104408,21000,20
MOL,0,20110103,104408,21000,19
MOL,0,20110103,104408,21000,50
MOL,0,20110103,104408,21000,59
MOL,0,20110103,104408,21000,50
MOL,0,20110103,104408,21000,480
MOL,0,20110103,104408,21000,10
MOL,0,20110103,104408,21000,10
MOL,0,20110103,104409,21000,44
MOL,0,20110103,104409,21000,25
MOL,0,20110103,104409,21000,13
MOL,0,20110103,104409,21000,5
MOL,0,20110103,104409,21000,50
MOL,0,20110103,104409,21000,20
MOL,0,20110103,104409,21000,88
MOL,0,20110103,104409,21000,20
MOL,0,20110103,104409,21000,53
MOL,0,20110103,104409,21000,303
MOL,0,20110103,104409,21000,159
MOL,0,20110103,104409,21000,5
MOL,0,20110103,104409,21000,10
MOL,0,20110103,104409,21000,10
MOL,0,20110103,104409,21000,50
MOL,0,20110103,104409,21000,10
MOL,0,20110103,104409,21000,16
MOL,0,20110103,104409,21000,26
MOL,0,20110103,104409,21000,30
MOL,0,20110103,104409,21000,130
MOL,0,20110103,104409,21000,3
MOL,0,20110103,104409,21000,2
MOL,0,20110103,104409,21000,100
MOL,0,20110103,104409,21000,8
MOL,0,20110103,104409,21000,130
MOL,0,20110103,104415,20990,9
MOL,0,20110103,104417,21010,10
MOL,0,20110103,104417,21020,20
MOL,0,20110103,104417,21020,2
BUX1112,0,20110103,104425,22063.5,1
BUX1112,0,20110103,104425,22063,1
BUX1112,0,20110103,104425,22062,1
BUX1112,0,20110103,104425,22061,4
RICHTER,0,20110103,104430,42120,5
RICHTER,0,20110103,104430,42115,2
EGIS,0,20110103,104432,20030,40
EGIS,0,20110103,104432,20020,10
EGIS,0,20110103,104432,20010,67
EGIS,0,20110103,104432,20010,10
EGIS,0,20110103,104432,20010,20
EGIS,0,20110103,104432,20005,20
EGIS,0,20110103,104432,20005,20
EGIS,0,20110103,104432,20000,100
EGIS,0,20110103,104432,20000,10
EGIS,0,20110103,104432,20000,5
EGIS,0,20110103,104432,20000,4
EGIS,0,20110103,104432,20000,500
MOL,0,20110103,104435,21005,100
MOL,0,20110103,104435,21000,500
MOL,0,20110103,104435,21000,400
RICHTER,0,20110103,104435,42115,4
RICHTER,0,20110103,104435,42115,14
MOL,0,20110103,104436,21000,866
MOL,0,20110103,104439,21000,161
OTP,0,20110103,104449,5116,60
RICHTER,0,20110103,104501,42115,7
MTELEKOM,0,20110103,104502,523,30
MOL,0,20110103,104502,20990,9
MOL,0,20110103,104508,20940,6
MOL,0,20110103,104519,20995,19
MOL,0,20110103,104519,21000,473
MOL,0,20110103,104519,21000,8
MOL,0,20110103,104520,21000,92
MOL,0,20110103,104520,21000,22
MOL,0,20110103,104520,21000,470
MOL,0,20110103,104522,21000,117
BUX1112,0,20110103,104526,22078,20
OTP,0,20110103,104548,5121,19
MTELEKOM,0,20110103,104603,523,567
MTELEKOM,0,20110103,104603,523,200
MTELEKOM,0,20110103,104603,523,200
MTELEKOM,0,20110103,104603,523,507
MTELEKOM,0,20110103,104603,523,440
MTELEKOM,0,20110103,104603,523,1908
MTELEKOM,0,20110103,104605,523,1030
MOL,0,20110103,104608,21000,4
RICHTER,0,20110103,104642,42120,2
RICHTER,0,20110103,104701,42120,20
RICHTER,0,20110103,104701,42125,21
OTP,0,20110103,104710,5121,8
BUX1112,0,20110103,104717,22078,10
OTP,0,20110103,104720,5121,323
OTP,0,20110103,104720,5122,50
OTP,0,20110103,104720,5122,1000
OTP,0,20110103,104720,5122,441
RICHTER,0,20110103,104721,42115,14
OTP,0,20110103,104800,5124,306
OTP,0,20110103,104803,5121,370
RICHTER,0,20110103,104819,42245,13
MTELEKOM,0,20110103,104829,523,148
MTELEKOM,0,20110103,104829,523,250
OTP,0,20110103,104835,5124,44
OTP,0,20110103,104835,5124,147
OTP,0,20110103,104835,5124,85
MTELEKOM,0,20110103,104839,524,137
MTELEKOM,0,20110103,104839,524,180
MTELEKOM,0,20110103,104839,524,352
OTP,0,20110103,104840,5124,115
OTP,0,20110103,104840,5124,251
OTP,0,20110103,104840,5125,563
OTP,0,20110103,104840,5125,240
OTP,0,20110103,104840,5125,1000
OTP,0,20110103,104840,5125,100
OTP,0,20110103,104840,5125,37
MOL,0,20110103,104845,20980,50
MTELEKOM,0,20110103,104846,524,48
MTELEKOM,0,20110103,104846,524,197
OTP,0,20110103,104846,5125,324
MOL,0,20110103,104854,21000,15
RICHTER,0,20110103,104900,42200,10
OTP,0,20110103,104901,5115,10000
MOL,0,20110103,104910,21000,394
MOL,0,20110103,104910,21000,1000
MOL,0,20110103,104910,21000,75
MOL,0,20110103,104910,21000,31
MTELEKOM,0,20110103,104918,524,123
MTELEKOM,0,20110103,104918,524,77
RICHTER,0,20110103,105002,42125,6
MTELEKOM,0,20110103,105002,522,31
MOL,0,20110103,105002,20955,15
EGIS,0,20110103,105004,20000,10
RICHTER,0,20110103,105009,42125,14
OTP,0,20110103,105024,5125,20
RICHTER,0,20110103,105030,42125,7
EGIS,0,20110103,105038,20045,1
EGIS,0,20110103,105041,20000,15
BUX1112,0,20110103,105043,22062,1
RICHTER,0,20110103,105108,42125,11
MOL,0,20110103,105115,20955,35
MOL,0,20110103,105115,20955,15
RABA,0,20110103,105123,810,100
BUX1112,0,20110103,105129,22062,4
RICHTER,0,20110103,105139,42135,5
KEG,0,20110103,105146,140,1700
MOL,0,20110103,105146,20955,50
RICHTER,0,20110103,105151,42125,12
OTP,0,20110103,105220,5125,30
RICHTER,0,20110103,105238,42125,2
RICHTER,0,20110103,105238,42125,3
RICHTER,0,20110103,105319,42125,13
MTELEKOM,0,20110103,105335,524,923
OTP,0,20110103,105335,5125,26
OTP,0,20110103,105335,5125,200
OTP,0,20110103,105335,5125,50
MTELEKOM,0,20110103,105344,525,160
MTELEKOM,0,20110103,105344,525,20
MTELEKOM,0,20110103,105344,525,180
MTELEKOM,0,20110103,105349,524,410
MOL,0,20110103,105350,20995,10
MOL,0,20110103,105359,21000,19
MOL,0,20110103,105359,21000,20
MOL,0,20110103,105359,21000,17
MTELEKOM,0,20110103,105400,524,200
RICHTER,0,20110103,105409,42120,1
OTP,0,20110103,105415,5125,250
RICHTER,0,20110103,105421,42120,9
RICHTER,0,20110103,105421,42115,2
MOL,0,20110103,105423,20965,40
RABA,0,20110103,105429,810,100
MTELEKOM,0,20110103,105433,524,580
RICHTER,0,20110103,105434,42115,11
MOL,0,20110103,105447,20965,3
MTELEKOM,0,20110103,105456,524,130
MTELEKOM,0,20110103,105458,524,70
RICHTER,0,20110103,105501,42120,21
RICHTER,0,20110103,105501,42115,2
RICHTER,0,20110103,105501,42115,1
MOL,0,20110103,105502,20965,15
MTELEKOM,0,20110103,105507,522,31
RICHTER,0,20110103,105510,42110,4
MOL,0,20110103,105557,20995,10
MOL,0,20110103,105557,21000,38
MOL,0,20110103,105557,21000,63
OTP,0,20110103,105659,5125,17
OTP,0,20110103,105659,5125,8
MOL,0,20110103,105729,21000,50
RICHTER,0,20110103,105732,42110,4
RICHTER,0,20110103,105732,42110,5
RICHTER,0,20110103,105732,42105,5
GENESIS,0,20110103,105745,177,210
RICHTER,0,20110103,105807,42105,17
RICHTER,0,20110103,105807,42105,1
RICHTER,0,20110103,105820,42110,12
RICHTER,0,20110103,105827,42110,10
RICHTER,0,20110103,105827,42110,22
RICHTER,0,20110103,105832,42115,11
MTELEKOM,0,20110103,105835,525,353
MTELEKOM,0,20110103,105835,525,300
MTELEKOM,0,20110103,105835,525,414
OTP,0,20110103,105839,5125,281
MOL,0,20110103,105849,20980,17
MOL,0,20110103,105849,20995,10
MOL,0,20110103,105859,21000,55
RICHTER,0,20110103,105916,42125,10
BUX1112,0,20110103,105922,22074,1
BUX1112,0,20110103,105922,22075,3
BUX1112,0,20110103,105922,22076,1
BUX1112,0,20110103,105922,22076,10
BUX1112,0,20110103,105922,22076,5
OTP,0,20110103,105929,5125,200
OTP,0,20110103,105929,5122,20
OTP,0,20110103,105932,5126,20
GENESIS,0,20110103,105933,178,30
BUX1112,0,20110103,105936,22077,100
OTP,0,20110103,105942,5120,58
OTP,0,20110103,105942,5120,50
OTP,0,20110103,105942,5120,20
OTP,0,20110103,105942,5116,72
OTP,0,20110103,105942,5116,6000
RICHTER,0,20110103,110001,42110,2
RICHTER,0,20110103,110001,42110,5
RICHTER,0,20110103,110001,42105,11
MOL,0,20110103,110002,20980,15
MOL,0,20110103,110004,20980,50
MTELEKOM,0,20110103,110007,523,30
MOL,0,20110103,110008,20995,10
RICHTER,0,20110103,110009,42105,6
OTP,0,20110103,110011,5125,200
OTP,0,20110103,110012,5125,310
MOL,0,20110103,110016,20980,153
OTP,0,20110103,110024,5125,400
MOL,0,20110103,110028,20980,368
BUX1112,0,20110103,110040,22078,1
BUX1112,0,20110103,110040,22078,19
BUX1112,0,20110103,110049,22078,11
BUX1112,0,20110103,110049,22079,9
MOL,0,20110103,110115,20975,100
MOL,0,20110103,110136,20975,200
MOL,0,20110103,110141,20975,30
OTP,0,20110103,110146,5120,52
OTP,0,20110103,110146,5122,48
OTP,0,20110103,110207,5122,200
BUX1112,0,20110103,110211,22077,1
BUX1112,0,20110103,110211,22078,30
BUX1112,0,20110103,110211,22078,5
BUX1112,0,20110103,110211,22079,24
BUX1112,0,20110103,110224,22079,15
BUX1112,0,20110103,110224,22079,2
MTELEKOM,0,20110103,110258,523,370
MTELEKOM,0,20110103,110258,523,770
BUX1112,0,20110103,110303,22080,1
BUX1112,0,20110103,110303,22080,1
BUX1112,0,20110103,110319,22080,4
RICHTER,0,20110103,110320,42120,13
RICHTER,0,20110103,110327,42105,7
RICHTER,0,20110103,110327,42105,5
RICHTER,0,20110103,110327,42105,2
RICHTER,0,20110103,110327,42105,4
MTELEKOM,0,20110103,110334,523,420
MTELEKOM,0,20110103,110334,523,580
MTELEKOM,0,20110103,110334,524,500
MTELEKOM,0,20110103,110334,524,566
RICHTER,0,20110103,110336,42105,5
RICHTER,0,20110103,110336,42105,4
RICHTER,0,20110103,110336,42100,2
OTP,0,20110103,110339,5122,276
RABA,0,20110103,110341,810,90
BUX1112,0,20110103,110344,22080,5
BUX1112,0,20110103,110344,22080,5
BUX1112,0,20110103,110344,22080,10
MTELEKOM,0,20110103,110348,524,10
MOL,0,20110103,110349,20975,3
MTELEKOM,0,20110103,110351,523,370
BUX1112,0,20110103,110352,22080,10
MOL,0,20110103,110356,20990,30
MOL,0,20110103,110407,21000,32
MOL,0,20110103,110407,21000,53
MOL,0,20110103,110407,21000,15
MOL,0,20110103,110409,21000,32
MOL,0,20110103,110417,21000,53
MOL,0,20110103,110417,21000,10
MOL,0,20110103,110417,21000,2
MOL,0,20110103,110417,21000,20
MOL,0,20110103,110417,21000,215
MOL,0,20110103,110428,21000,264
MOL,0,20110103,110428,21000,30
RICHTER,0,20110103,110430,42105,14
MOL,0,20110103,110450,21000,6
EMASZ,0,20110103,110500,21600,14
RICHTER,0,20110103,110501,42105,7
MOL,0,20110103,110502,20975,15
OTP,0,20110103,110506,5120,30
MTELEKOM,0,20110103,110508,523,31
BUX1112,0,20110103,110520,22085,1
BUX1112,0,20110103,110520,22088,10
BUX1112,0,20110103,110520,22090,5
BUX1112,0,20110103,110520,22094,1
BUX1112,0,20110103,110520,22095,1
BUX1112,0,20110103,110520,22097,3
BUX1112,0,20110103,110520,22099.5,1
BUX1112,0,20110103,110520,22099.5,10
BUX1112,0,20110103,110520,22100,2
BUX1112,0,20110103,110520,22100,1
BUX1112,0,20110103,110520,22100,5
BUX1112,0,20110103,110520,22100,1
RICHTER,0,20110103,110520,42105,4
RICHTER,0,20110103,110520,42100,5
RICHTER,0,20110103,110520,42100,1
RICHTER,0,20110103,110520,42100,4
RICHTER,0,20110103,110521,42100,18
MOL,0,20110103,110527,21000,4
RICHTER,0,20110103,110528,42110,5
EGIS,0,20110103,110537,20010,10
EGIS,0,20110103,110537,20000,199
SYNERGON,0,20110103,110601,484,50
SYNERGON,0,20110103,110601,484,10
OTP,0,20110103,110616,5120,70
OTP,0,20110103,110616,5122,30
BUX1112,0,20110103,110620,22100,4
BUX1112,0,20110103,110620,22100,16
BUX1112,0,20110103,110700,22100,14
BUX1112,0,20110103,110700,22105,1
BUX1112,0,20110103,110700,22113,5
BUX1112,0,20110103,110700,22114,5
BUX1112,0,20110103,110700,22120,2
BUX1112,0,20110103,110700,22124,1
BUX1112,0,20110103,110700,22124,1
BUX1112,0,20110103,110700,22125,6
MOL,0,20110103,110711,21050,6
MOL,0,20110103,110711,21050,7
MOL,0,20110103,110711,21050,3
BUX1112,0,20110103,110739,22120,5
MOL,0,20110103,110749,21005,10
OTP,0,20110103,110808,5122,60
RICHTER,0,20110103,110815,42105,20
MOL,0,20110103,110818,21000,50
RICHTER,0,20110103,110820,42105,1
RICHTER,0,20110103,110820,42105,12
BUX1112,0,20110103,110838,22115,2
MTELEKOM,0,20110103,110839,524,1084
OTP,0,20110103,110840,5122,276
MOL,0,20110103,110854,21050,3
MOL,0,20110103,110854,21050,20
MOL,0,20110103,110854,21050,4
MOL,0,20110103,110854,21050,15
RICHTER,0,20110103,110855,42100,18
MOL,0,20110103,110858,21050,24
MOL,0,20110103,110858,21000,146
MOL,0,20110103,110858,21000,330
RICHTER,0,20110103,110910,42105,5
MTELEKOM,0,20110103,110912,524,400
MOL,0,20110103,110915,21000,50
MOL,0,20110103,110918,21000,15
BUX1112,0,20110103,110922,22115,2
ANY,0,20110103,110930,725,77
OTP,0,20110103,110933,5122,110
OTP,0,20110103,110933,5123,483
OTP,0,20110103,110933,5123,407
MOL,0,20110103,110937,21000,17
BUX1112,0,20110103,110949,22110,5
RICHTER,0,20110103,111001,42100,6
MOL,0,20110103,111002,21000,15
MTELEKOM,0,20110103,111007,523,30
KEG,0,20110103,111012,140,75
BUX1112,0,20110103,111019,22115,3
RFV,0,20110103,111027,8450,1
OTP,0,20110103,111104,5123,100
OTP,0,20110103,111136,5123,200
PANNERGY,0,20110103,111143,912,156
PANNERGY,0,20110103,111143,913,444
PANNERGY,0,20110103,111158,913,156
PANNERGY,0,20110103,111158,913,244
RICHTER,0,20110103,111200,42105,1
RICHTER,0,20110103,111200,42115,1
RICHTER,0,20110103,111222,42115,12
KEG,0,20110103,111236,140,925
EGIS,0,20110103,111305,20040,10
ANY,0,20110103,111312,725,110
MOL,0,20110103,111320,21050,10
MOL,0,20110103,111320,21050,200
RICHTER,0,20110103,111325,42115,1
RICHTER,0,20110103,111325,42115,6
RICHTER,0,20110103,111331,42150,1
OTP,0,20110103,111338,5123,100
MTELEKOM,0,20110103,111339,524,1066
RICHTER,0,20110103,111341,42190,5
MOL,0,20110103,111343,21050,2
OTP,0,20110103,111344,5123,193
OTP,0,20110103,111351,5125,87
MOL,0,20110103,111354,21055,10
MOL,0,20110103,111404,21050,3
MOL,0,20110103,111404,21015,7
MOL,0,20110103,111405,21060,23
MOL,0,20110103,111414,21075,25
MOL,0,20110103,111423,21070,7
EGIS,0,20110103,111445,20000,50
RICHTER,0,20110103,111501,42100,7
MOL,0,20110103,111502,21015,13
ANY,0,20110103,111504,725,178
MTELEKOM,0,20110103,111507,523,30
MOL,0,20110103,111512,21010,2
ANY,0,20110103,111517,725,49
MOL,0,20110103,111529,21010,48
MOL,0,20110103,111529,21010,100
MOL,0,20110103,111529,21005,200
MOL,0,20110103,111529,21005,5
MOL,0,20110103,111529,21000,12
MOL,0,20110103,111529,21000,135
RABA,0,20110103,111549,810,8
RABA,0,20110103,111549,809,100
ANY,0,20110103,111549,725,500
MOL,0,20110103,111610,21005,50
RICHTER,0,20110103,111622,42100,7
PANNERGY,0,20110103,111640,907,335
ANY,0,20110103,111649,725,50
RICHTER,0,20110103,111702,42100,11
MOL,0,20110103,111703,21050,250
MTELEKOM,0,20110103,111720,524,780
ZWACK,0,20110103,111723,13000,1
KEG,0,20110103,111724,140,75
MOL,0,20110103,111729,21050,8
ANY,0,20110103,111736,725,36
EGIS,0,20110103,111736,20000,15
MOL,0,20110103,111749,21050,20
RICHTER,0,20110103,111825,42190,10
RICHTER,0,20110103,111825,42190,2
MTELEKOM,0,20110103,111831,524,955
MTELEKOM,0,20110103,111845,524,288
MTELEKOM,0,20110103,111845,524,796
OTP,0,20110103,111845,5125,277
RICHTER,0,20110103,111850,42100,10
MOL,0,20110103,111900,21070,3
EGIS,0,20110103,111906,20000,10
MOL,0,20110103,111907,21080,2
MOL,0,20110103,111907,21080,20
MOL,0,20110103,111916,21085,20
MOL,0,20110103,111916,21085,5
MTELEKOM,0,20110103,111916,523,961
MOL,0,20110103,111921,21090,16
MOL,0,20110103,111928,21090,54
MOL,0,20110103,111928,21090,29
MOL,0,20110103,111928,21090,50
MOL,0,20110103,111928,21090,90
MOL,0,20110103,111928,21095,150
MOL,0,20110103,111928,21095,300
MOL,0,20110103,111928,21100,10
MOL,0,20110103,111928,21100,1
MOL,0,20110103,111928,21100,112
MOL,0,20110103,111928,21100,2
MOL,0,20110103,111928,21100,29
MOL,0,20110103,111928,21100,13
MOL,0,20110103,111928,21100,30
MOL,0,20110103,111928,21100,5
MOL,0,20110103,111928,21100,50
MOL,0,20110103,111928,21100,10
MOL,0,20110103,111928,21100,37
MOL,0,20110103,111928,21100,50
OTP,0,20110103,111942,5125,77
OTP,0,20110103,111942,5125,19
OTP,0,20110103,111942,5125,420
OTP,0,20110103,111942,5125,30
OTP,0,20110103,111942,5125,100
MOL,0,20110103,111950,21100,13
MOL,0,20110103,111950,21100,15
MOL,0,20110103,111950,21100,186
OTP,0,20110103,112001,5125,104
RICHTER,0,20110103,112001,42100,6
MOL,0,20110103,112002,21050,15
MTELEKOM,0,20110103,112007,523,31
MOL,0,20110103,112013,21100,865
RICHTER,0,20110103,112016,42125,7
RICHTER,0,20110103,112016,42125,5
RICHTER,0,20110103,112016,42150,18
RICHTER,0,20110103,112016,42150,107
EGIS,0,20110103,112120,20000,5
OTP,0,20110103,112121,5122,360
OTP,0,20110103,112121,5122,500
OTP,0,20110103,112121,5121,140
OTP,0,20110103,112131,5125,8
MOL,0,20110103,112204,21095,3
MOL,0,20110103,112204,21100,197
OTP,0,20110103,112212,5121,100
OTP,0,20110103,112218,5125,288
OTP,0,20110103,112218,5125,38
OTP,0,20110103,112218,5126,74
RICHTER,0,20110103,112221,42150,13
RICHTER,0,20110103,112221,42150,5
OTP,0,20110103,112225,5121,30
OTP,0,20110103,112234,5126,680
GENESIS,0,20110103,112306,178,500
RICHTER,0,20110103,112324,42200,13
MTELEKOM,0,20110103,112344,524,404
MTELEKOM,0,20110103,112344,524,662
OTP,0,20110103,112345,5126,226
OTP,0,20110103,112345,5126,50
EMASZ,0,20110103,112346,21600,14
MOL,0,20110103,112354,21050,77
MOL,0,20110103,112404,21090,50
RICHTER,0,20110103,112413,42200,5
RICHTER,0,20110103,112413,42200,7
RICHTER,0,20110103,112413,42200,1
RICHTER,0,20110103,112413,42200,10
RICHTER,0,20110103,112413,42200,7
RICHTER,0,20110103,112413,42200,20
MOL,0,20110103,112415,21095,16
MTELEKOM,0,20110103,112427,524,1088
OTP,0,20110103,112436,5126,150
OTP,0,20110103,112436,5126,10
OTP,0,20110103,112436,5126,40
OTP,0,20110103,112444,5126,160
OTP,0,20110103,112444,5127,340
OTP,0,20110103,112444,5127,400
RICHTER,0,20110103,112450,42155,15
RICHTER,0,20110103,112450,42150,3
RICHTER,0,20110103,112455,42150,14
OTP,0,20110103,112457,5127,30
RICHTER,0,20110103,112501,42150,7
MOL,0,20110103,112502,21050,15
MTELEKOM,0,20110103,112507,523,30
OTP,0,20110103,112518,5127,30
RICHTER,0,20110103,112522,42150,14
MTELEKOM,0,20110103,112523,524,500
MTELEKOM,0,20110103,112543,523,200
OTP,0,20110103,112606,5127,200
OTP,0,20110103,112606,5127,200
OTP,0,20110103,112606,5128,400
OTP,0,20110103,112606,5128,3000
OTP,0,20110103,112606,5129,200
OTP,0,20110103,112624,5129,51
RICHTER,0,20110103,112755,42200,18
GENESIS,0,20110103,112818,178,900
MTELEKOM,0,20110103,112819,524,388
RICHTER,0,20110103,112825,42245,7
RICHTER,0,20110103,112831,42270,6
MOL,0,20110103,112835,21090,100
RICHTER,0,20110103,112840,42200,18
MTELEKOM,0,20110103,112844,524,1066
OTP,0,20110103,112845,5128,276
RICHTER,0,20110103,112851,42200,18
MOL,0,20110103,112909,21095,66
RICHTER,0,20110103,112924,42200,18
MTELEKOM,0,20110103,112927,524,296
MTELEKOM,0,20110103,112927,524,500
RICHTER,0,20110103,112932,42200,10
RICHTER,0,20110103,112947,42250,14
MTELEKOM,0,20110103,112951,525,586
MTELEKOM,0,20110103,112951,525,14
BUX1112,0,20110103,112952,22116.5,1
BUX1112,0,20110103,112952,22117,1
BUX1112,0,20110103,112952,22117,5
BUX1112,0,20110103,112952,22120,5
BUX1112,0,20110103,112952,22120,2
BUX1112,0,20110103,112952,22125,1
SYNERGON,0,20110103,113001,484,125
RICHTER,0,20110103,113001,42200,6
EGIS,0,20110103,113001,20000,15
MOL,0,20110103,113002,21070,3
MTELEKOM,0,20110103,113007,524,31
MOL,0,20110103,113008,21050,12
EGIS,0,20110103,113012,20000,105
OTP,0,20110103,113034,5128,94
OTP,0,20110103,113034,5129,2906
GENESIS,0,20110103,113047,178,280
GENESIS,0,20110103,113047,180,20
MOL,0,20110103,113049,21050,10
OTP,0,20110103,113057,5129,821
OTP,0,20110103,113057,5130,179
OTP,0,20110103,113130,5130,147
OTP,0,20110103,113130,5130,80
OTP,0,20110103,113143,5131,3
OTP,0,20110103,113149,5134,200
MOL,0,20110103,113208,21090,180
MTELEKOM,0,20110103,113218,525,2900
MTELEKOM,0,20110103,113222,525,86
MTELEKOM,0,20110103,113222,525,130
MOL,0,20110103,113232,21050,21
MOL,0,20110103,113232,21050,300
MOL,0,20110103,113232,21050,50
PHYLAXIA,0,20110103,113249,45,2000
PHYLAXIA,0,20110103,113249,45,10000
PHYLAXIA,0,20110103,113249,45,3000
PHYLAXIA,0,20110103,113249,45,2000
PHYLAXIA,0,20110103,113249,45,5567
PHYLAXIA,0,20110103,113249,45,3000
PHYLAXIA,0,20110103,113249,45,200
PHYLAXIA,0,20110103,113249,45,3000
PHYLAXIA,0,20110103,113249,45,6233
MOL,0,20110103,113256,21050,500
RICHTER,0,20110103,113258,42215,2
RICHTER,0,20110103,113258,42200,5
OTP,0,20110103,113308,5133,10
OTP,0,20110103,113308,5134,90
RICHTER,0,20110103,113324,42200,7
RICHTER,0,20110103,113324,42215,12
RICHTER,0,20110103,113325,42150,7
OTP,0,20110103,113337,5134,75
OTP,0,20110103,113337,5134,25
MOL,0,20110103,113344,21020,100
MTELEKOM,0,20110103,113344,525,10
MTELEKOM,0,20110103,113344,525,1056
OTP,0,20110103,113350,5134,175
OTP,0,20110103,113356,5135,10
OTP,0,20110103,113356,5135,95
OTP,0,20110103,113356,5135,100
OTP,0,20110103,113356,5135,100
OTP,0,20110103,113356,5135,450
BUX1112,0,20110103,113358,22125,2
BUX1112,0,20110103,113358,22125,1
PHYLAXIA,0,20110103,113406,45,3767
PHYLAXIA,0,20110103,113406,45,2000
PHYLAXIA,0,20110103,113406,45,2637
PHYLAXIA,0,20110103,113406,45,1200
PHYLAXIA,0,20110103,113406,45,396
EMASZ,0,20110103,113409,21600,27
MOL,0,20110103,113409,21050,64
RICHTER,0,20110103,113419,42170,6
RICHTER,0,20110103,113419,42185,17
MOL,0,20110103,113435,21050,5
RICHTER,0,20110103,113442,42230,27
RICHTER,0,20110103,113501,42150,4
RICHTER,0,20110103,113501,42150,3
MOL,0,20110103,113504,21050,60
MTELEKOM,0,20110103,113507,524,30
MOL,0,20110103,113507,21050,16
RICHTER,0,20110103,113515,42150,7
BUX1112,0,20110103,113517,22125,2
BUX1112,0,20110103,113517,22135,2
BUX1112,0,20110103,113517,22138,1
BUX1112,0,20110103,113517,22139,1
BUX1112,0,20110103,113517,22139.5,1
BUX1112,0,20110103,113517,22144.5,1
BUX1112,0,20110103,113517,22145,2
BUX1112,0,20110103,113517,22147,10
BUX1112,0,20110103,113517,22148,1
BUX1112,0,20110103,113517,22149,20
BUX1112,0,20110103,113517,22149,1
BUX1112,0,20110103,113517,22150,2
BUX1112,0,20110103,113517,22150,1
BUX1112,0,20110103,113517,22150,5
BUX1112,0,20110103,113517,22150,1
BUX1112,0,20110103,113517,22150,1
OTP,0,20110103,113528,5134,1000
OTP,0,20110103,113537,5134,578
BUX1112,0,20110103,113558,22150,10
MTELEKOM,0,20110103,113601,525,704
OTP,0,20110103,113609,5134,34
OTP,0,20110103,113609,5135,66
MOL,0,20110103,113618,21050,124
MTELEKOM,0,20110103,113620,525,989
MTELEKOM,0,20110103,113625,525,451
MTELEKOM,0,20110103,113625,525,100
MTELEKOM,0,20110103,113625,525,300
OTP,0,20110103,113636,5132,25
SYNERGON,0,20110103,113643,483,33
MOL,0,20110103,113656,21050,138
RICHTER,0,20110103,113710,42160,6
RICHTER,0,20110103,113710,42155,12
GENESIS,0,20110103,113713,180,30
OTP,0,20110103,113748,5135,20
RICHTER,0,20110103,113800,42155,11
RICHTER,0,20110103,113824,42155,2
RICHTER,0,20110103,113824,42150,5
RICHTER,0,20110103,113824,42150,1
RICHTER,0,20110103,113825,42180,13
MOL,0,20110103,113833,21050,262
MOL,0,20110103,113833,21050,4
MTELEKOM,0,20110103,113845,525,700
MTELEKOM,0,20110103,113845,525,366
OTP,0,20110103,113854,5135,139
OTP,0,20110103,113854,5135,73
OTP,0,20110103,113854,5135,15
OTP,0,20110103,113854,5135,54
MTELEKOM,0,20110103,113858,525,100
MOL,0,20110103,113902,21050,23
OTP,0,20110103,113905,5135,393
MOL,0,20110103,113914,21050,66
MTELEKOM,0,20110103,113940,525,734
MTELEKOM,0,20110103,113940,525,218
OTP,0,20110103,114000,5137,400
RICHTER,0,20110103,114001,42150,6
MTELEKOM,0,20110103,114007,524,30
MOL,0,20110103,114007,21025,3
OTP,0,20110103,114012,5138,200
MOL,0,20110103,114013,21020,12
BUX1112,0,20110103,114048,22149,1
BUX1112,0,20110103,114048,22149,4
BUX1112,0,20110103,114048,22149,1
BUX1112,0,20110103,114048,22149.5,1
BUX1112,0,20110103,114048,22150,3
RICHTER,0,20110103,114057,42150,3
OTP,0,20110103,114116,5137,25
OTP,0,20110103,114129,5138,71
MTELEKOM,0,20110103,114150,525,10
MTELEKOM,0,20110103,114150,525,200
MTELEKOM,0,20110103,114150,525,310
MTELEKOM,0,20110103,114157,524,64
MTELEKOM,0,20110103,114159,525,340
MTELEKOM,0,20110103,114159,525,200
MTELEKOM,0,20110103,114159,525,392
MTELEKOM,0,20110103,114200,525,608
MTELEKOM,0,20110103,114200,525,500
MTELEKOM,0,20110103,114200,525,10
OTP,0,20110103,114207,5138,181
OTP,0,20110103,114207,5138,19
MTELEKOM,0,20110103,114215,525,51
RICHTER,0,20110103,114217,42150,5
MTELEKOM,0,20110103,114222,525,189
RICHTER,0,20110103,114226,42150,9
RICHTER,0,20110103,114226,42155,12
EGIS,0,20110103,114233,20060,47
OTP,0,20110103,114236,5138,115
OTP,0,20110103,114255,5138,200
MTELEKOM,0,20110103,114311,526,300
MTELEKOM,0,20110103,114314,525,218
MOL,0,20110103,114324,21050,35
RICHTER,0,20110103,114330,42220,13
OTP,0,20110103,114336,5138,82
OTP,0,20110103,114336,5139,8
OTP,0,20110103,114336,5139,200
OTP,0,20110103,114336,5139,225
OTP,0,20110103,114336,5139,20
OTP,0,20110103,114336,5140,100
OTP,0,20110103,114336,5140,75
OTP,0,20110103,114336,5140,125
OTP,0,20110103,114336,5140,75
MTELEKOM,0,20110103,114349,526,210
MTELEKOM,0,20110103,114349,526,120
MTELEKOM,0,20110103,114349,526,250
MTELEKOM,0,20110103,114349,526,504
OTP,0,20110103,114351,5140,25
OTP,0,20110103,114351,5140,375
OTP,0,20110103,114354,5140,276
OTP,0,20110103,114411,5140,349
OTP,0,20110103,114411,5140,51
MOL,0,20110103,114414,21050,65
MOL,0,20110103,114447,21050,10
OTP,0,20110103,114454,5138,40
RICHTER,0,20110103,114501,42155,7
MTELEKOM,0,20110103,114507,525,31
MOL,0,20110103,114507,21025,10
RICHTER,0,20110103,114512,42200,6
RICHTER,0,20110103,114512,42200,6
MOL,0,20110103,114513,21020,5
MOL,0,20110103,114513,21050,20
MTELEKOM,0,20110103,114533,525,500
ZWACK,0,20110103,114543,13000,2
OTP,0,20110103,114546,5139,50
OTP,0,20110103,114546,5138,460
OTP,0,20110103,114546,5137,25
OTP,0,20110103,114546,5137,265
BUX1112,0,20110103,114607,22145,1
MOL,0,20110103,114626,21020,43
MOL,0,20110103,114642,21050,500
OTP,0,20110103,114649,5137,50
MOL,0,20110103,114727,21050,15
MOL,0,20110103,114727,21050,110
MOL,0,20110103,114727,21050,75
RICHTER,0,20110103,114730,42200,18
BUX1112,0,20110103,114800,22149.5,10
RICHTER,0,20110103,114803,42200,11
BUX1112,0,20110103,114809,22150,1
RICHTER,0,20110103,114810,42200,9
MTELEKOM,0,20110103,114816,525,212
MTELEKOM,0,20110103,114816,525,771
MTELEKOM,0,20110103,114816,525,17
OTP,0,20110103,114818,5139,10
SYNERGON,0,20110103,114818,484,17
RICHTER,0,20110103,114829,42200,13
OTP,0,20110103,114837,5139,20
MTELEKOM,0,20110103,114849,526,12
MTELEKOM,0,20110103,114849,526,578
MTELEKOM,0,20110103,114849,526,476
OTP,0,20110103,114855,5140,276
MOL,0,20110103,114907,21050,20
MOL,0,20110103,114914,21050,43
BUX1112,0,20110103,114924,22150,5
MOL,0,20110103,114924,21090,20
MOL,0,20110103,114924,21090,2
MOL,0,20110103,114926,21035,16
MTELEKOM,0,20110103,114935,526,1006
OTP,0,20110103,114942,5140,17
RICHTER,0,20110103,115001,42150,6
MTELEKOM,0,20110103,115007,525,30
MOL,0,20110103,115007,21035,15
PHYLAXIA,0,20110103,115035,45,604
PHYLAXIA,0,20110103,115035,45,1000
PHYLAXIA,0,20110103,115035,45,500
PHYLAXIA,0,20110103,115035,45,3896
RFV,0,20110103,115041,8430,279
RFV,0,20110103,115041,8450,21
PANNERGY,0,20110103,115051,908,1100
MOL,0,20110103,115053,21035,29
OTP,0,20110103,115110,5139,13
BUX1112,0,20110103,115121,22150,1
MTELEKOM,0,20110103,115121,526,518
MTELEKOM,0,20110103,115121,526,100
MTELEKOM,0,20110103,115121,526,732
MTELEKOM,0,20110103,115124,526,2500
OTP,0,20110103,115149,5140,100
OTP,0,20110103,115157,5140,100
OTP,0,20110103,115159,5140,190
OTP,0,20110103,115206,5140,50
MOL,0,20110103,115222,21075,20
MOL,0,20110103,115222,21085,20
MOL,0,20110103,115222,21085,151
MOL,0,20110103,115222,21085,59
GENESIS,0,20110103,115232,178,100
RICHTER,0,20110103,115235,42160,13
SYNERGON,0,20110103,115239,484,2
OTP,0,20110103,115242,5139,138
OTP,0,20110103,115242,5139,451
RICHTER,0,20110103,115245,42145,5
MTELEKOM,0,20110103,115254,525,82
MTELEKOM,0,20110103,115254,525,510
MTELEKOM,0,20110103,115254,525,908
GENESIS,0,20110103,115258,177,350
GENESIS,0,20110103,115258,177,401
BUX1112,0,20110103,115309,22135,1
EGIS,0,20110103,115311,20060,1
GENESIS,0,20110103,115320,177,260
RICHTER,0,20110103,115329,42200,3
RICHTER,0,20110103,115329,42200,9
HUMET,0,20110103,115349,9,31797
HUMET,0,20110103,115349,9,300
HUMET,0,20110103,115349,9,17403
MTELEKOM,0,20110103,115349,526,768
MTELEKOM,0,20110103,115349,526,298
OTP,0,20110103,115355,5140,276
GENESIS,0,20110103,115355,177,339
OTP,0,20110103,115406,5140,174
PHYLAXIA,0,20110103,115407,45,6000
MOL,0,20110103,115414,21090,48
MOL,0,20110103,115414,21090,17
MTELEKOM,0,20110103,115420,526,888
MTELEKOM,0,20110103,115422,526,314
MTELEKOM,0,20110103,115422,526,1000
MTELEKOM,0,20110103,115422,526,100
MTELEKOM,0,20110103,115422,526,66
MTELEKOM,0,20110103,115430,526,134
GENESIS,0,20110103,115433,180,30
OTP,0,20110103,115437,5138,1
PHYLAXIA,0,20110103,115437,45,4000
OTP,0,20110103,115437,5138,24
OTP,0,20110103,115437,5138,453
OTP,0,20110103,115437,5137,33
OTP,0,20110103,115437,5137,50
MOL,0,20110103,115445,21085,10
MOL,0,20110103,115445,21090,114
MOL,0,20110103,115445,21090,136
MOL,0,20110103,115445,21095,240
RICHTER,0,20110103,115447,42150,14
BUX1112,0,20110103,115447,22149,1
BUX1112,0,20110103,115447,22150,4
MOL,0,20110103,115454,21095,178
MOL,0,20110103,115454,21100,752
MOL,0,20110103,115454,21100,100
MOL,0,20110103,115454,21100,20
MOL,0,20110103,115454,21100,10
MOL,0,20110103,115454,21100,940
MOL,0,20110103,115458,21055,5
MOL,0,20110103,115501,21100,300
RICHTER,0,20110103,115501,42150,7
PHYLAXIA,0,20110103,115506,45,1483
PHYLAXIA,0,20110103,115506,45,5000
PHYLAXIA,0,20110103,115506,45,4600
PHYLAXIA,0,20110103,115506,45,8917
MTELEKOM,0,20110103,115507,526,31
MOL,0,20110103,115507,21055,15
MTELEKOM,0,20110103,115511,527,949
MTELEKOM,0,20110103,115511,527,110
MTELEKOM,0,20110103,115511,527,220
MTELEKOM,0,20110103,115511,527,1000
MTELEKOM,0,20110103,115511,527,9000
MTELEKOM,0,20110103,115511,527,250
MTELEKOM,0,20110103,115511,527,1000
MTELEKOM,0,20110103,115511,527,150
MTELEKOM,0,20110103,115511,527,100
MTELEKOM,0,20110103,115511,527,500
MTELEKOM,0,20110103,115511,527,240
MTELEKOM,0,20110103,115511,527,200
MOL,0,20110103,115512,21100,834
PHYLAXIA,0,20110103,115517,45,500
MOL,0,20110103,115518,21100,426
MOL,0,20110103,115518,21100,74
PHYLAXIA,0,20110103,115520,45,1833
OTP,0,20110103,115522,5140,10
MOL,0,20110103,115528,21100,26
MOL,0,20110103,115528,21100,110
MOL,0,20110103,115528,21100,184
MOL,0,20110103,115528,21100,30
MOL,0,20110103,115528,21100,52
MOL,0,20110103,115528,21100,133
MOL,0,20110103,115542,21070,218
OTP,0,20110103,115548,5140,2000
MTELEKOM,0,20110103,115548,528,110
MTELEKOM,0,20110103,115548,528,150
MTELEKOM,0,20110103,115548,528,3740
OTP,0,20110103,115622,5140,60
OTP,0,20110103,115622,5140,240
RICHTER,0,20110103,115645,42145,8
RICHTER,0,20110103,115645,42145,3
MOL,0,20110103,115729,21075,26
MTELEKOM,0,20110103,115743,527,1000
RICHTER,0,20110103,115746,42160,5
RICHTER,0,20110103,115746,42145,6
BUX1112,0,20110103,115749,22148,1
BUX1112,0,20110103,115749,22149.5,1
BUX1112,0,20110103,115749,22150,9
BUX1112,0,20110103,115749,22150,3
BUX1112,0,20110103,115749,22150,2
BUX1112,0,20110103,115749,22150,6
BUX1112,0,20110103,115749,22150,1
BUX1112,0,20110103,115749,22150,10
OTP,0,20110103,115806,5139,60
RICHTER,0,20110103,115830,42150,13
OTP,0,20110103,115838,5137,190
RICHTER,0,20110103,115839,42150,5
RICHTER,0,20110103,115839,42150,13
OTP,0,20110103,115840,5139,1940
OTP,0,20110103,115840,5140,212
OTP,0,20110103,115840,5143,150
OTP,0,20110103,115840,5143,10
OTP,0,20110103,115840,5144,1688
OTP,0,20110103,115840,5144,200
EGIS,0,20110103,115844,20060,2
MTELEKOM,0,20110103,115849,528,1066
MOL,0,20110103,115852,21075,24
OTP,0,20110103,115854,5144,112
MOL,0,20110103,115858,21075,31
MTELEKOM,0,20110103,115858,528,650
MOL,0,20110103,115859,21075,31
MOL,0,20110103,115859,21070,10
MOL,0,20110103,115859,21070,200
MOL,0,20110103,115859,21050,250
BUX1112,0,20110103,115900,22158,2
BUX1112,0,20110103,115900,22158,10
OTP,0,20110103,115901,5145,100
OTP,0,20110103,115901,5145,64
MOL,0,20110103,115905,21050,9
MOL,0,20110103,115905,21050,90
OTP,0,20110103,115906,5145,1200
MOL,0,20110103,115907,21050,42
BUX1112,0,20110103,115910,22158,4
BUX1112,0,20110103,115910,22160,2
BUX1112,0,20110103,115910,22163,1
BUX1112,0,20110103,115910,22165,23
MOL,0,20110103,115919,21110,4
MOL,0,20110103,115919,21110,10
MOL,0,20110103,115919,21110,52
MTELEKOM,0,20110103,115938,528,4000
MTELEKOM,0,20110103,115940,528,544
MTELEKOM,0,20110103,115940,528,161
BUX1112,0,20110103,115955,22165,1
OTP,0,20110103,115959,5140,100
OTP,0,20110103,115959,5138,300
RICHTER,0,20110103,120001,42145,6
MTELEKOM,0,20110103,120003,527,200
MTELEKOM,0,20110103,120007,527,30
MOL,0,20110103,120007,21050,15
MOL,0,20110103,120017,21050,25
SYNERGON,0,20110103,120030,484,55
SYNERGON,0,20110103,120030,485,30
MTELEKOM,0,20110103,120031,528,4835
MTELEKOM,0,20110103,120032,528,1038
MTELEKOM,0,20110103,120036,528,3966
MTELEKOM,0,20110103,120036,528,1034
PANNERGY,0,20110103,120038,911,5
MTELEKOM,0,20110103,120038,528,901
MTELEKOM,0,20110103,120045,528,4065
MTELEKOM,0,20110103,120045,528,935
MTELEKOM,0,20110103,120046,528,65
MTELEKOM,0,20110103,120046,528,100
MTELEKOM,0,20110103,120046,528,425
MTELEKOM,0,20110103,120046,528,100
MTELEKOM,0,20110103,120046,528,386
MTELEKOM,0,20110103,120046,528,4
MTELEKOM,0,20110103,120050,528,300
MTELEKOM,0,20110103,120054,528,299
MTELEKOM,0,20110103,120058,528,50
RICHTER,0,20110103,120059,42150,1
RICHTER,0,20110103,120059,42150,18
RICHTER,0,20110103,120122,42150,10
RICHTER,0,20110103,120129,42150,1
BUX1112,0,20110103,120133,22164,1
BUX1112,0,20110103,120133,22165,3
MTELEKOM,0,20110103,120140,529,150
MTELEKOM,0,20110103,120140,529,190
MTELEKOM,0,20110103,120140,529,2660
MTELEKOM,0,20110103,120142,529,1020
MTELEKOM,0,20110103,120142,528,200
MTELEKOM,0,20110103,120151,529,1500
MTELEKOM,0,20110103,120208,528,500
ORC,0,20110103,120212,1970,18
MTELEKOM,0,20110103,120214,529,842
OTP,0,20110103,120254,5143,39
OTP,0,20110103,120254,5144,42
OTP,0,20110103,120254,5145,919
RICHTER,0,20110103,120257,42150,10
MTELEKOM,0,20110103,120309,528,400
RICHTER,0,20110103,120315,42145,8
RICHTER,0,20110103,120330,42200,5
RICHTER,0,20110103,120330,42200,8
PHYLAXIA,0,20110103,120343,45,167
PHYLAXIA,0,20110103,120343,45,1000
