<TICKER>,<PER>,<DTYYYYMMDD>,<TIME>,<CLOSE>,<VOLUME>
CSEPEL,0,20110125,090017,381,29
CSEPEL,0,20110125,090017,381,1
EMASZ,0,20110125,090017,21500,2
HUMET,0,20110125,090017,9,80
MOL,0,20110125,090017,22450,5
MOL,0,20110125,090017,22450,23
MOL,0,20110125,090017,22450,230
MOL,0,20110125,090017,22450,47
MOL,0,20110125,090017,22450,53
MOL,0,20110125,090017,22450,5
MOL,0,20110125,090017,22450,31
MOL,0,20110125,090017,22450,10
MOL,0,20110125,090017,22450,30
MOL,0,20110125,090017,22450,167
MOL,0,20110125,090017,22450,15
MOL,0,20110125,090017,22450,100
MOL,0,20110125,090017,22450,18
MOL,0,20110125,090017,22450,6
MOL,0,20110125,090017,22450,18
MOL,0,20110125,090017,22450,100
MOL,0,20110125,090017,22450,26
MOL,0,20110125,090017,22450,200
MTELEKOM,0,20110125,090017,565,200
MTELEKOM,0,20110125,090017,565,179
MTELEKOM,0,20110125,090017,565,1621
MTELEKOM,0,20110125,090017,565,379
MTELEKOM,0,20110125,090017,565,716
MTELEKOM,0,20110125,090017,565,199
MTELEKOM,0,20110125,090017,565,624
MTELEKOM,0,20110125,090017,565,1376
MTELEKOM,0,20110125,090017,565,2000
MTELEKOM,0,20110125,090017,565,1000
MTELEKOM,0,20110125,090017,565,600
MTELEKOM,0,20110125,090017,565,150
MTELEKOM,0,20110125,090017,565,200
MTELEKOM,0,20110125,090017,565,1000
MTELEKOM,0,20110125,090017,565,675
MTELEKOM,0,20110125,090017,565,100
MTELEKOM,0,20110125,090017,565,100
MTELEKOM,0,20110125,090017,565,110
MTELEKOM,0,20110125,090017,565,300
MTELEKOM,0,20110125,090017,565,1000
MTELEKOM,0,20110125,090017,565,900
MTELEKOM,0,20110125,090017,565,695
MTELEKOM,0,20110125,090017,565,100
MTELEKOM,0,20110125,090017,565,2000
MTELEKOM,0,20110125,090017,565,100
MTELEKOM,0,20110125,090017,565,2000
MTELEKOM,0,20110125,090017,565,1000
MTELEKOM,0,20110125,090017,565,178
MTELEKOM,0,20110125,090017,565,4000
MTELEKOM,0,20110125,090017,565,200
MTELEKOM,0,20110125,090017,565,400
MTELEKOM,0,20110125,090017,565,960
MTELEKOM,0,20110125,090017,565,200
MTELEKOM,0,20110125,090017,565,1200
MTELEKOM,0,20110125,090017,565,900
MTELEKOM,0,20110125,090017,565,200
MTELEKOM,0,20110125,090017,565,1356
MTELEKOM,0,20110125,090017,565,100
OTP,0,20110125,090017,5810,1000
OTP,0,20110125,090017,5810,250
OTP,0,20110125,090017,5810,261
OTP,0,20110125,090017,5810,739
OTP,0,20110125,090017,5810,200
OTP,0,20110125,090017,5810,1561
OTP,0,20110125,090017,5810,439
OTP,0,20110125,090017,5810,110
OTP,0,20110125,090017,5810,28
OTP,0,20110125,090017,5810,70
OTP,0,20110125,090017,5810,90
OTP,0,20110125,090017,5810,25
OTP,0,20110125,090017,5810,269
OTP,0,20110125,090017,5810,30
OTP,0,20110125,090017,5810,1000
OTP,0,20110125,090017,5810,439
OTP,0,20110125,090017,5810,682
OTP,0,20110125,090017,5810,10
OTP,0,20110125,090017,5810,49
OTP,0,20110125,090017,5810,500
OTP,0,20110125,090017,5810,20
OTP,0,20110125,090017,5810,17
OTP,0,20110125,090017,5810,200
OTP,0,20110125,090017,5810,20
OTP,0,20110125,090017,5810,98
OTP,0,20110125,090017,5810,2
OTP,0,20110125,090017,5810,105
OTP,0,20110125,090017,5810,30
OTP,0,20110125,090017,5810,7
OTP,0,20110125,090017,5810,163
OTP,0,20110125,090017,5810,359
OTP,0,20110125,090017,5810,40
OTP,0,20110125,090017,5810,198
OTP,0,20110125,090017,5810,24
OTP,0,20110125,090017,5810,277
OTP,0,20110125,090017,5810,3
OTP,0,20110125,090017,5810,20
OTP,0,20110125,090017,5810,295
OTP,0,20110125,090017,5810,100
OTP,0,20110125,090017,5810,153
OTP,0,20110125,090017,5810,55
OTP,0,20110125,090017,5810,150
OTP,0,20110125,090017,5810,400
OTP,0,20110125,090017,5810,600
OTP,0,20110125,090017,5810,400
OTP,0,20110125,090017,5810,23
OTP,0,20110125,090017,5810,32
OTP,0,20110125,090017,5810,9
OTP,0,20110125,090017,5810,100
OTP,0,20110125,090017,5810,500
OTP,0,20110125,090017,5810,2000
OTP,0,20110125,090017,5810,400
OTP,0,20110125,090017,5810,436
OTP,0,20110125,090017,5810,1564
OTP,0,20110125,090017,5810,50
OTP,0,20110125,090017,5810,100
OTP,0,20110125,090017,5810,200
OTP,0,20110125,090017,5810,1000
OTP,0,20110125,090017,5810,375
OTP,0,20110125,090017,5810,211
OTP,0,20110125,090017,5810,2789
OTP,0,20110125,090017,5810,36
OTP,0,20110125,090017,5810,20
OTP,0,20110125,090017,5810,500
OTP,0,20110125,090017,5810,1025
OTP,0,20110125,090017,5810,60
OTP,0,20110125,090017,5810,350
OTP,0,20110125,090017,5810,100
OTP,0,20110125,090017,5810,122
OTP,0,20110125,090017,5810,46
OTP,0,20110125,090017,5810,300
OTP,0,20110125,090017,5810,50
OTP,0,20110125,090017,5810,100
OTP,0,20110125,090017,5810,102
OTP,0,20110125,090017,5810,898
OTP,0,20110125,090017,5810,102
OTP,0,20110125,090017,5810,898
OTP,0,20110125,090017,5810,5
OTP,0,20110125,090017,5810,14
OTP,0,20110125,090017,5810,100
OTP,0,20110125,090017,5810,200
OTP,0,20110125,090017,5810,50
OTP,0,20110125,090017,5810,5
OTP,0,20110125,090017,5810,28
OTP,0,20110125,090017,5810,200
OTP,0,20110125,090017,5810,190
OTP,0,20110125,090017,5810,200
OTP,0,20110125,090017,5810,21
OTP,0,20110125,090017,5810,80
OTP,0,20110125,090017,5810,30
OTP,0,20110125,090017,5810,250
OTP,0,20110125,090017,5810,229
OTP,0,20110125,090017,5810,200
OTP,0,20110125,090017,5810,591
OTP,0,20110125,090017,5810,1000
OTP,0,20110125,090017,5810,2000
OTP,0,20110125,090017,5810,414
OTP,0,20110125,090017,5810,7
OTP,0,20110125,090017,5810,20
OTP,0,20110125,090017,5810,100
OTP,0,20110125,090017,5810,47
OTP,0,20110125,090017,5810,60
OTP,0,20110125,090017,5810,40
OTP,0,20110125,090017,5810,30
OTP,0,20110125,090017,5810,380
OTP,0,20110125,090017,5810,100
OTP,0,20110125,090017,5810,19
OTP,0,20110125,090017,5810,2000
OTP,0,20110125,090017,5810,500
OTP,0,20110125,090017,5810,200
OTP,0,20110125,090017,5810,400
OTP,0,20110125,090017,5810,500
OTP,0,20110125,090017,5810,1592
OTP,0,20110125,090017,5810,3408
OTP,0,20110125,090017,5810,19
OTP,0,20110125,090017,5810,50
OTP,0,20110125,090017,5810,10
OTP,0,20110125,090017,5810,201
OTP,0,20110125,090017,5810,132
OTP,0,20110125,090017,5810,24
OTP,0,20110125,090017,5810,14
OTP,0,20110125,090017,5810,232
OTP,0,20110125,090017,5810,80
OTP,0,20110125,090017,5810,78
OTP,0,20110125,090017,5810,730
OTP,0,20110125,090017,5810,509
OTP,0,20110125,090017,5810,50
OTP,0,20110125,090017,5810,100
OTP,0,20110125,090017,5810,100
OTP,0,20110125,090017,5810,175
OTP,0,20110125,090017,5810,5
OTP,0,20110125,090017,5810,550
OTP,0,20110125,090017,5810,100
OTP,0,20110125,090017,5810,6
OTP,0,20110125,090017,5810,200
OTP,0,20110125,090017,5810,9
OTP,0,20110125,090017,5810,3218
OTP,0,20110125,090017,5810,2282
OTP,0,20110125,090017,5810,750
OTP,0,20110125,090017,5810,50
OTP,0,20110125,090017,5810,15
OTP,0,20110125,090017,5810,100
OTP,0,20110125,090017,5810,50
OTP,0,20110125,090017,5810,100
OTP,0,20110125,090017,5810,30
OTP,0,20110125,090017,5810,114
OTP,0,20110125,090017,5810,195
OTP,0,20110125,090017,5810,300
OTP,0,20110125,090017,5810,106
OTP,0,20110125,090017,5810,100
OTP,0,20110125,090017,5810,1
OTP,0,20110125,090017,5810,200
OTP,0,20110125,090017,5810,62
OTP,0,20110125,090017,5810,100
OTP,0,20110125,090017,5810,55
OTP,0,20110125,090017,5810,55
OTP,0,20110125,090017,5810,41
OTP,0,20110125,090017,5810,404
OTP,0,20110125,090017,5810,100
OTP,0,20110125,090017,5810,35
OTP,0,20110125,090017,5810,15
OTP,0,20110125,090017,5810,1000
OTP,0,20110125,090017,5810,200
OTP,0,20110125,090017,5810,380
OTP,0,20110125,090017,5810,80
OTP,0,20110125,090017,5810,100
OTP,0,20110125,090017,5810,100
OTP,0,20110125,090017,5810,148
OTP,0,20110125,090017,5810,2732
OTP,0,20110125,090017,5810,154
OTP,0,20110125,090017,5810,350
OTP,0,20110125,090017,5810,144
OTP,0,20110125,090017,5810,50
OTP,0,20110125,090017,5810,100
OTP,0,20110125,090017,5810,50
OTP,0,20110125,090017,5810,25
OTP,0,20110125,090017,5810,520
OTP,0,20110125,090017,5810,2000
OTP,0,20110125,090017,5810,4040
OTP,0,20110125,090017,5810,84
OTP,0,20110125,090017,5810,94
OTP,0,20110125,090017,5810,15
OTP,0,20110125,090017,5810,40
OTP,0,20110125,090017,5810,50
OTP,0,20110125,090017,5810,5
OTP,0,20110125,090017,5810,10
OTP,0,20110125,090017,5810,74
OTP,0,20110125,090017,5810,20
OTP,0,20110125,090017,5810,35
OTP,0,20110125,090017,5810,250
OTP,0,20110125,090017,5810,35
OTP,0,20110125,090017,5810,22
OTP,0,20110125,090017,5810,300
OTP,0,20110125,090017,5810,153
OTP,0,20110125,090017,5810,3
OTP,0,20110125,090017,5810,200
OTP,0,20110125,090017,5810,1000
OTP,0,20110125,090017,5810,10
OTP,0,20110125,090017,5810,167
OTP,0,20110125,090017,5810,333
OTP,0,20110125,090017,5810,200
OTP,0,20110125,090017,5810,200
OTP,0,20110125,090017,5810,50
OTP,0,20110125,090017,5810,165
OTP,0,20110125,090017,5810,1130
OTP,0,20110125,090017,5810,30
OTP,0,20110125,090017,5810,245
OTP,0,20110125,090017,5810,120
OTP,0,20110125,090017,5810,31
OTP,0,20110125,090017,5810,450
OTP,0,20110125,090017,5810,32
OTP,0,20110125,090017,5810,15
OTP,0,20110125,090017,5810,10
OTP,0,20110125,090017,5810,126
OTP,0,20110125,090017,5810,700
OTP,0,20110125,090017,5810,264
OTP,0,20110125,090017,5810,50
OTP,0,20110125,090017,5810,18
OTP,0,20110125,090017,5810,100
OTP,0,20110125,090017,5810,20
OTP,0,20110125,090017,5810,50
OTP,0,20110125,090017,5810,2000
OTP,0,20110125,090017,5810,20
OTP,0,20110125,090017,5810,35
OTP,0,20110125,090017,5810,100
OTP,0,20110125,090017,5810,18
OTP,0,20110125,090017,5810,70
OTP,0,20110125,090017,5810,16
OTP,0,20110125,090017,5810,35
OTP,0,20110125,090017,5810,100
OTP,0,20110125,090017,5810,10
OTP,0,20110125,090017,5810,50
OTP,0,20110125,090017,5810,9
OTP,0,20110125,090017,5810,72
OTP,0,20110125,090017,5810,50
OTP,0,20110125,090017,5810,50
OTP,0,20110125,090017,5810,200
OTP,0,20110125,090017,5810,200
OTP,0,20110125,090017,5810,100
OTP,0,20110125,090017,5810,666
OTP,0,20110125,090017,5810,20
OTP,0,20110125,090017,5810,50
OTP,0,20110125,090017,5810,1790
OTP,0,20110125,090017,5810,10000
OTP,0,20110125,090017,5810,20
OTP,0,20110125,090017,5810,2000
OTP,0,20110125,090017,5810,5
OTP,0,20110125,090017,5810,955
OTP,0,20110125,090017,5810,1000
OTP,0,20110125,090017,5810,30
OTP,0,20110125,090017,5810,395
OTP,0,20110125,090017,5810,2000
OTP,0,20110125,090017,5810,40
OTP,0,20110125,090017,5810,6000
OTP,0,20110125,090017,5810,765
OTP,0,20110125,090017,5810,70
OTP,0,20110125,090017,5810,320
OTP,0,20110125,090017,5810,38
OTP,0,20110125,090017,5810,22
OTP,0,20110125,090017,5810,930
OTP,0,20110125,090017,5810,567
OTP,0,20110125,090017,5810,200
OTP,0,20110125,090017,5810,10
OTP,0,20110125,090017,5810,3000
OTP,0,20110125,090017,5810,75
OTP,0,20110125,090017,5810,8
OTP,0,20110125,090017,5810,20
OTP,0,20110125,090017,5810,46
OTP,0,20110125,090017,5810,81
OTP,0,20110125,090017,5810,500
OTP,0,20110125,090017,5810,88
OTP,0,20110125,090017,5810,400
OTP,0,20110125,090017,5810,90
OTP,0,20110125,090017,5810,934
OTP,0,20110125,090017,5810,10
OTP,0,20110125,090017,5810,3826
OTP,0,20110125,090017,5810,1500
OTP,0,20110125,090017,5810,174
OTP,0,20110125,090017,5810,20
OTP,0,20110125,090017,5810,50
OTP,0,20110125,090017,5810,25
OTP,0,20110125,090017,5810,40
OTP,0,20110125,090017,5810,20
OTP,0,20110125,090017,5810,10
PANNERGY,0,20110125,090017,918,30
PANNERGY,0,20110125,090017,918,70
PHYLAXIA,0,20110125,090017,45,2000
PHYLAXIA,0,20110125,090017,45,266
PHYLAXIA,0,20110125,090017,45,1734
PHYLAXIA,0,20110125,090017,45,266
RFV,0,20110125,090017,8790,16
RICHTER,0,20110125,090017,42485,16
RICHTER,0,20110125,090017,42485,6
RICHTER,0,20110125,090017,42485,14
RICHTER,0,20110125,090017,42485,1
RICHTER,0,20110125,090017,42485,12
RICHTER,0,20110125,090017,42485,16
EBGOLD,0,20110125,090017,2686,50
BUX1112,0,20110125,090032,23899,5
BUX1112,0,20110125,090032,23899,1
BUX1112,0,20110125,090032,23899,1
BUX1112,0,20110125,090032,23899,2
BUX1112,0,20110125,090032,23899,1
BUX1112,0,20110125,090032,23899,2
BUX1112,0,20110125,090032,23899,1
BUX1112,0,20110125,090032,23899,1
BUX1112,0,20110125,090032,23899,3
BUX1112,0,20110125,090032,23899,1
BUX1112,0,20110125,090032,23899,2
BUX1112,0,20110125,090032,23899,2
BUX1112,0,20110125,090032,23899,1
BUX1112,0,20110125,090032,23899,11
BUX1112,0,20110125,090032,23899,2
BUX1112,0,20110125,090032,23899,8
BUX1112,0,20110125,090032,23899,1
BUX1112,0,20110125,090032,23899,1
BUX1112,0,20110125,090032,23899,5
BUX1112,0,20110125,090032,23899,1
BUX1112,0,20110125,090032,23899,3
BUX1112,0,20110125,090032,23899,5
BUX1112,0,20110125,090032,23899,2
BUX1112,0,20110125,090032,23899,1
BUX1112,0,20110125,090032,23899,1
BUX1112,0,20110125,090032,23899,1
BUX1112,0,20110125,090032,23899,5
BUX1112,0,20110125,090032,23899,10
BUX1112,0,20110125,090032,23899,1
BUX1112,0,20110125,090032,23899,3
BUX1112,0,20110125,090032,23899,10
BUX1112,0,20110125,090032,23899,20
BUX1112,0,20110125,090032,23899,10
BUX1112,0,20110125,090032,23899,1
BUX1112,0,20110125,090032,23899,1
BUX1112,0,20110125,090032,23899,10
BUX1112,0,20110125,090032,23899,1
BUX1112,0,20110125,090032,23899,1
BUX1112,0,20110125,090032,23899,2
BUX1112,0,20110125,090032,23899,1
BUX1112,0,20110125,090032,23899,2
BUX1112,0,20110125,090032,23899,1
BUX1112,0,20110125,090032,23899,1
BUX1112,0,20110125,090032,23899,1
BUX1112,0,20110125,090032,23899,8
BUX1112,0,20110125,090032,23899,1
BUX1112,0,20110125,090032,23899,6
BUX1112,0,20110125,090032,23899,2
BUX1112,0,20110125,090032,23899,1
BUX1112,0,20110125,090032,23899,10
BUX1112,0,20110125,090032,23899,1
BUX1112,0,20110125,090032,23899,5
BUX1112,0,20110125,090032,23899,10
BUX1112,0,20110125,090032,23899,2
BUX1112,0,20110125,090032,23899,63
BUX1112,0,20110125,090200,23899,10
MTELEKOM,0,20110125,090200,563,2200
MTELEKOM,0,20110125,090200,563,373
MTELEKOM,0,20110125,090200,563,400
OTP,0,20110125,090200,5811,45
OTP,0,20110125,090200,5812,50
OTP,0,20110125,090200,5812,100
OTP,0,20110125,090200,5814,15
OTP,0,20110125,090200,5814,200
OTP,0,20110125,090200,5815,12
OTP,0,20110125,090200,5815,23
OTP,0,20110125,090200,5816,1784
OTP,0,20110125,090200,5818,124
OTP,0,20110125,090200,5818,22
OTP,0,20110125,090200,5818,100
OTP,0,20110125,090200,5818,170
OTP,0,20110125,090201,5818,545
OTP,0,20110125,090201,5819,13
OTP,0,20110125,090201,5820,5
OTP,0,20110125,090201,5820,16
OTP,0,20110125,090201,5820,23
OTP,0,20110125,090201,5820,100
OTP,0,20110125,090201,5820,98
OTP,0,20110125,090202,5820,102
OTP,0,20110125,090202,5820,100
OTP,0,20110125,090202,5820,10
OTP,0,20110125,090202,5820,25
OTP,0,20110125,090202,5820,10
OTP,0,20110125,090202,5820,3
OTP,0,20110125,090203,5820,17
OTP,0,20110125,090203,5820,83
OTP,0,20110125,090206,5820,17
OTP,0,20110125,090206,5820,200
OTP,0,20110125,090206,5820,13
OTP,0,20110125,090206,5820,4
OTP,0,20110125,090206,5820,50
OTP,0,20110125,090206,5820,116
OTP,0,20110125,090206,5820,334
OTP,0,20110125,090206,5820,25
OTP,0,20110125,090206,5820,2500
OTP,0,20110125,090206,5825,240
OTP,0,20110125,090206,5825,60
OTP,0,20110125,090206,5825,30
OTP,0,20110125,090206,5825,100
OTP,0,20110125,090206,5825,300
OTP,0,20110125,090206,5825,100
OTP,0,20110125,090206,5827,14
OTP,0,20110125,090206,5827,150
OTP,0,20110125,090206,5829,5000
OTP,0,20110125,090206,5830,15
OTP,0,20110125,090206,5830,100
OTP,0,20110125,090206,5830,20
OTP,0,20110125,090206,5830,220
OTP,0,20110125,090206,5830,500
OTP,0,20110125,090206,5830,81
OTP,0,20110125,090206,5830,61
OTP,0,20110125,090206,5830,10
OTP,0,20110125,090206,5830,104
OTP,0,20110125,090206,5830,18
OTP,0,20110125,090206,5830,10
OTP,0,20110125,090206,5830,115
OTP,0,20110125,090206,5830,1000
OTP,0,20110125,090206,5831,223
OTP,0,20110125,090208,5816,35
RICHTER,0,20110125,090208,42485,6
BUX1112,0,20110125,090210,23898,1
BUX1112,0,20110125,090210,23898,2
BUX1112,0,20110125,090210,23899,7
BUX1112,0,20110125,090211,23885,5
BUX1112,0,20110125,090211,23870,5
OTP,0,20110125,090212,5816,10
OTP,0,20110125,090213,5820,5000
OTP,0,20110125,090218,5830,100
MTELEKOM,0,20110125,090219,563,7000
OTP,0,20110125,090220,5830,140
OTP,0,20110125,090220,5830,60
OTP,0,20110125,090221,5830,100
MTELEKOM,0,20110125,090221,563,27
MTELEKOM,0,20110125,090221,563,1373
OTP,0,20110125,090224,5825,50
BUX1112,0,20110125,090224,23890,2
OTP,0,20110125,090224,5829,11
KEG,0,20110125,090225,130,1300
BUX1112,0,20110125,090226,23890,18
OTP,0,20110125,090227,5826,400
BUX1112,0,20110125,090228,23890,1
BUX1112,0,20110125,090228,23890,3
OTP,0,20110125,090229,5820,600
OTP,0,20110125,090229,5820,50
OTP,0,20110125,090229,5820,1000
OTP,0,20110125,090229,5820,850
OTP,0,20110125,090231,5820,150
OTP,0,20110125,090231,5820,141
OTP,0,20110125,090231,5820,600
OTP,0,20110125,090231,5820,1609
OTP,0,20110125,090232,5820,391
OTP,0,20110125,090232,5820,100
MTELEKOM,0,20110125,090232,563,1200
OTP,0,20110125,090233,5820,100
OTP,0,20110125,090235,5820,200
OTP,0,20110125,090236,5820,285
BUX1112,0,20110125,090237,23890,4
BUX1112,0,20110125,090237,23880,1
BUX1112,0,20110125,090237,23870,3
BUX1112,0,20110125,090237,23870,4
OTP,0,20110125,090237,5820,100
BUX1112,0,20110125,090241,23870,5
BUX1112,0,20110125,090242,23870,3
BUX1112,0,20110125,090242,23898,1
BUX1112,0,20110125,090242,23899,1
BUX1112,0,20110125,090243,23863,2
KEG,0,20110125,090243,130,200
KEG,0,20110125,090243,130,8000
KEG,0,20110125,090243,130,10000
OTP,0,20110125,090243,5820,350
OTP,0,20110125,090245,5820,78
OTP,0,20110125,090247,5820,1287
OTP,0,20110125,090247,5820,1000
RFV,0,20110125,090251,8790,34
RFV,0,20110125,090251,8793,28
OTP,0,20110125,090252,5825,900
OTP,0,20110125,090254,5820,1
OTP,0,20110125,090254,5825,15
OTP,0,20110125,090254,5825,300
OTP,0,20110125,090256,5825,20
OTP,0,20110125,090258,5825,100
OTP,0,20110125,090259,5825,100
MOL,0,20110125,090259,22450,150
OTP,0,20110125,090300,5825,365
OTP,0,20110125,090300,5826,1600
OTP,0,20110125,090300,5829,989
OTP,0,20110125,090300,5830,2340
OTP,0,20110125,090300,5830,3000
OTP,0,20110125,090300,5830,200
OTP,0,20110125,090300,5830,14
OTP,0,20110125,090302,5830,25
MOL,0,20110125,090305,22425,15
MOL,0,20110125,090305,22425,68
MOL,0,20110125,090305,22425,50
BUX1112,0,20110125,090306,23863,1
MOL,0,20110125,090307,22400,2
MOL,0,20110125,090307,22400,21
OTP,0,20110125,090307,5831,110
OTP,0,20110125,090307,5831,890
OTP,0,20110125,090307,5830,1000
OTP,0,20110125,090308,5830,3000
OTP,0,20110125,090309,5830,50
MOL,0,20110125,090312,22400,17
OTP,0,20110125,090312,5830,66
OTP,0,20110125,090314,5830,2351
OTP,0,20110125,090314,5830,143
OTP,0,20110125,090314,5830,10
CSEPEL,0,20110125,090315,390,329
OTP,0,20110125,090316,5830,23
BUX1112,0,20110125,090316,23895,2
OTP,0,20110125,090316,5830,473
OTP,0,20110125,090316,5830,1527
OTP,0,20110125,090317,5830,473
OTP,0,20110125,090317,5831,820
BUX1112,0,20110125,090318,23896,2
BUX1112,0,20110125,090318,23896,3
BUX1112,0,20110125,090318,23899,2
MOL,0,20110125,090319,22425,20
OTP,0,20110125,090319,5830,200
OTP,0,20110125,090320,5830,9
OTP,0,20110125,090320,5830,400
OTP,0,20110125,090320,5830,80
OTP,0,20110125,090320,5831,50
OTP,0,20110125,090322,5831,240
OTP,0,20110125,090323,5831,560
OTP,0,20110125,090324,5833,240
OTP,0,20110125,090328,5833,250
OTP,0,20110125,090328,5833,3000
OTP,0,20110125,090331,5832,25
KEG,0,20110125,090332,129,2000
OTP,0,20110125,090332,5834,10
OTP,0,20110125,090332,5835,80
OTP,0,20110125,090332,5835,75
OTP,0,20110125,090332,5835,1000
OTP,0,20110125,090332,5837,20
OTP,0,20110125,090332,5838,155
OTP,0,20110125,090334,5833,8
RICHTER,0,20110125,090338,42485,1
RICHTER,0,20110125,090338,42485,13
MOL,0,20110125,090339,22425,20
OTP,0,20110125,090339,5838,50
KEG,0,20110125,090339,129,1000
TVNETWORK,0,20110125,090341,297,400
OTP,0,20110125,090342,5838,100
RICHTER,0,20110125,090342,42485,37
OTP,0,20110125,090349,5838,60
OTP,0,20110125,090351,5838,135
OTP,0,20110125,090351,5839,65
OTP,0,20110125,090352,5835,10
OTP,0,20110125,090352,5839,100
OTP,0,20110125,090356,5838,30
OTP,0,20110125,090356,5839,835
OTP,0,20110125,090356,5839,135
FHB,0,20110125,090356,973,200
OTP,0,20110125,090358,5839,100
BUX1112,0,20110125,090359,23895,1
OTP,0,20110125,090400,5838,100
OTP,0,20110125,090402,5839,2265
OTP,0,20110125,090402,5840,1801
OTP,0,20110125,090402,5840,589
OTP,0,20110125,090402,5840,50
OTP,0,20110125,090402,5840,223
OTP,0,20110125,090402,5840,72
MOL,0,20110125,090402,22450,179
MOL,0,20110125,090402,22450,4
OTP,0,20110125,090404,5836,10
OTP,0,20110125,090405,5840,16
OTP,0,20110125,090406,5840,12
OTP,0,20110125,090406,5840,8
MOL,0,20110125,090406,22450,37
OTP,0,20110125,090407,5840,195
OTP,0,20110125,090407,5840,100
OTP,0,20110125,090407,5840,680
OTP,0,20110125,090408,5839,100
MOL,0,20110125,090409,22485,50
MOL,0,20110125,090409,22490,50
OTP,0,20110125,090410,5840,500
OTP,0,20110125,090411,5840,35
OTP,0,20110125,090412,5840,785
MTELEKOM,0,20110125,090414,563,300
MTELEKOM,0,20110125,090417,563,364
OTP,0,20110125,090417,5840,250
KEG,0,20110125,090417,129,655
MTELEKOM,0,20110125,090418,563,1000
OTP,0,20110125,090418,5841,100
MTELEKOM,0,20110125,090419,563,200
OTP,0,20110125,090420,5840,65
BUX1112,0,20110125,090421,23890,1
OTP,0,20110125,090424,5840,900
OTP,0,20110125,090424,5840,33
OTP,0,20110125,090424,5840,350
OTP,0,20110125,090424,5840,50
OTP,0,20110125,090425,5840,5
OTP,0,20110125,090425,5840,162
OTP,0,20110125,090425,5840,88
OTP,0,20110125,090431,5840,12
OTP,0,20110125,090431,5840,38
BUX1112,0,20110125,090431,23890,1
BUX1112,0,20110125,090431,23894,2
BUX1112,0,20110125,090431,23894,2
OTP,0,20110125,090434,5839,892
OTP,0,20110125,090434,5839,1000
OTP,0,20110125,090434,5839,200
OTP,0,20110125,090434,5839,100
OTP,0,20110125,090434,5839,294
CSEPEL,0,20110125,090439,394,250
CSEPEL,0,20110125,090439,395,100
OTP,0,20110125,090439,5838,100
OTP,0,20110125,090439,5836,1
OTP,0,20110125,090439,5835,39
OTP,0,20110125,090440,5835,96
OTP,0,20110125,090440,5835,500
OTP,0,20110125,090440,5835,1000
OTP,0,20110125,090441,5834,30
OTP,0,20110125,090441,5834,30
CSEPEL,0,20110125,090441,398,592
CSEPEL,0,20110125,090441,399,408
OTP,0,20110125,090442,5835,140
OTP,0,20110125,090442,5839,435
OTP,0,20110125,090442,5839,40
MTELEKOM,0,20110125,090443,563,4000
OTP,0,20110125,090444,5839,18
BUX1112,0,20110125,090444,23890,1
OTP,0,20110125,090446,5834,110
OTP,0,20110125,090446,5834,200
OTP,0,20110125,090446,5833,90
OTP,0,20110125,090449,5838,30
BUX1112,0,20110125,090449,23893,10
BUX1112,0,20110125,090449,23894,3
BUX1112,0,20110125,090449,23894,10
BUX1112,0,20110125,090449,23895,8
OTP,0,20110125,090451,5833,110
OTP,0,20110125,090451,5833,100
OTP,0,20110125,090451,5833,25
OTP,0,20110125,090451,5832,50
OTP,0,20110125,090451,5831,2100
OTP,0,20110125,090451,5831,100
OTP,0,20110125,090451,5831,2000
OTP,0,20110125,090451,5831,2000
OTP,0,20110125,090455,5831,100
OTP,0,20110125,090455,5831,2000
OTP,0,20110125,090455,5830,2318
OTP,0,20110125,090455,5830,2682
OTP,0,20110125,090455,5830,1000
OTP,0,20110125,090455,5830,500
OTP,0,20110125,090455,5830,200
OTP,0,20110125,090455,5830,64
OTP,0,20110125,090455,5830,5554
OTP,0,20110125,090456,5830,91
BUX1112,0,20110125,090457,23890,10
OTP,0,20110125,090457,5830,12355
OTP,0,20110125,090457,5830,91
OTP,0,20110125,090459,5831,2000
OTP,0,20110125,090459,5830,9
MTELEKOM,0,20110125,090500,562,1000
OTP,0,20110125,090503,5830,165
BUX1112,0,20110125,090504,23880,3
OTP,0,20110125,090505,5828,50
OTP,0,20110125,090505,5825,50
MTELEKOM,0,20110125,090506,562,50
MTELEKOM,0,20110125,090510,562,777
OTP,0,20110125,090510,5828,50
OTP,0,20110125,090511,5830,326
OTP,0,20110125,090511,5830,674
BUX1112,0,20110125,090511,23880,1
OTP,0,20110125,090516,5830,200
OTP,0,20110125,090517,5829,30
OTP,0,20110125,090518,5829,200
BUX1112,0,20110125,090520,23885,1
BUX1112,0,20110125,090520,23888,9
BUX1112,0,20110125,090520,23890,10
BUX1112,0,20110125,090520,23890,2
BUX1112,0,20110125,090520,23893,1
BUX1112,0,20110125,090520,23894,10
BUX1112,0,20110125,090520,23894,10
BUX1112,0,20110125,090520,23895,41
BUX1112,0,20110125,090520,23899,17
OTP,0,20110125,090521,5829,150
OTP,0,20110125,090522,5825,30
OTP,0,20110125,090522,5825,20
OTP,0,20110125,090526,5829,20
OTP,0,20110125,090527,5825,180
OTP,0,20110125,090530,5822,37
OTP,0,20110125,090532,5822,13
OTP,0,20110125,090532,5821,288
OTP,0,20110125,090532,5821,2712
OTP,0,20110125,090532,5821,100
OTP,0,20110125,090532,5821,586
OTP,0,20110125,090532,5821,1602
OTP,0,20110125,090532,5825,50
OTP,0,20110125,090536,5825,53
BUX1112,0,20110125,090538,23899,1
BUX1112,0,20110125,090538,23899,1
BUX1112,0,20110125,090538,23900,1
BUX1112,0,20110125,090538,23900,1
BUX1112,0,20110125,090538,23900,1
BUX1112,0,20110125,090538,23900,4
BUX1112,0,20110125,090538,23900,1
BUX1112,0,20110125,090538,23900,3
BUX1112,0,20110125,090538,23909,1
BUX1112,0,20110125,090538,23890,3
MOL,0,20110125,090539,22450,17
BUX1112,0,20110125,090539,23890,14
MTELEKOM,0,20110125,090541,562,3173
MTELEKOM,0,20110125,090541,562,900
MTELEKOM,0,20110125,090541,562,400
MTELEKOM,0,20110125,090541,562,1700
BUX1112,0,20110125,090542,23890,3
MTELEKOM,0,20110125,090543,562,50
MOL,0,20110125,090543,22485,9
BUX1112,0,20110125,090543,23899,2
OTP,0,20110125,090545,5822,700
OTP,0,20110125,090545,5821,898
OTP,0,20110125,090545,5821,1511
MOL,0,20110125,090545,22485,41
MOL,0,20110125,090545,22490,4
BUX1112,0,20110125,090546,23899,2
BUX1112,0,20110125,090546,23900,1
BUX1112,0,20110125,090546,23915,1
BUX1112,0,20110125,090546,23920,2
BUX1112,0,20110125,090546,23920,1
BUX1112,0,20110125,090546,23920,2
BUX1112,0,20110125,090546,23920,3
BUX1112,0,20110125,090546,23925,1
BUX1112,0,20110125,090546,23929,1
BUX1112,0,20110125,090546,23930,1
BUX1112,0,20110125,090546,23935,1
BUX1112,0,20110125,090546,23935,1
BUX1112,0,20110125,090546,23935,2
BUX1112,0,20110125,090546,23899,3
BUX1112,0,20110125,090550,23890,2
OTP,0,20110125,090551,5825,50
OTP,0,20110125,090552,5821,100
SYNERGON,0,20110125,090556,517,10
SYNERGON,0,20110125,090556,517,190
ZWACK,0,20110125,090603,13850,10
ZWACK,0,20110125,090603,13850,16
OTP,0,20110125,090605,5822,9
OTP,0,20110125,090606,5824,100
OTP,0,20110125,090606,5825,30
RFV,0,20110125,090612,8819,20
RFV,0,20110125,090612,8825,100
RFV,0,20110125,090612,8830,14
RFV,0,20110125,090612,8840,366
CSEPEL,0,20110125,090613,399,92
CSEPEL,0,20110125,090613,402,208
RFV,0,20110125,090617,8840,34
RFV,0,20110125,090617,8840,66
OTP,0,20110125,090619,5825,90
BUX1112,0,20110125,090619,23890,1
BUX1112,0,20110125,090621,23866,1
RICHTER,0,20110125,090621,42490,5
RICHTER,0,20110125,090621,42500,25
RICHTER,0,20110125,090621,42500,7
RICHTER,0,20110125,090621,42500,12
RICHTER,0,20110125,090621,42500,10
RICHTER,0,20110125,090621,42500,7
RICHTER,0,20110125,090621,42500,11
OTP,0,20110125,090621,5825,55
OTP,0,20110125,090625,5825,153
OTP,0,20110125,090625,5825,27
OTP,0,20110125,090625,5825,5
OTP,0,20110125,090625,5822,9
OTP,0,20110125,090625,5822,91
MTELEKOM,0,20110125,090626,561,900
MOL,0,20110125,090627,22490,46
MOL,0,20110125,090627,22490,55
MOL,0,20110125,090627,22495,250
MOL,0,20110125,090627,22500,3
MOL,0,20110125,090627,22500,50
MOL,0,20110125,090627,22500,8
MOL,0,20110125,090627,22500,41
MOL,0,20110125,090627,22500,300
MOL,0,20110125,090627,22500,25
MOL,0,20110125,090627,22500,222
OTP,0,20110125,090635,5823,100
OTP,0,20110125,090635,5822,409
OTP,0,20110125,090635,5822,491
ZWACK,0,20110125,090635,13960,4
OTP,0,20110125,090638,5822,509
OTP,0,20110125,090638,5822,5
OTP,0,20110125,090638,5821,1389
OTP,0,20110125,090638,5821,8
OTP,0,20110125,090638,5821,1089
OTP,0,20110125,090639,5824,100
OTP,0,20110125,090639,5824,15
OTP,0,20110125,090639,5825,18
OTP,0,20110125,090639,5825,20
OTP,0,20110125,090639,5825,347
OTP,0,20110125,090640,5825,53
OTP,0,20110125,090640,5825,47
OTP,0,20110125,090641,5822,100
MOL,0,20110125,090641,22500,28
MOL,0,20110125,090641,22500,200
MOL,0,20110125,090643,22500,49
OTP,0,20110125,090643,5825,353
OTP,0,20110125,090643,5825,2147
OTP,0,20110125,090643,5825,300
BUX1112,0,20110125,090644,23890,2
OTP,0,20110125,090646,5825,400
MTELEKOM,0,20110125,090647,562,300
OTP,0,20110125,090648,5825,25
RFV,0,20110125,090648,8840,34
RFV,0,20110125,090648,8845,2
RFV,0,20110125,090648,8850,10
RFV,0,20110125,090648,8850,20
RFV,0,20110125,090648,8850,34
OTP,0,20110125,090650,5822,460
OTP,0,20110125,090651,5825,13
OTP,0,20110125,090653,5825,10
MOL,0,20110125,090654,22500,99
OTP,0,20110125,090656,5825,105
OTP,0,20110125,090656,5825,20
OTP,0,20110125,090656,5825,100
BUX1112,0,20110125,090658,23899,25
BUX1112,0,20110125,090659,23899,3
MTELEKOM,0,20110125,090700,562,477
MTELEKOM,0,20110125,090700,562,200
OTP,0,20110125,090703,5825,100
MOL,0,20110125,090705,22500,124
BUX1112,0,20110125,090709,23899,12
OTP,0,20110125,090712,5828,300
OTP,0,20110125,090712,5829,107
OTP,0,20110125,090712,5829,2000
OTP,0,20110125,090712,5829,100
OTP,0,20110125,090712,5829,600
OTP,0,20110125,090712,5830,1126
OTP,0,20110125,090712,5830,2252
OTP,0,20110125,090714,5825,25
OTP,0,20110125,090714,5825,475
OTP,0,20110125,090714,5830,2748
OTP,0,20110125,090714,5830,2500
OTP,0,20110125,090714,5830,100
RFV,0,20110125,090714,8850,18
BUX1112,0,20110125,090714,23871,5
BUX1112,0,20110125,090714,23870,5
BUX1112,0,20110125,090718,23871,14
OTP,0,20110125,090719,5830,4000
MTELEKOM,0,20110125,090720,562,433
BUX1112,0,20110125,090721,23880,1
BUX1112,0,20110125,090724,23880,10
BUX1112,0,20110125,090730,23872,5
BUX1112,0,20110125,090730,23871,1
BUX1112,0,20110125,090730,23870,1
BUX1112,0,20110125,090734,23870,3
OTP,0,20110125,090734,5835,1
OTP,0,20110125,090737,5835,49
OTP,0,20110125,090737,5831,951
BUX1112,0,20110125,090744,23870,2
BUX1112,0,20110125,090744,23870,5
MTELEKOM,0,20110125,090744,562,2000
BUX1112,0,20110125,090747,23870,3
OTP,0,20110125,090747,5832,50
OTP,0,20110125,090754,5832,100
OTP,0,20110125,090757,5832,290
OTP,0,20110125,090801,5833,25
BUX1112,0,20110125,090802,23880,10
BUX1112,0,20110125,090802,23870,2
BUX1112,0,20110125,090802,23865.5,1
BUX1112,0,20110125,090802,23865,1
BUX1112,0,20110125,090802,23865,1
MTELEKOM,0,20110125,090803,562,567
MTELEKOM,0,20110125,090803,562,433
MTELEKOM,0,20110125,090805,562,1130
OTP,0,20110125,090805,5833,75
KEG,0,20110125,090805,129,245
KEG,0,20110125,090805,129,255
BUX1112,0,20110125,090807,23865,5
BUX1112,0,20110125,090807,23863,4
OTP,0,20110125,090808,5833,1177
OTP,0,20110125,090808,5833,50
OTP,0,20110125,090808,5832,20
OTP,0,20110125,090808,5831,1349
OTP,0,20110125,090808,5830,1000
OTP,0,20110125,090808,5830,220
BUX1112,0,20110125,090815,23870,1
RICHTER,0,20110125,090821,42505,5
OTP,0,20110125,090824,5825,20
OTP,0,20110125,090825,5830,184
OTP,0,20110125,090825,5830,50
RFV,0,20110125,090825,8850,98
ECONET,0,20110125,090827,90,2240
ECONET,0,20110125,090827,90,760
OTP,0,20110125,090828,5832,15
OTP,0,20110125,090828,5835,85
OTP,0,20110125,090832,5831,15
OTP,0,20110125,090835,5831,50
BUX1112,0,20110125,090835,23870,12
OTP,0,20110125,090838,5831,30
OTP,0,20110125,090843,5831,94
BUX1112,0,20110125,090848,23870,2
BUX1112,0,20110125,090854,23870,2
MTELEKOM,0,20110125,090854,562,870
MTELEKOM,0,20110125,090854,562,130
OTP,0,20110125,090859,5831,500
OTP,0,20110125,090859,5832,200
BUX1112,0,20110125,090903,23863,10
MTELEKOM,0,20110125,090905,562,70
AAA,0,20110125,090906,273,500
MTELEKOM,0,20110125,090912,562,500
OTP,0,20110125,090913,5834,2601
OTP,0,20110125,090915,5832,250
OTP,0,20110125,090915,5832,800
MTELEKOM,0,20110125,090916,562,430
MTELEKOM,0,20110125,090916,563,1570
BUX1112,0,20110125,090918,23863,4
OTP,0,20110125,090919,5832,300
EGIS,0,20110125,090925,20800,10
MTELEKOM,0,20110125,090927,561,100
MTELEKOM,0,20110125,090927,561,125
MTELEKOM,0,20110125,090927,561,205
OTP,0,20110125,090927,5832,450
OTP,0,20110125,090927,5831,1
OTP,0,20110125,090927,5831,49
BUX1112,0,20110125,090929,23861,1
OTP,0,20110125,090938,5831,50
OTP,0,20110125,090938,5831,101
OTP,0,20110125,090938,5830,766
OTP,0,20110125,090938,5830,30
OTP,0,20110125,090938,5830,103
CSEPEL,0,20110125,090942,402,9
OTP,0,20110125,090943,5830,647
OTP,0,20110125,090943,5830,50
BUX1112,0,20110125,090953,23861,1
BUX1112,0,20110125,090953,23860,1
OTP,0,20110125,090955,5830,17
MOL,0,20110125,091002,22500,126
MOL,0,20110125,091002,22500,100
MOL,0,20110125,091002,22500,94
OTP,0,20110125,091005,5830,479
MTELEKOM,0,20110125,091009,563,500
OTP,0,20110125,091009,5826,30
MOL,0,20110125,091011,22500,68
MOL,0,20110125,091011,22500,100
MOL,0,20110125,091011,22500,250
OTP,0,20110125,091013,5826,70
OTP,0,20110125,091013,5826,5
CSEPEL,0,20110125,091022,410,300
CSEPEL,0,20110125,091022,410,500
OTP,0,20110125,091022,5830,100
MOL,0,20110125,091024,22500,22
OTP,0,20110125,091025,5830,438
OTP,0,20110125,091025,5830,480
OTP,0,20110125,091025,5830,100
OTP,0,20110125,091025,5830,200
OTP,0,20110125,091025,5832,234
OTP,0,20110125,091025,5834,399
OTP,0,20110125,091025,5834,200
OTP,0,20110125,091025,5835,17
OTP,0,20110125,091025,5835,100
OTP,0,20110125,091025,5835,20
OTP,0,20110125,091025,5835,12
MTELEKOM,0,20110125,091029,563,4500
MTELEKOM,0,20110125,091029,563,2000
MTELEKOM,0,20110125,091029,563,2000
MTELEKOM,0,20110125,091029,563,940
BUX1112,0,20110125,091031,23866,1
OTP,0,20110125,091032,5826,30
BUX1112,0,20110125,091037,23851,2
MOL,0,20110125,091037,22500,54
OTP,0,20110125,091042,5830,280
MTELEKOM,0,20110125,091046,563,60
MTELEKOM,0,20110125,091046,563,380
MTELEKOM,0,20110125,091046,563,1560
MTELEKOM,0,20110125,091047,563,3440
MTELEKOM,0,20110125,091047,563,3560
MOL,0,20110125,091048,22500,53
MOL,0,20110125,091048,22500,100
OTP,0,20110125,091053,5831,350
MTELEKOM,0,20110125,091053,563,16440
OTP,0,20110125,091053,5831,20
ECONET,0,20110125,091059,90,2000
MTELEKOM,0,20110125,091100,563,3560
MTELEKOM,0,20110125,091100,563,150
BUX1112,0,20110125,091103,23867,5
BUX1112,0,20110125,091103,23870,45
BUX1112,0,20110125,091106,23870,1
BUX1112,0,20110125,091108,23870,5
OTP,0,20110125,091111,5834,7
OTP,0,20110125,091111,5834,58
OTP,0,20110125,091111,5835,288
OTP,0,20110125,091111,5835,647
OTP,0,20110125,091112,5835,17
RICHTER,0,20110125,091112,42540,23
OTP,0,20110125,091113,5835,836
OTP,0,20110125,091113,5835,1164
FHB,0,20110125,091115,974,55
OTP,0,20110125,091115,5835,250
OTP,0,20110125,091118,5835,586
OTP,0,20110125,091118,5835,400
OTP,0,20110125,091118,5835,359
BUX1112,0,20110125,091125,23861,5
BUX1112,0,20110125,091125,23860,5
BUX1112,0,20110125,091125,23856,5
BUX1112,0,20110125,091125,23856,10
OTP,0,20110125,091135,5835,5
OTP,0,20110125,091137,5837,50
OTP,0,20110125,091137,5837,50
RFV,0,20110125,091141,8850,2
RFV,0,20110125,091141,8850,8
MTELEKOM,0,20110125,091145,562,2000
MTELEKOM,0,20110125,091145,562,1500
OTP,0,20110125,091145,5835,36
RICHTER,0,20110125,091146,42540,3
MTELEKOM,0,20110125,091148,562,7300
MTELEKOM,0,20110125,091148,562,100
MTELEKOM,0,20110125,091148,562,1000
MTELEKOM,0,20110125,091148,562,6000
MTELEKOM,0,20110125,091148,562,1500
MTELEKOM,0,20110125,091148,562,7499
MTELEKOM,0,20110125,091149,562,2130
ORC,0,20110125,091150,1970,74
CSEPEL,0,20110125,091151,418,80
CSEPEL,0,20110125,091151,420,275
OTP,0,20110125,091151,5835,10
RICHTER,0,20110125,091151,42540,24
RICHTER,0,20110125,091151,42540,6
OTP,0,20110125,091152,5832,29
MTELEKOM,0,20110125,091154,562,900
OTP,0,20110125,091154,5832,35
OTP,0,20110125,091155,5835,5
OTP,0,20110125,091156,5835,100
OTP,0,20110125,091159,5835,15
RFV,0,20110125,091200,8850,6
OTP,0,20110125,091205,5835,90
OTP,0,20110125,091207,5835,681
OTP,0,20110125,091207,5835,20
OTP,0,20110125,091207,5835,90
OTP,0,20110125,091207,5835,200
OTP,0,20110125,091213,5835,915
OTP,0,20110125,091213,5835,5
BUX1112,0,20110125,091214,23879,20
BUX1112,0,20110125,091214,23880,4
RICHTER,0,20110125,091222,42545,27
RICHTER,0,20110125,091222,42550,7
RICHTER,0,20110125,091222,42600,58
MOL,0,20110125,091231,22495,5
MOL,0,20110125,091231,22500,5
OTP,0,20110125,091232,5835,88
RICHTER,0,20110125,091234,42600,5
RICHTER,0,20110125,091234,42600,10
RFV,0,20110125,091235,8850,13
OTP,0,20110125,091238,5835,500
OTP,0,20110125,091239,5837,10
OTP,0,20110125,091239,5837,90
OTP,0,20110125,091239,5837,200
MTELEKOM,0,20110125,091245,562,470
MTELEKOM,0,20110125,091245,562,530
BUX1112,0,20110125,091247,23870,32
OTP,0,20110125,091250,5836,10
BUX1112,0,20110125,091256,23870,18
RICHTER,0,20110125,091257,42600,50
OTP,0,20110125,091257,5836,110
OTP,0,20110125,091257,5837,890
OTP,0,20110125,091300,5835,3591
OTP,0,20110125,091300,5832,236
OTP,0,20110125,091300,5831,873
RICHTER,0,20110125,091305,42600,50
RICHTER,0,20110125,091305,42600,20
OTP,0,20110125,091314,5832,10
BUX1112,0,20110125,091319,23881,2
OTP,0,20110125,091319,5837,110
RICHTER,0,20110125,091320,42600,22
MOL,0,20110125,091324,22495,14
MTELEKOM,0,20110125,091341,562,50
RICHTER,0,20110125,091342,42600,44
OTP,0,20110125,091344,5835,8
OTP,0,20110125,091348,5832,240
OTP,0,20110125,091348,5831,1760
OTP,0,20110125,091354,5831,497
OTP,0,20110125,091354,5831,100
OTP,0,20110125,091354,5831,200
OTP,0,20110125,091354,5831,1203
BUX1112,0,20110125,091355,23884,6
MOL,0,20110125,091357,22455,200
MOL,0,20110125,091357,22450,263
MOL,0,20110125,091357,22450,10
MOL,0,20110125,091406,22450,27
FHB,0,20110125,091407,974,518
FHB,0,20110125,091407,974,200
FHB,0,20110125,091407,974,100
FHB,0,20110125,091407,974,1000
FHB,0,20110125,091408,975,257
OTP,0,20110125,091410,5835,40
EBGOLD,0,20110125,091411,2686,300
BUX1112,0,20110125,091417,23872,8
BUX1112,0,20110125,091417,23867,1
BUX1112,0,20110125,091417,23865,1
OTP,0,20110125,091418,5832,150
FHB,0,20110125,091420,974,500
BUX1112,0,20110125,091421,23889,3
OTP,0,20110125,091422,5834,100
OTP,0,20110125,091424,5833,100
OTP,0,20110125,091433,5834,40
OTP,0,20110125,091433,5835,2
OTP,0,20110125,091433,5835,8
FHB,0,20110125,091437,975,2000
MOL,0,20110125,091439,22450,373
FHB,0,20110125,091442,975,2871
FHB,0,20110125,091442,975,310
FHB,0,20110125,091442,975,1000
OTP,0,20110125,091450,5833,20
OTP,0,20110125,091452,5835,15
MOL,0,20110125,091454,22450,127
OTP,0,20110125,091455,5833,30
OTP,0,20110125,091455,5835,477
OTP,0,20110125,091455,5835,2500
OTP,0,20110125,091456,5835,365
FHB,0,20110125,091457,976,150
BUX1112,0,20110125,091501,23866,1
OTP,0,20110125,091502,5835,200
OTP,0,20110125,091504,5835,5
MTELEKOM,0,20110125,091507,562,2300
FHB,0,20110125,091510,977,630
FHB,0,20110125,091510,978,203
FHB,0,20110125,091511,978,167
MOL,0,20110125,091512,22450,200
BUX1112,0,20110125,091516,23866,2
BUX1112,0,20110125,091516,23865,18
MOL,0,20110125,091519,22450,200
RFV,0,20110125,091519,8850,1
RFV,0,20110125,091519,8850,8
RFV,0,20110125,091519,8850,6
BUX1112,0,20110125,091519,23865,1
OTP,0,20110125,091522,5836,27
OTP,0,20110125,091531,5835,50
RICHTER,0,20110125,091532,42685,150
RICHTER,0,20110125,091532,42695,20
RICHTER,0,20110125,091532,42695,20
RICHTER,0,20110125,091532,42700,2
RICHTER,0,20110125,091532,42700,8
RICHTER,0,20110125,091533,42685,20
RICHTER,0,20110125,091533,42700,2
RICHTER,0,20110125,091533,42700,5
RICHTER,0,20110125,091536,42710,26
RICHTER,0,20110125,091536,42710,19
OTP,0,20110125,091540,5835,100
OTP,0,20110125,091541,5835,30
OTP,0,20110125,091542,5835,100
MOL,0,20110125,091544,22450,200
MOL,0,20110125,091544,22450,42
MTELEKOM,0,20110125,091544,562,385
OTP,0,20110125,091544,5835,2500
OTP,0,20110125,091544,5835,500
OTP,0,20110125,091545,5835,363
OTP,0,20110125,091545,5835,10
OTP,0,20110125,091545,5835,45
OTP,0,20110125,091545,5833,1150
OTP,0,20110125,091545,5832,850
OTP,0,20110125,091545,5832,82
RICHTER,0,20110125,091545,42720,2
RICHTER,0,20110125,091545,42720,30
MOL,0,20110125,091545,22450,58
OTP,0,20110125,091545,5832,1918
OTP,0,20110125,091545,5832,100
OTP,0,20110125,091545,5831,482
OTP,0,20110125,091546,5831,315
OTP,0,20110125,091546,5831,500
OTP,0,20110125,091546,5831,1685
OTP,0,20110125,091547,5831,315
OTP,0,20110125,091547,5830,300
OTP,0,20110125,091547,5830,1885
OTP,0,20110125,091548,5830,65
OTP,0,20110125,091548,5830,500
MOL,0,20110125,091549,22450,45
BUX1112,0,20110125,091549,23860,1
OTP,0,20110125,091551,5827,50
BUX1112,0,20110125,091552,23867,4
RICHTER,0,20110125,091559,42735,7
RICHTER,0,20110125,091559,42735,15
RICHTER,0,20110125,091559,42740,78
MTELEKOM,0,20110125,091601,562,183
OTP,0,20110125,091608,5827,250
OTP,0,20110125,091608,5826,14
OTP,0,20110125,091608,5826,96
OTP,0,20110125,091608,5825,1005
OTP,0,20110125,091608,5825,1135
OTP,0,20110125,091608,5825,40
OTP,0,20110125,091608,5825,625
OTP,0,20110125,091608,5825,50
OTP,0,20110125,091608,5825,1825
OTP,0,20110125,091609,5825,175
OTP,0,20110125,091609,5825,200
OTP,0,20110125,091609,5825,200
OTP,0,20110125,091609,5825,200
OTP,0,20110125,091609,5825,200
BUX1112,0,20110125,091609,23852,2
BUX1112,0,20110125,091609,23851,2
BUX1112,0,20110125,091609,23851,1
RICHTER,0,20110125,091609,42740,22
RICHTER,0,20110125,091611,42750,5
OTP,0,20110125,091614,5823,250
OTP,0,20110125,091614,5825,600
RICHTER,0,20110125,091620,42790,2
OTP,0,20110125,091624,5823,750
OTP,0,20110125,091624,5823,100
OTP,0,20110125,091624,5821,911
OTP,0,20110125,091624,5821,50
OTP,0,20110125,091624,5821,3000
OTP,0,20110125,091624,5821,25
OTP,0,20110125,091624,5820,5164
OTP,0,20110125,091626,5822,74
OTP,0,20110125,091626,5825,20
OTP,0,20110125,091627,5822,350
BUX1112,0,20110125,091627,23851,5
BUX1112,0,20110125,091627,23850.5,1
BUX1112,0,20110125,091627,23850.5,2
BUX1112,0,20110125,091627,23850,10
BUX1112,0,20110125,091627,23850,20
BUX1112,0,20110125,091627,23850,10
BUX1112,0,20110125,091627,23850,1
BUX1112,0,20110125,091627,23850,5
OTP,0,20110125,091627,5825,100
OTP,0,20110125,091628,5822,1576
BUX1112,0,20110125,091629,23850,5
BUX1112,0,20110125,091629,23845,2
BUX1112,0,20110125,091629,23840.5,3
OTP,0,20110125,091630,5820,100
OTP,0,20110125,091631,5820,2448
OTP,0,20110125,091631,5820,52
OTP,0,20110125,091631,5820,13
OTP,0,20110125,091631,5820,100
OTP,0,20110125,091631,5820,150
OTP,0,20110125,091631,5820,200
OTP,0,20110125,091631,5820,1500
OTP,0,20110125,091631,5820,12
OTP,0,20110125,091631,5820,70
OTP,0,20110125,091631,5820,455
BUX1112,0,20110125,091631,23838,1
OTP,0,20110125,091631,5820,30
OTP,0,20110125,091631,5820,100
RICHTER,0,20110125,091637,42790,20
RICHTER,0,20110125,091637,42795,200
RICHTER,0,20110125,091637,42795,50
RICHTER,0,20110125,091637,42800,15
RICHTER,0,20110125,091637,42800,10
RICHTER,0,20110125,091637,42800,105
RICHTER,0,20110125,091637,42750,22
OTP,0,20110125,091638,5816,50
RICHTER,0,20110125,091638,42790,33
RICHTER,0,20110125,091638,42800,13
BUX1112,0,20110125,091643,23850,17
BUX1112,0,20110125,091644,23850,20
BUX1112,0,20110125,091645,23850,13
OTP,0,20110125,091646,5816,74
RICHTER,0,20110125,091647,42845,6
BUX1112,0,20110125,091649,23835,1
RICHTER,0,20110125,091657,42850,2
RICHTER,0,20110125,091657,42850,4
RICHTER,0,20110125,091657,42895,20
RICHTER,0,20110125,091657,42900,70
OTP,0,20110125,091658,5817,50
OTP,0,20110125,091658,5816,250
RICHTER,0,20110125,091700,42900,30
RICHTER,0,20110125,091700,42900,2
RICHTER,0,20110125,091700,42900,3
RICHTER,0,20110125,091700,42900,20
RICHTER,0,20110125,091700,42900,6
PHYLAXIA,0,20110125,091700,44,2000
BUX1112,0,20110125,091703,23835,3
BUX1112,0,20110125,091703,23831,5
BUX1112,0,20110125,091703,23829,3
BUX1112,0,20110125,091703,23822,4
OTP,0,20110125,091705,5816,1500
ECONET,0,20110125,091705,90,3240
ECONET,0,20110125,091705,90,1000
ECONET,0,20110125,091705,90,160
OTP,0,20110125,091706,5816,178
OTP,0,20110125,091709,5819,45
OTP,0,20110125,091709,5820,455
FHB,0,20110125,091715,976,747
FHB,0,20110125,091715,976,253
PANNERGY,0,20110125,091717,918,860
PANNERGY,0,20110125,091717,918,5
OTP,0,20110125,091718,5817,65
OTP,0,20110125,091718,5816,47
OTP,0,20110125,091720,5816,20
OTP,0,20110125,091722,5816,600
RICHTER,0,20110125,091722,42900,25
RICHTER,0,20110125,091722,42900,10
OTP,0,20110125,091726,5816,281
OTP,0,20110125,091726,5816,500
OTP,0,20110125,091730,5815,119
OTP,0,20110125,091730,5815,50
OTP,0,20110125,091730,5815,20
OTP,0,20110125,091732,5816,460
RICHTER,0,20110125,091733,42900,50
RICHTER,0,20110125,091733,42900,10
RICHTER,0,20110125,091733,42910,20
RICHTER,0,20110125,091733,42920,58
RICHTER,0,20110125,091733,42960,50
RICHTER,0,20110125,091733,42970,12
OTP,0,20110125,091735,5816,100
BUX1112,0,20110125,091739,23844,1
OTP,0,20110125,091740,5816,200
MOL,0,20110125,091741,22450,97
MOL,0,20110125,091741,22450,100
OTP,0,20110125,091745,5816,23
OTP,0,20110125,091745,5815,27
OTP,0,20110125,091745,5815,784
OTP,0,20110125,091745,5815,100
RICHTER,0,20110125,091746,42970,14
RICHTER,0,20110125,091746,42980,1
RICHTER,0,20110125,091746,42985,20
OTP,0,20110125,091748,5814,13
OTP,0,20110125,091748,5812,25
OTP,0,20110125,091748,5812,140
OTP,0,20110125,091748,5811,1000
OTP,0,20110125,091748,5811,25
OTP,0,20110125,091748,5811,15
OTP,0,20110125,091748,5811,20
OTP,0,20110125,091748,5811,850
OTP,0,20110125,091748,5810,412
OTP,0,20110125,091748,5810,99
OTP,0,20110125,091748,5810,30
OTP,0,20110125,091749,5810,920
OTP,0,20110125,091749,5810,370
OTP,0,20110125,091749,5810,30
OTP,0,20110125,091749,5810,30
OTP,0,20110125,091749,5810,200
OTP,0,20110125,091749,5810,126
OTP,0,20110125,091749,5810,200
OTP,0,20110125,091749,5810,50
OTP,0,20110125,091753,5806,30
RICHTER,0,20110125,091800,42900,20
OTP,0,20110125,091800,5815,100
OTP,0,20110125,091802,5815,270
FHB,0,20110125,091803,976,100
OTP,0,20110125,091803,5810,150
OTP,0,20110125,091804,5810,50
OTP,0,20110125,091809,5806,30
OTP,0,20110125,091812,5806,40
OTP,0,20110125,091812,5805,10
MTELEKOM,0,20110125,091813,562,848
OTP,0,20110125,091816,5805,190
OTP,0,20110125,091816,5805,39
MTELEKOM,0,20110125,091819,562,300
OTP,0,20110125,091820,5808,45
OTP,0,20110125,091820,5810,95
OTP,0,20110125,091822,5809,15
OTP,0,20110125,091823,5809,85
OTP,0,20110125,091823,5805,461
OTP,0,20110125,091823,5805,200
OTP,0,20110125,091823,5805,30
OTP,0,20110125,091823,5805,200
OTP,0,20110125,091823,5805,300
OTP,0,20110125,091823,5802,55
OTP,0,20110125,091823,5802,1169
OTP,0,20110125,091823,5802,66
OTP,0,20110125,091824,5802,1765
OTP,0,20110125,091824,5801,50
OTP,0,20110125,091824,5801,30
OTP,0,20110125,091824,5801,655
OTP,0,20110125,091824,5801,80
OTP,0,20110125,091825,5805,1
OTP,0,20110125,091825,5801,765
OTP,0,20110125,091825,5800,5
OTP,0,20110125,091825,5800,211
OTP,0,20110125,091825,5800,500
OTP,0,20110125,091825,5800,31
OTP,0,20110125,091825,5800,987
OTP,0,20110125,091825,5800,13
OTP,0,20110125,091825,5800,137
OTP,0,20110125,091826,5800,363
OTP,0,20110125,091826,5800,64
OTP,0,20110125,091826,5800,1000
OTP,0,20110125,091826,5800,1073
OTP,0,20110125,091828,5805,20
OTP,0,20110125,091828,5800,1427
OTP,0,20110125,091828,5800,300
OTP,0,20110125,091828,5800,30
OTP,0,20110125,091828,5800,80
OTP,0,20110125,091828,5800,50
OTP,0,20110125,091828,5800,12
OTP,0,20110125,091828,5800,25
MTELEKOM,0,20110125,091829,562,1300
OTP,0,20110125,091829,5799,30
OTP,0,20110125,091830,5799,470
OTP,0,20110125,091830,5795,530
OTP,0,20110125,091830,5795,300
OTP,0,20110125,091830,5795,100
OTP,0,20110125,091833,5800,500
OTP,0,20110125,091835,5795,20
FHB,0,20110125,091837,976,90
OTP,0,20110125,091839,5800,25
OTP,0,20110125,091840,5800,31
OTP,0,20110125,091840,5800,269
BUX1112,0,20110125,091843,23836,2
BUX1112,0,20110125,091843,23835,2
BUX1112,0,20110125,091843,23823,2
BUX1112,0,20110125,091843,23822,1
BUX1112,0,20110125,091843,23822,6
BUX1112,0,20110125,091843,23821,20
BUX1112,0,20110125,091843,23820.5,1
BUX1112,0,20110125,091843,23820,1
BUX1112,0,20110125,091843,23820,2
BUX1112,0,20110125,091843,23820,6
OTP,0,20110125,091843,5800,25
OTP,0,20110125,091845,5796,100
OTP,0,20110125,091846,5800,120
OTP,0,20110125,091852,5799,30
OTP,0,20110125,091852,5800,20
OTP,0,20110125,091853,5796,900
FHB,0,20110125,091900,977,100
OTP,0,20110125,091901,5795,65
OTP,0,20110125,091906,5796,100
KEG,0,20110125,091907,129,100
BUX1112,0,20110125,091910,23820,24
BUX1112,0,20110125,091910,23815,1
BUX1112,0,20110125,091910,23803,5
BUX1112,0,20110125,091910,23802,1
BUX1112,0,20110125,091910,23801.5,1
BUX1112,0,20110125,091910,23801,18
OTP,0,20110125,091919,5800,310
OTP,0,20110125,091921,5800,25
OTP,0,20110125,091923,5799,11
MTELEKOM,0,20110125,091928,562,182
OTP,0,20110125,091929,5799,289
OTP,0,20110125,091933,5797,30
OTP,0,20110125,091933,5795,335
OTP,0,20110125,091933,5795,94
OTP,0,20110125,091933,5795,500
OTP,0,20110125,091933,5793,41
OTP,0,20110125,091933,5799,1711
OTP,0,20110125,091933,5799,289
CSEPEL,0,20110125,091934,410,300
CSEPEL,0,20110125,091934,410,250
RICHTER,0,20110125,091935,42900,30
RICHTER,0,20110125,091935,42900,70
OTP,0,20110125,091936,5795,125
OTP,0,20110125,091936,5793,509
OTP,0,20110125,091936,5792,100
OTP,0,20110125,091936,5792,30
OTP,0,20110125,091936,5792,8
OTP,0,20110125,091936,5791,2100
OTP,0,20110125,091936,5790,100
OTP,0,20110125,091936,5790,1000
OTP,0,20110125,091936,5790,25
OTP,0,20110125,091936,5790,50
OTP,0,20110125,091936,5788,1000
OTP,0,20110125,091936,5787,265
OTP,0,20110125,091936,5787,125
OTP,0,20110125,091936,5786,175
OTP,0,20110125,091937,5799,5
RICHTER,0,20110125,091942,42900,43
OTP,0,20110125,091942,5795,2000
OTP,0,20110125,091942,5799,175
OTP,0,20110125,091942,5799,2000
OTP,0,20110125,091942,5800,231
OTP,0,20110125,091942,5800,5000
OTP,0,20110125,091942,5800,594
RICHTER,0,20110125,091942,42815,20
RICHTER,0,20110125,091943,42900,95
OTP,0,20110125,091945,5795,13
KEG,0,20110125,091946,129,645
KEG,0,20110125,091946,129,255
RICHTER,0,20110125,091946,42900,87
OTP,0,20110125,091947,5795,50
OTP,0,20110125,092000,5795,86
RICHTER,0,20110125,092003,42900,100
OTP,0,20110125,092003,5795,100
RICHTER,0,20110125,092006,42900,79
OTP,0,20110125,092009,5795,180
OTP,0,20110125,092013,5795,44
KEG,0,20110125,092014,129,1000
PANNERGY,0,20110125,092017,918,250
CSEPEL,0,20110125,092024,402,91
CSEPEL,0,20110125,092024,400,271
CSEPEL,0,20110125,092024,400,138
OTP,0,20110125,092025,5795,50
OTP,0,20110125,092029,5795,25
RICHTER,0,20110125,092034,42810,20
OTP,0,20110125,092034,5792,30
BUX1112,0,20110125,092039,23810,1
BUX1112,0,20110125,092039,23806,5
BUX1112,0,20110125,092039,23805,2
BUX1112,0,20110125,092039,23804,1
BUX1112,0,20110125,092039,23804,1
BUX1112,0,20110125,092039,23803,5
BUX1112,0,20110125,092039,23803,2
BUX1112,0,20110125,092039,23802,15
BUX1112,0,20110125,092039,23801,18
RFV,0,20110125,092047,8850,5
OTP,0,20110125,092047,5790,100
OTP,0,20110125,092047,5790,200
OTP,0,20110125,092047,5787,250
OTP,0,20110125,092047,5787,25
OTP,0,20110125,092047,5787,100
OTP,0,20110125,092047,5787,25
OTP,0,20110125,092047,5786,325
OTP,0,20110125,092047,5786,250
OTP,0,20110125,092047,5786,15
CSEPEL,0,20110125,092052,400,129
KEG,0,20110125,092052,129,1000
BUX1112,0,20110125,092057,23804,5
BUX1112,0,20110125,092057,23803,5
KEG,0,20110125,092102,129,100
FOTEX,0,20110125,092103,386,200
BUX1112,0,20110125,092104,23802,5
BUX1112,0,20110125,092104,23801,4
BUX1112,0,20110125,092104,23801,1
OTP,0,20110125,092108,5792,20
OTP,0,20110125,092112,5792,60
OTP,0,20110125,092112,5791,10
OTP,0,20110125,092116,5786,50
PANNERGY,0,20110125,092117,918,45
OTP,0,20110125,092122,5786,25
OTP,0,20110125,092136,5786,300
OTP,0,20110125,092138,5793,20
KEG,0,20110125,092146,129,590
RICHTER,0,20110125,092146,42810,3
MTELEKOM,0,20110125,092147,561,295
MTELEKOM,0,20110125,092147,561,533
MTELEKOM,0,20110125,092147,561,3000
MTELEKOM,0,20110125,092147,561,1000
MTELEKOM,0,20110125,092147,561,9
MTELEKOM,0,20110125,092147,561,100
MTELEKOM,0,20110125,092147,561,5063
MTELEKOM,0,20110125,092147,562,1600
OTP,0,20110125,092151,5787,1290
OTP,0,20110125,092151,5787,50
MTELEKOM,0,20110125,092151,562,400
OTP,0,20110125,092152,5790,10
OTP,0,20110125,092152,5793,20
OTP,0,20110125,092152,5793,100
OTP,0,20110125,092152,5794,200
OTP,0,20110125,092152,5794,64
OTP,0,20110125,092152,5795,452
OTP,0,20110125,092152,5795,154
OTP,0,20110125,092153,5795,93
OTP,0,20110125,092155,5795,400
MTELEKOM,0,20110125,092159,561,1000
MTELEKOM,0,20110125,092200,561,2737
MTELEKOM,0,20110125,092200,561,500
MTELEKOM,0,20110125,092200,561,1000
MTELEKOM,0,20110125,092200,561,1000
BUX1112,0,20110125,092200,23802,5
BUX1112,0,20110125,092200,23801,1
BUX1112,0,20110125,092200,23801,1
GSPARK,0,20110125,092204,766,150
GSPARK,0,20110125,092204,765,50
OTP,0,20110125,092206,5790,30
MTELEKOM,0,20110125,092209,561,1053
OTP,0,20110125,092210,5795,1030
OTP,0,20110125,092211,5795,323
OTP,0,20110125,092211,5795,30
OTP,0,20110125,092212,5795,195
RICHTER,0,20110125,092212,42810,5
OTP,0,20110125,092215,5795,80
OTP,0,20110125,092221,5795,695
OTP,0,20110125,092221,5795,1000
OTP,0,20110125,092228,5795,1805
OTP,0,20110125,092228,5795,10
OTP,0,20110125,092228,5795,200
BUX1112,0,20110125,092229,23830,1
OTP,0,20110125,092229,5794,80
RICHTER,0,20110125,092234,42810,3
FHB,0,20110125,092236,977,20
FHB,0,20110125,092236,977,239
OTP,0,20110125,092236,5795,25
OTP,0,20110125,092236,5795,180
OTP,0,20110125,092238,5795,719
MTELEKOM,0,20110125,092239,561,947
OTP,0,20110125,092240,5794,20
OTP,0,20110125,092240,5791,10
RICHTER,0,20110125,092245,42810,5
OTP,0,20110125,092245,5794,10
OTP,0,20110125,092245,5794,100
MOL,0,20110125,092245,22445,24
OTP,0,20110125,092246,5794,50
KEG,0,20110125,092248,129,18
KEG,0,20110125,092248,130,2
OTP,0,20110125,092249,5794,100
OTP,0,20110125,092250,5794,51
OTP,0,20110125,092251,5791,90
OTP,0,20110125,092251,5791,155
OTP,0,20110125,092251,5791,30
OTP,0,20110125,092251,5790,1576
OTP,0,20110125,092251,5790,150
OTP,0,20110125,092251,5790,150
OTP,0,20110125,092251,5790,1970
OTP,0,20110125,092253,5790,30
OTP,0,20110125,092254,5790,732
OTP,0,20110125,092256,5790,300
OTP,0,20110125,092256,5790,50
OTP,0,20110125,092257,5790,62
OTP,0,20110125,092258,5790,1326
MTELEKOM,0,20110125,092300,560,10
MTELEKOM,0,20110125,092300,560,3550
MTELEKOM,0,20110125,092300,560,50
MTELEKOM,0,20110125,092300,560,260
MTELEKOM,0,20110125,092300,560,100
MTELEKOM,0,20110125,092300,560,2500
MTELEKOM,0,20110125,092300,560,540
MTELEKOM,0,20110125,092300,560,928
MTELEKOM,0,20110125,092300,560,1984
MTELEKOM,0,20110125,092300,560,500
PANNERGY,0,20110125,092300,918,55
OTP,0,20110125,092301,5794,1689
OTP,0,20110125,092301,5795,1576
OTP,0,20110125,092301,5795,100
OTP,0,20110125,092301,5795,100
OTP,0,20110125,092301,5797,2200
OTP,0,20110125,092301,5798,500
OTP,0,20110125,092301,5798,500
OTP,0,20110125,092301,5798,5000
OTP,0,20110125,092301,5799,30
OTP,0,20110125,092301,5799,2000
OTP,0,20110125,092301,5799,2000
OTP,0,20110125,092301,5800,4406
OTP,0,20110125,092301,5800,1000
OTP,0,20110125,092301,5800,100
OTP,0,20110125,092301,5800,3000
OTP,0,20110125,092301,5800,799
OTP,0,20110125,092303,5794,30
FOTEX,0,20110125,092303,386,800
FOTEX,0,20110125,092303,385,1200
OTP,0,20110125,092307,5800,1701
OTP,0,20110125,092307,5800,799
OTP,0,20110125,092307,5800,1701
OTP,0,20110125,092307,5800,799
OTP,0,20110125,092308,5800,1701
OTP,0,20110125,092308,5800,500
OTP,0,20110125,092308,5800,100
OTP,0,20110125,092308,5800,199
OTP,0,20110125,092308,5800,4801
BUX1112,0,20110125,092309,23810,1
OTP,0,20110125,092321,5807,95
OTP,0,20110125,092321,5807,1155
BUX1112,0,20110125,092331,23835,2
OTP,0,20110125,092344,5806,10
OTP,0,20110125,092344,5807,10
ANY,0,20110125,092347,740,100
OTP,0,20110125,092349,5805,200
BUX1112,0,20110125,092357,23820,3
BUX1112,0,20110125,092357,23810,2
BUX1112,0,20110125,092357,23810,10
BUX1112,0,20110125,092357,23808,10
BUX1112,0,20110125,092357,23806,5
BUX1112,0,20110125,092357,23806,1
BUX1112,0,20110125,092357,23805,5
BUX1112,0,20110125,092357,23802.5,5
BUX1112,0,20110125,092357,23802,9
OTP,0,20110125,092359,5803,20
OTP,0,20110125,092359,5801,110
OTP,0,20110125,092359,5800,150
OTP,0,20110125,092359,5800,320
OTP,0,20110125,092400,5805,25
MOL,0,20110125,092401,22445,6
OTP,0,20110125,092405,5805,50
BUX1112,0,20110125,092407,23802.5,1
OTP,0,20110125,092412,5805,100
OTP,0,20110125,092412,5800,80
OTP,0,20110125,092412,5800,2000
OTP,0,20110125,092412,5800,1920
OTP,0,20110125,092418,5801,10
OTP,0,20110125,092418,5800,80
OTP,0,20110125,092419,5800,898
OTP,0,20110125,092419,5800,130
OTP,0,20110125,092420,5800,400
OTP,0,20110125,092421,5800,93
OTP,0,20110125,092426,5800,200
OTP,0,20110125,092439,5800,150
OTP,0,20110125,092439,5800,100
OTP,0,20110125,092440,5800,62
OTP,0,20110125,092442,5800,377
OTP,0,20110125,092442,5800,2855
OTP,0,20110125,092442,5805,410
OTP,0,20110125,092442,5805,200
OTP,0,20110125,092442,5805,390
OTP,0,20110125,092454,5800,75
OTP,0,20110125,092456,5799,2425
OTP,0,20110125,092501,5800,3250
MTELEKOM,0,20110125,092503,561,3553
MTELEKOM,0,20110125,092503,561,2447
ZWACK,0,20110125,092506,13935,8
OTP,0,20110125,092507,5805,40
MOL,0,20110125,092507,22410,10
MOL,0,20110125,092507,22405,25
MOL,0,20110125,092507,22405,15
MOL,0,20110125,092509,22405,135
MOL,0,20110125,092509,22400,62
MOL,0,20110125,092509,22400,50
MOL,0,20110125,092509,22400,283
MTELEKOM,0,20110125,092510,561,1245
OTP,0,20110125,092510,5805,9
OTP,0,20110125,092512,5805,100
OTP,0,20110125,092517,5800,6750
OTP,0,20110125,092517,5800,500
RFV,0,20110125,092517,8850,8
RFV,0,20110125,092517,8855,32
OTP,0,20110125,092519,5800,180
BUX1112,0,20110125,092519,23804,1
BUX1112,0,20110125,092519,23804,4
BUX1112,0,20110125,092519,23802,3
BUX1112,0,20110125,092519,23802,1
BUX1112,0,20110125,092519,23802,2
BUX1112,0,20110125,092519,23802,1
BUX1112,0,20110125,092519,23801,1
BUX1112,0,20110125,092519,23801,30
BUX1112,0,20110125,092519,23800,7
MOL,0,20110125,092523,22400,17
MOL,0,20110125,092523,22400,15
MOL,0,20110125,092523,22400,68
MOL,0,20110125,092524,22400,100
MOL,0,20110125,092526,22400,32
OTP,0,20110125,092528,5800,370
MOL,0,20110125,092534,22400,68
OTP,0,20110125,092534,5804,23
MOL,0,20110125,092535,22400,100
MOL,0,20110125,092536,22400,100
MTELEKOM,0,20110125,092542,560,3500
MTELEKOM,0,20110125,092545,560,9016
MTELEKOM,0,20110125,092545,560,200
MTELEKOM,0,20110125,092545,560,500
MTELEKOM,0,20110125,092545,560,2885
MTELEKOM,0,20110125,092545,560,3500
RICHTER,0,20110125,092547,42810,5
RICHTER,0,20110125,092547,42895,19
MTELEKOM,0,20110125,092552,560,615
MTELEKOM,0,20110125,092552,560,203
MTELEKOM,0,20110125,092552,560,20
MTELEKOM,0,20110125,092552,560,5000
MTELEKOM,0,20110125,092554,560,4162
MTELEKOM,0,20110125,092554,561,3038
OTP,0,20110125,092600,5804,27
OTP,0,20110125,092600,5805,1461
OTP,0,20110125,092600,5805,2000
OTP,0,20110125,092600,5805,25
OTP,0,20110125,092600,5807,1240
OTP,0,20110125,092600,5807,1000
OTP,0,20110125,092600,5808,34
OTP,0,20110125,092600,5808,2000
OTP,0,20110125,092600,5808,2200
OTP,0,20110125,092600,5809,13
OTP,0,20110125,092602,5804,39
OTP,0,20110125,092602,5802,17
OTP,0,20110125,092602,5800,2500
OTP,0,20110125,092602,5800,20
OTP,0,20110125,092602,5800,20
OTP,0,20110125,092602,5800,150
OTP,0,20110125,092602,5800,5000
MOL,0,20110125,092608,22400,32
MOL,0,20110125,092608,22400,68
OTP,0,20110125,092609,5800,50
OTP,0,20110125,092609,5800,2450
OTP,0,20110125,092609,5800,50
OTP,0,20110125,092610,5800,2919
MOL,0,20110125,092610,22400,100
MOL,0,20110125,092611,22440,4
MOL,0,20110125,092611,22400,82
OTP,0,20110125,092615,5800,31
OTP,0,20110125,092618,5800,1424
MOL,0,20110125,092618,22400,18
MOL,0,20110125,092619,22440,5
OTP,0,20110125,092621,5800,408
OTP,0,20110125,092628,5801,64
OTP,0,20110125,092628,5800,637
OTP,0,20110125,092628,5800,4299
OTP,0,20110125,092628,5809,47
OTP,0,20110125,092628,5809,1953
MTELEKOM,0,20110125,092629,560,250
OTP,0,20110125,092629,5800,50
MTELEKOM,0,20110125,092645,560,750
FHB,0,20110125,092647,977,350
OTP,0,20110125,092647,5801,100
OTP,0,20110125,092647,5801,150
OTP,0,20110125,092647,5800,5651
OTP,0,20110125,092647,5800,7
OTP,0,20110125,092647,5800,1092
OTP,0,20110125,092701,5800,254
MTELEKOM,0,20110125,092702,560,100
OTP,0,20110125,092706,5808,45
MTELEKOM,0,20110125,092716,561,300
OTP,0,20110125,092719,5801,200
OTP,0,20110125,092719,5800,700
BUX1112,0,20110125,092722,23810,3
BUX1112,0,20110125,092722,23802,9
OTP,0,20110125,092722,5808,45
OTP,0,20110125,092722,5808,768
ZWACK,0,20110125,092723,13910,10
BUX1112,0,20110125,092744,23830,5
BUX1112,0,20110125,092744,23830,5
MOL,0,20110125,092744,22400,182
MOL,0,20110125,092744,22400,300
OTP,0,20110125,092752,5801,20
OTP,0,20110125,092804,5803,100
OTP,0,20110125,092808,5803,100
OTP,0,20110125,092816,5807,700
OTP,0,20110125,092816,5807,1300
OTP,0,20110125,092817,5807,1700
OTP,0,20110125,092817,5808,800
OTP,0,20110125,092818,5808,686
OTP,0,20110125,092819,5808,246
OTP,0,20110125,092819,5808,1000
OTP,0,20110125,092820,5809,1047
OTP,0,20110125,092820,5809,266
OTP,0,20110125,092820,5810,1187
OTP,0,20110125,092822,5810,813
OTP,0,20110125,092823,5808,1246
OTP,0,20110125,092823,5807,2000
OTP,0,20110125,092824,5807,1754
EGIS,0,20110125,092827,20800,56
OTP,0,20110125,092829,5807,280
EGIS,0,20110125,092830,20800,29
FHB,0,20110125,092848,977,20
OTP,0,20110125,092850,5810,3
OTP,0,20110125,092851,5810,232
OTP,0,20110125,092851,5810,62
OTP,0,20110125,092855,5810,230
OTP,0,20110125,092857,5810,15
OTP,0,20110125,092857,5810,52
OTP,0,20110125,092902,5809,25
OTP,0,20110125,092902,5806,200
OTP,0,20110125,092902,5805,1000
OTP,0,20110125,092902,5805,350
OTP,0,20110125,092902,5803,1675
OTP,0,20110125,092904,5810,256
OTP,0,20110125,092904,5810,244
OTP,0,20110125,092905,5810,256
OTP,0,20110125,092906,5808,5000
MOL,0,20110125,092910,22400,300
OTP,0,20110125,092920,5810,400
OTP,0,20110125,092921,5810,100
OTP,0,20110125,092922,5805,75
MOL,0,20110125,092939,22400,230
RICHTER,0,20110125,092948,42800,40
OTP,0,20110125,092952,5813,91
OTP,0,20110125,092952,5813,80
OTP,0,20110125,092953,5813,1304
PANNERGY,0,20110125,093001,918,94
MOL,0,20110125,093009,22435,10
OTP,0,20110125,093020,5810,1500
OTP,0,20110125,093020,5810,370
OTP,0,20110125,093021,5810,265
OTP,0,20110125,093023,5810,7
OTP,0,20110125,093023,5810,65
OTP,0,20110125,093031,5809,30
OTP,0,20110125,093032,5805,5
OTP,0,20110125,093032,5805,1000
OTP,0,20110125,093032,5805,300
OTP,0,20110125,093032,5803,625
OTP,0,20110125,093032,5803,400
OTP,0,20110125,093032,5802,170
OTP,0,20110125,093034,5802,830
OTP,0,20110125,093034,5801,125
OTP,0,20110125,093034,5801,500
OTP,0,20110125,093034,5801,250
OTP,0,20110125,093034,5801,795
OTP,0,20110125,093050,5808,20
OTP,0,20110125,093051,5808,80
OTP,0,20110125,093051,5808,145
OTP,0,20110125,093054,5803,5000
RICHTER,0,20110125,093057,42800,4
OTP,0,20110125,093059,5801,205
OTP,0,20110125,093059,5800,954
OTP,0,20110125,093059,5800,30
OTP,0,20110125,093059,5800,40
OTP,0,20110125,093059,5800,100
OTP,0,20110125,093059,5800,30
OTP,0,20110125,093059,5800,100
OTP,0,20110125,093059,5800,530
OTP,0,20110125,093059,5800,50
OTP,0,20110125,093059,5800,300
OTP,0,20110125,093059,5800,20
OTP,0,20110125,093059,5800,2000
OTP,0,20110125,093059,5800,100
OTP,0,20110125,093059,5800,40
OTP,0,20110125,093059,5800,1350
OTP,0,20110125,093059,5800,50
OTP,0,20110125,093059,5800,18
OTP,0,20110125,093059,5800,83
MTELEKOM,0,20110125,093101,561,1500
OTP,0,20110125,093106,5801,150
OTP,0,20110125,093106,5800,117
BUX1112,0,20110125,093106,23821,11
OTP,0,20110125,093107,5800,733
OTP,0,20110125,093108,5800,1923
OTP,0,20110125,093108,5800,500
OTP,0,20110125,093110,5800,88
BUX1112,0,20110125,093111,23820,3
BUX1112,0,20110125,093111,23812,5
BUX1112,0,20110125,093111,23811,15
BUX1112,0,20110125,093111,23810,20
BUX1112,0,20110125,093111,23801,5
OTP,0,20110125,093113,5800,2489
OTP,0,20110125,093113,5800,511
OTP,0,20110125,093114,5800,530
BUX1112,0,20110125,093115,23800.5,1
BUX1112,0,20110125,093115,23800,13
BUX1112,0,20110125,093115,23800,1
BUX1112,0,20110125,093115,23800,2
BUX1112,0,20110125,093115,23800,2
BUX1112,0,20110125,093115,23800,2
BUX1112,0,20110125,093115,23800,10
BUX1112,0,20110125,093118,23799,1
BUX1112,0,20110125,093118,23790,3
BUX1112,0,20110125,093118,23790,1
OTP,0,20110125,093122,5799,3000
OTP,0,20110125,093122,5800,959
OTP,0,20110125,093122,5800,1000
OTP,0,20110125,093122,5800,3000
OTP,0,20110125,093122,5800,50
OTP,0,20110125,093132,5800,400
OTP,0,20110125,093133,5800,1591
OTP,0,20110125,093133,5800,100
OTP,0,20110125,093133,5800,500
OTP,0,20110125,093134,5800,809
OTP,0,20110125,093135,5800,1061
BUX1112,0,20110125,093139,23789,2
RICHTER,0,20110125,093139,42800,3
OTP,0,20110125,093141,5799,1000
OTP,0,20110125,093141,5799,2000
OTP,0,20110125,093141,5799,1000
OTP,0,20110125,093141,5800,1030
OTP,0,20110125,093141,5800,2500
OTP,0,20110125,093141,5800,470
OTP,0,20110125,093142,5800,1000
OTP,0,20110125,093142,5799,706
OTP,0,20110125,093143,5796,400
MTELEKOM,0,20110125,093143,561,1000
OTP,0,20110125,093151,5795,122
OTP,0,20110125,093151,5795,88
OTP,0,20110125,093151,5795,15
OTP,0,20110125,093151,5795,100
OTP,0,20110125,093151,5795,1025
OTP,0,20110125,093155,5795,1975
OTP,0,20110125,093155,5795,25
OTP,0,20110125,093159,5795,2780
OTP,0,20110125,093201,5795,846
KEG,0,20110125,093204,128,500
KEG,0,20110125,093204,128,200
KEG,0,20110125,093204,128,220
KEG,0,20110125,093204,128,750
KEG,0,20110125,093204,128,2360
KEG,0,20110125,093204,128,640
KEG,0,20110125,093204,128,1000
KEG,0,20110125,093204,128,900
KEG,0,20110125,093204,128,900
KEG,0,20110125,093204,128,1469
KEG,0,20110125,093204,127,2000
KEG,0,20110125,093204,127,255
KEG,0,20110125,093204,127,900
KEG,0,20110125,093204,127,2000
KEG,0,20110125,093204,127,745
KEG,0,20110125,093204,127,600
KEG,0,20110125,093204,127,1052
KEG,0,20110125,093204,127,100
KEG,0,20110125,093204,127,1838
OTP,0,20110125,093208,5798,150
OTP,0,20110125,093208,5799,294
OTP,0,20110125,093208,5799,150
OTP,0,20110125,093208,5799,2000
OTP,0,20110125,093208,5800,1530
BUX1112,0,20110125,093209,23800,4
OTP,0,20110125,093213,5800,2500
BUX1112,0,20110125,093214,23800,11
KEG,0,20110125,093215,127,162
OTP,0,20110125,093216,5800,3376
OTP,0,20110125,093217,5800,1624
OTP,0,20110125,093217,5800,1330
OTP,0,20110125,093219,5800,1
OTP,0,20110125,093223,5800,500
OTP,0,20110125,093224,5800,88
OTP,0,20110125,093231,5794,22
OTP,0,20110125,093232,5798,80
OTP,0,20110125,093232,5800,581
OTP,0,20110125,093232,5800,30
OTP,0,20110125,093232,5800,309
OTP,0,20110125,093244,5794,110
OTP,0,20110125,093244,5794,90
BUX1112,0,20110125,093247,23800,1
BUX1112,0,20110125,093251,23800,1
BUX1112,0,20110125,093257,23800,2
BUX1112,0,20110125,093257,23829,10
BUX1112,0,20110125,093257,23830,2
CSEPEL,0,20110125,093258,400,200
OTP,0,20110125,093258,5799,85
OTP,0,20110125,093259,5799,101
OTP,0,20110125,093259,5799,130
OTP,0,20110125,093316,5799,60
OTP,0,20110125,093321,5795,10
OTP,0,20110125,093325,5795,40
EGIS,0,20110125,093332,20800,10
OTP,0,20110125,093337,5795,950
OTP,0,20110125,093337,5795,100
OTP,0,20110125,093337,5795,15
OTP,0,20110125,093337,5795,207
MTELEKOM,0,20110125,093340,561,2000
MTELEKOM,0,20110125,093342,560,377
OTP,0,20110125,093345,5795,20
EGIS,0,20110125,093346,20800,17
EGIS,0,20110125,093346,20800,2
EGIS,0,20110125,093348,20800,1
MTELEKOM,0,20110125,093351,560,543
OTP,0,20110125,093351,5794,110
OTP,0,20110125,093351,5794,50
OTP,0,20110125,093351,5794,217
OTP,0,20110125,093351,5793,50
OTP,0,20110125,093351,5792,50
OTP,0,20110125,093351,5792,100
OTP,0,20110125,093351,5792,33
OTP,0,20110125,093351,5792,30
OTP,0,20110125,093351,5792,128
OTP,0,20110125,093352,5793,10
MTELEKOM,0,20110125,093353,560,222
OTP,0,20110125,093404,5793,10
PANNERGY,0,20110125,093413,917,500
RICHTER,0,20110125,093428,42820,5
OTP,0,20110125,093433,5795,300
OTP,0,20110125,093433,5793,60
RICHTER,0,20110125,093433,42820,26
OTP,0,20110125,093434,5795,196
OTP,0,20110125,093437,5795,1412
OTP,0,20110125,093437,5795,500
RICHTER,0,20110125,093439,42820,25
OTP,0,20110125,093445,5795,88
OTP,0,20110125,093445,5795,10
OTP,0,20110125,093445,5795,167
GENESIS,0,20110125,093449,209,355
FHB,0,20110125,093457,977,60
OTP,0,20110125,093459,5795,233
OTP,0,20110125,093459,5795,100
OTP,0,20110125,093501,5799,810
OTP,0,20110125,093501,5799,520
OTP,0,20110125,093502,5800,200
OTP,0,20110125,093502,5800,3000
OTP,0,20110125,093502,5800,2500
OTP,0,20110125,093502,5800,250
OTP,0,20110125,093502,5800,24
OTP,0,20110125,093502,5800,100
OTP,0,20110125,093502,5800,56
OTP,0,20110125,093502,5800,100
OTP,0,20110125,093504,5799,400
OTP,0,20110125,093507,5800,2500
OTP,0,20110125,093507,5800,2500
OTP,0,20110125,093507,5800,2500
OTP,0,20110125,093507,5800,2500
OTP,0,20110125,093507,5793,18
OTP,0,20110125,093508,5793,2
OTP,0,20110125,093508,5793,48
MTELEKOM,0,20110125,093516,560,1008
MTELEKOM,0,20110125,093516,560,753
MTELEKOM,0,20110125,093516,560,1800
MTELEKOM,0,20110125,093516,560,9
OTP,0,20110125,093521,5795,467
MTELEKOM,0,20110125,093524,560,100
MTELEKOM,0,20110125,093525,560,873
MTELEKOM,0,20110125,093525,560,200
MTELEKOM,0,20110125,093525,560,1000
MTELEKOM,0,20110125,093525,560,2000
MTELEKOM,0,20110125,093525,560,927
MTELEKOM,0,20110125,093527,560,1021
MTELEKOM,0,20110125,093527,561,300
MTELEKOM,0,20110125,093527,560,52
MTELEKOM,0,20110125,093527,560,232
MTELEKOM,0,20110125,093531,559,1398
MTELEKOM,0,20110125,093534,559,23602
MTELEKOM,0,20110125,093534,559,20000
MTELEKOM,0,20110125,093534,559,130
MTELEKOM,0,20110125,093534,559,1000
MTELEKOM,0,20110125,093537,558,200
MTELEKOM,0,20110125,093537,558,106
MTELEKOM,0,20110125,093537,558,155
MTELEKOM,0,20110125,093537,558,100
MTELEKOM,0,20110125,093537,558,17138
MTELEKOM,0,20110125,093537,558,571
OTP,0,20110125,093538,5795,33
MTELEKOM,0,20110125,093540,558,1139
MTELEKOM,0,20110125,093540,558,1152
MTELEKOM,0,20110125,093540,558,1800
MTELEKOM,0,20110125,093540,558,400
MTELEKOM,0,20110125,093540,558,1000
MTELEKOM,0,20110125,093540,558,150
MTELEKOM,0,20110125,093540,558,500
MTELEKOM,0,20110125,093540,558,2461
OTP,0,20110125,093541,5794,40
OTP,0,20110125,093541,5793,49
OTP,0,20110125,093541,5793,46
BUX1112,0,20110125,093551,23805,1
BUX1112,0,20110125,093551,23802,10
BUX1112,0,20110125,093551,23801,10
BUX1112,0,20110125,093551,23801,5
BUX1112,0,20110125,093551,23801,20
BUX1112,0,20110125,093551,23800,4
BUX1112,0,20110125,093556,23800,2
OTP,0,20110125,093557,5796,74
OTP,0,20110125,093557,5795,581
BUX1112,0,20110125,093559,23800,44
BUX1112,0,20110125,093559,23800,6
OTP,0,20110125,093607,5800,100
OTP,0,20110125,093609,5800,30
MTELEKOM,0,20110125,093613,559,596
MTELEKOM,0,20110125,093615,558,2265
OTP,0,20110125,093616,5800,2870
OTP,0,20110125,093616,5800,130
OTP,0,20110125,093618,5800,900
OTP,0,20110125,093620,5800,970
OTP,0,20110125,093622,5800,11
OTP,0,20110125,093622,5800,30
OTP,0,20110125,093629,5800,100
RICHTER,0,20110125,093630,42805,2
BUX1112,0,20110125,093634,23830,14
OTP,0,20110125,093635,5800,1859
OTP,0,20110125,093635,5800,141
OTP,0,20110125,093640,5800,59
SYNERGON,0,20110125,093646,524,5
OTP,0,20110125,093651,5800,941
OTP,0,20110125,093651,5800,1000
OTP,0,20110125,093651,5800,59
EGIS,0,20110125,093657,20660,4
MOL,0,20110125,093706,22405,6
OTP,0,20110125,093706,5796,50
FHB,0,20110125,093707,978,110
OTP,0,20110125,093707,5796,107
OTP,0,20110125,093707,5796,173
OTP,0,20110125,093707,5795,2419
OTP,0,20110125,093707,5795,1101
MTELEKOM,0,20110125,093708,559,250
OTP,0,20110125,093709,5800,141
OTP,0,20110125,093711,5800,400
MTELEKOM,0,20110125,093713,558,150
MTELEKOM,0,20110125,093733,559,100
MTELEKOM,0,20110125,093739,559,100
MTELEKOM,0,20110125,093739,559,600
OTP,0,20110125,093745,5800,108
BUX1112,0,20110125,093800,23810,2
FOTEX,0,20110125,093806,389,733
FOTEX,0,20110125,093807,389,267
FOTEX,0,20110125,093807,389,200
FOTEX,0,20110125,093807,390,83
FOTEX,0,20110125,093807,390,622
FOTEX,0,20110125,093807,390,300
FOTEX,0,20110125,093807,390,528
OTP,0,20110125,093831,5801,20
OTP,0,20110125,093833,5800,651
OTP,0,20110125,093833,5800,60
OTP,0,20110125,093833,5800,200
BUX1112,0,20110125,093837,23810,2
OTP,0,20110125,093841,5800,1000
OTP,0,20110125,093847,5796,5
OTP,0,20110125,093847,5795,395
OTP,0,20110125,093848,5800,85
OTP,0,20110125,093855,5795,460
DANUBIUS,0,20110125,093857,4200,50
BUX1112,0,20110125,093857,23810,1
MOL,0,20110125,093859,22405,25
RICHTER,0,20110125,093907,42820,1
CSEPEL,0,20110125,093908,401,233
CSEPEL,0,20110125,093908,401,200
CSEPEL,0,20110125,093908,400,175
CSEPEL,0,20110125,093908,400,200
CSEPEL,0,20110125,093908,400,250
OTP,0,20110125,093912,5795,44
OTP,0,20110125,093912,5795,25
OTP,0,20110125,093912,5795,11
BUX1112,0,20110125,093924,23810,2
BUX1112,0,20110125,093924,23805,3
BUX1112,0,20110125,093924,23801,2
BUX1112,0,20110125,093924,23800,3
OTP,0,20110125,093928,5795,100
OTP,0,20110125,093930,5799,150
BUX1112,0,20110125,093930,23829,4
BUX1112,0,20110125,093931,23801,11
BUX1112,0,20110125,093931,23800,39
RICHTER,0,20110125,093932,42850,3
CSEPEL,0,20110125,093937,400,100
OTP,0,20110125,093947,5799,100
OTP,0,20110125,093947,5799,250
OTP,0,20110125,093948,5799,50
CSEPEL,0,20110125,093949,400,342
OTP,0,20110125,093951,5799,20
FHB,0,20110125,093951,977,311
RICHTER,0,20110125,093952,42880,18
BUX1112,0,20110125,094007,23801,1
BUX1112,0,20110125,094007,23800,49
OTP,0,20110125,094010,5799,1000
RICHTER,0,20110125,094012,42880,8
RICHTER,0,20110125,094015,42810,5
RICHTER,0,20110125,094015,42805,4
RICHTER,0,20110125,094015,42805,6
RICHTER,0,20110125,094015,42800,35
RICHTER,0,20110125,094021,42875,500
RICHTER,0,20110125,094025,42880,17
RICHTER,0,20110125,094025,42885,10
RICHTER,0,20110125,094025,42885,50
RICHTER,0,20110125,094025,42885,8
OTP,0,20110125,094027,5798,50
OTP,0,20110125,094027,5795,23
OTP,0,20110125,094027,5794,250
OTP,0,20110125,094027,5794,500
OTP,0,20110125,094027,5794,170
OTP,0,20110125,094027,5794,7
OTP,0,20110125,094027,5794,20
BUX1112,0,20110125,094031,23800,103
BUX1112,0,20110125,094031,23800,10
OTP,0,20110125,094033,5799,30
RICHTER,0,20110125,094035,42885,2
RICHTER,0,20110125,094035,42890,55
RICHTER,0,20110125,094035,42890,1
RICHTER,0,20110125,094035,42890,4
RICHTER,0,20110125,094039,42895,1
RICHTER,0,20110125,094039,42895,20
RICHTER,0,20110125,094039,42900,68
OTP,0,20110125,094040,5794,200
RICHTER,0,20110125,094042,42900,20
RICHTER,0,20110125,094042,42900,10
RFV,0,20110125,094042,8820,6
OTP,0,20110125,094046,5799,11
RICHTER,0,20110125,094102,42900,3
RICHTER,0,20110125,094106,42940,3
RICHTER,0,20110125,094106,42945,10
RICHTER,0,20110125,094106,42945,15
RICHTER,0,20110125,094106,42950,300
RICHTER,0,20110125,094106,42950,3
OTP,0,20110125,094106,5795,10
OTP,0,20110125,094107,5795,990
OTP,0,20110125,094108,5794,88
OTP,0,20110125,094108,5794,82
RICHTER,0,20110125,094114,42950,25
RICHTER,0,20110125,094117,42960,30
RICHTER,0,20110125,094118,42965,23
RICHTER,0,20110125,094118,42975,8
RICHTER,0,20110125,094118,42975,7
RICHTER,0,20110125,094118,42980,100
RICHTER,0,20110125,094118,42990,7
RICHTER,0,20110125,094118,42990,10
RICHTER,0,20110125,094118,42990,10
RICHTER,0,20110125,094118,42990,2
RICHTER,0,20110125,094118,42995,20
RICHTER,0,20110125,094118,43000,45
RICHTER,0,20110125,094118,43000,3
RICHTER,0,20110125,094118,43000,37
RICHTER,0,20110125,094118,43000,7
RICHTER,0,20110125,094118,43000,5
RICHTER,0,20110125,094118,43000,11
RICHTER,0,20110125,094118,43000,25
RICHTER,0,20110125,094118,43000,4
RICHTER,0,20110125,094118,43000,15
RICHTER,0,20110125,094118,43000,14
RICHTER,0,20110125,094118,43000,14
RICHTER,0,20110125,094118,43000,48
RICHTER,0,20110125,094118,43000,50
RICHTER,0,20110125,094118,43000,5
RICHTER,0,20110125,094118,43000,30
OTP,0,20110125,094118,5794,918
OTP,0,20110125,094120,5794,82
RICHTER,0,20110125,094120,43000,13
RICHTER,0,20110125,094120,43000,76
RICHTER,0,20110125,094124,43000,74
MTELEKOM,0,20110125,094125,559,100
OTP,0,20110125,094125,5793,200
RICHTER,0,20110125,094129,43000,50
RICHTER,0,20110125,094130,43050,40
OTP,0,20110125,094132,5795,400
OTP,0,20110125,094133,5795,1400
RICHTER,0,20110125,094133,43055,10
RICHTER,0,20110125,094133,43060,4
RICHTER,0,20110125,094133,43100,2
RICHTER,0,20110125,094133,43100,50
RICHTER,0,20110125,094133,43100,1
RICHTER,0,20110125,094136,43090,113
OTP,0,20110125,094140,5794,100
OTP,0,20110125,094140,5793,900
RICHTER,0,20110125,094143,43000,76
RICHTER,0,20110125,094143,43000,44
RICHTER,0,20110125,094143,43000,5
OTP,0,20110125,094147,5793,250
OTP,0,20110125,094147,5793,750
BUX1112,0,20110125,094148,23814,4
RICHTER,0,20110125,094153,42900,67
RICHTER,0,20110125,094155,42880,143
OTP,0,20110125,094200,5795,1000
OTP,0,20110125,094201,5795,200
OTP,0,20110125,094205,5797,1000
MTELEKOM,0,20110125,094209,559,3522
MTELEKOM,0,20110125,094209,559,305
MTELEKOM,0,20110125,094209,559,782
MTELEKOM,0,20110125,094209,559,1116
MTELEKOM,0,20110125,094209,559,10
MTELEKOM,0,20110125,094209,559,10000
OTP,0,20110125,094213,5798,1000
OTP,0,20110125,094231,5793,1500
OTP,0,20110125,094231,5793,500
OTP,0,20110125,094231,5792,872
OTP,0,20110125,094231,5792,1000
OTP,0,20110125,094231,5792,100
OTP,0,20110125,094231,5792,30
OTP,0,20110125,094231,5792,50
OTP,0,20110125,094231,5792,100
OTP,0,20110125,094231,5792,1601
OTP,0,20110125,094231,5791,40
OTP,0,20110125,094231,5791,4707
BUX1112,0,20110125,094234,23814,1
OTP,0,20110125,094239,5791,293
OTP,0,20110125,094239,5791,200
OTP,0,20110125,094239,5791,507
OTP,0,20110125,094249,5791,1493
RICHTER,0,20110125,094253,42985,30
RICHTER,0,20110125,094253,42990,470
RICHTER,0,20110125,094258,42990,30
MOL,0,20110125,094259,22405,169
MOL,0,20110125,094259,22405,147
MOL,0,20110125,094259,22400,270
MOL,0,20110125,094259,22400,5
MOL,0,20110125,094259,22400,30
MOL,0,20110125,094303,22400,7
MTELEKOM,0,20110125,094304,559,10000
MOL,0,20110125,094312,22400,200
OTP,0,20110125,094314,5791,200
OTP,0,20110125,094315,5791,300
OTP,0,20110125,094315,5790,1174
OTP,0,20110125,094315,5790,350
OTP,0,20110125,094315,5790,20
OTP,0,20110125,094315,5790,20
OTP,0,20110125,094315,5790,50
OTP,0,20110125,094315,5790,400
OTP,0,20110125,094315,5790,40
OTP,0,20110125,094315,5790,100
OTP,0,20110125,094315,5790,100
OTP,0,20110125,094315,5790,10
OTP,0,20110125,094315,5790,50
OTP,0,20110125,094315,5790,2000
OTP,0,20110125,094315,5790,308
OTP,0,20110125,094316,5790,200
RICHTER,0,20110125,094319,42990,2
RICHTER,0,20110125,094319,42990,500
OTP,0,20110125,094320,5789,11
OTP,0,20110125,094320,5789,90
RICHTER,0,20110125,094321,42995,5
OTP,0,20110125,094322,5797,140
OTP,0,20110125,094322,5798,10
OTP,0,20110125,094323,5797,500
OTP,0,20110125,094324,5797,90
OTP,0,20110125,094325,5795,400
BUX1112,0,20110125,094327,23815,4
RICHTER,0,20110125,094337,42980,50
RICHTER,0,20110125,094337,42995,95
RICHTER,0,20110125,094337,43000,11
RICHTER,0,20110125,094344,43000,92
OTP,0,20110125,094347,5791,40
OTP,0,20110125,094349,5791,13
OTP,0,20110125,094353,5791,297
OTP,0,20110125,094354,5790,2203
MTELEKOM,0,20110125,094406,560,353
MOL,0,20110125,094408,22395,100
MOL,0,20110125,094408,22375,3
MOL,0,20110125,094408,22375,5
OTP,0,20110125,094414,5790,140
OTP,0,20110125,094414,5790,1000
MOL,0,20110125,094414,22395,136
OTP,0,20110125,094424,5790,3250
OTP,0,20110125,094428,5790,100
OTP,0,20110125,094428,5790,17
OTP,0,20110125,094429,5790,911
OTP,0,20110125,094436,5790,89
OTP,0,20110125,094437,5790,1611
OTP,0,20110125,094438,5794,22
OTP,0,20110125,094443,5792,55
RICHTER,0,20110125,094452,42980,15
RICHTER,0,20110125,094452,42995,43
RICHTER,0,20110125,094452,43000,72
RICHTER,0,20110125,094452,43000,7
RICHTER,0,20110125,094452,43000,449
BUX1112,0,20110125,094453,23800.5,10
BUX1112,0,20110125,094453,23800,8
KEG,0,20110125,094455,129,20
RICHTER,0,20110125,094458,43000,51
RICHTER,0,20110125,094458,43000,20
BUX1112,0,20110125,094507,23800,25
MOL,0,20110125,094510,22400,472
MOL,0,20110125,094510,22400,28
OTP,0,20110125,094512,5792,30
RICHTER,0,20110125,094513,43000,189
MOL,0,20110125,094518,22370,50
MOL,0,20110125,094518,22365,55
MOL,0,20110125,094518,22360,50
MOL,0,20110125,094518,22360,195
MOL,0,20110125,094518,22355,10
MOL,0,20110125,094518,22355,140
PANNERGY,0,20110125,094522,917,200
BUX1112,0,20110125,094522,23800,1
OTP,0,20110125,094529,5791,50
RICHTER,0,20110125,094534,43000,300
OTP,0,20110125,094537,5791,50
OTP,0,20110125,094537,5791,150
ZWACK,0,20110125,094550,13910,50
OTP,0,20110125,094554,5791,100
OTP,0,20110125,094558,5791,1400
OTP,0,20110125,094558,5791,600
ECONET,0,20110125,094559,89,1000
OTP,0,20110125,094607,5791,900
OTP,0,20110125,094607,5790,100
OTP,0,20110125,094607,5792,15
OTP,0,20110125,094607,5792,65
OTP,0,20110125,094616,5790,20
OTP,0,20110125,094625,5790,86
OTP,0,20110125,094625,5790,114
RICHTER,0,20110125,094628,43000,11
RICHTER,0,20110125,094628,43000,39
RICHTER,0,20110125,094637,42990,25
BUX1112,0,20110125,094657,23800,6
BUX1112,0,20110125,094657,23800,1
BUX1112,0,20110125,094657,23800,3
OTP,0,20110125,094714,5791,7
OTP,0,20110125,094714,5791,64
OTP,0,20110125,094714,5792,329
BUX1112,0,20110125,094722,23800,1
BUX1112,0,20110125,094742,23800,1
MOL,0,20110125,094743,22400,15
RFV,0,20110125,094746,8820,14
OTP,0,20110125,094746,5792,1
RICHTER,0,20110125,094748,42905,1
MOL,0,20110125,094751,22400,17
MOL,0,20110125,094751,22400,483
OTP,0,20110125,094751,5792,895
OTP,0,20110125,094756,5793,1300
RICHTER,0,20110125,094756,42895,9
OTP,0,20110125,094807,5794,1886
OTP,0,20110125,094813,5793,1200
MTELEKOM,0,20110125,094819,560,2363
MTELEKOM,0,20110125,094819,560,5000
MTELEKOM,0,20110125,094819,560,100
MTELEKOM,0,20110125,094819,560,10000
MTELEKOM,0,20110125,094819,560,2537
OTP,0,20110125,094823,5793,6
OTP,0,20110125,094830,5793,105
OTP,0,20110125,094835,5791,50
OTP,0,20110125,094844,5793,689
OTP,0,20110125,094844,5793,1290
OTP,0,20110125,094850,5794,500
OTP,0,20110125,094852,5793,10
OTP,0,20110125,094852,5794,32
OTP,0,20110125,094857,5794,60
OTP,0,20110125,094857,5795,100
CSEPEL,0,20110125,094902,405,285
OTP,0,20110125,094905,5797,333
OTP,0,20110125,094905,5797,142
OTP,0,20110125,094907,5798,590
OTP,0,20110125,094907,5798,3500
OTP,0,20110125,094910,5795,500
OTP,0,20110125,094912,5799,1139
OTP,0,20110125,094912,5799,299
OTP,0,20110125,094912,5799,100
OTP,0,20110125,094912,5800,3004
OTP,0,20110125,094912,5800,458
RICHTER,0,20110125,094913,42865,2
OTP,0,20110125,094917,5795,140
OTP,0,20110125,094918,5795,260
OTP,0,20110125,094919,5800,500
CSEPEL,0,20110125,094919,409,100
ECONET,0,20110125,094923,89,5000
CSEPEL,0,20110125,094925,410,200
OTP,0,20110125,094942,5798,50
MTELEKOM,0,20110125,094953,559,24265
MTELEKOM,0,20110125,094953,559,14499
BUX1112,0,20110125,094953,23814,3
BUX1112,0,20110125,094953,23829,7
BUX1112,0,20110125,094953,23830,20
MTELEKOM,0,20110125,094955,558,5124
MTELEKOM,0,20110125,094955,558,340
MTELEKOM,0,20110125,094955,558,300
MTELEKOM,0,20110125,094955,558,2250
MTELEKOM,0,20110125,094955,558,500
MTELEKOM,0,20110125,094955,558,1000
MTELEKOM,0,20110125,094955,558,1144
MTELEKOM,0,20110125,095000,558,1356
MTELEKOM,0,20110125,095000,558,500
MTELEKOM,0,20110125,095000,558,123
MTELEKOM,0,20110125,095000,558,200
MTELEKOM,0,20110125,095000,558,500
OTP,0,20110125,095005,5798,2000
PANNERGY,0,20110125,095011,917,10
OTP,0,20110125,095014,5798,100
CSEPEL,0,20110125,095043,413,142
OTP,0,20110125,095044,5798,850
OTP,0,20110125,095044,5798,150
CSEPEL,0,20110125,095049,413,38
MTELEKOM,0,20110125,095053,558,4400
MTELEKOM,0,20110125,095055,558,100
OTP,0,20110125,095102,5798,87
OTP,0,20110125,095104,5798,50
OTP,0,20110125,095106,5795,100
OTP,0,20110125,095106,5795,11
MOL,0,20110125,095112,22400,5
RICHTER,0,20110125,095115,42885,16
OTP,0,20110125,095139,5795,10
OTP,0,20110125,095149,5795,30
MTELEKOM,0,20110125,095157,558,500
MTELEKOM,0,20110125,095157,559,3
MTELEKOM,0,20110125,095157,559,630
MTELEKOM,0,20110125,095157,560,7463
MTELEKOM,0,20110125,095157,560,100
MTELEKOM,0,20110125,095157,560,5000
MTELEKOM,0,20110125,095157,560,1804
MTELEKOM,0,20110125,095159,558,5000
MTELEKOM,0,20110125,095202,558,4500
BUX1112,0,20110125,095202,23830,1
BUX1112,0,20110125,095202,23830,1
BUX1112,0,20110125,095202,23833,2
MTELEKOM,0,20110125,095202,558,300
MTELEKOM,0,20110125,095209,558,200
MTELEKOM,0,20110125,095211,558,1000
RICHTER,0,20110125,095213,42900,18
MTELEKOM,0,20110125,095220,558,100
BUX1112,0,20110125,095222,23801.5,2
BUX1112,0,20110125,095222,23801,7
BUX1112,0,20110125,095222,23800,1
MTELEKOM,0,20110125,095235,558,1000
MTELEKOM,0,20110125,095259,558,125
MTELEKOM,0,20110125,095313,558,500
KEG,0,20110125,095314,129,5
MTELEKOM,0,20110125,095317,558,1000
OTP,0,20110125,095319,5793,140
OTP,0,20110125,095319,5793,210
MTELEKOM,0,20110125,095321,558,565
MTELEKOM,0,20110125,095321,558,220
OTP,0,20110125,095322,5793,290
OTP,0,20110125,095322,5792,75
MTELEKOM,0,20110125,095327,558,200
MTELEKOM,0,20110125,095337,558,290
MTELEKOM,0,20110125,095339,558,10
MTELEKOM,0,20110125,095339,558,200
OTP,0,20110125,095359,5795,1
OTP,0,20110125,095359,5797,15
ELMU,0,20110125,095404,27010,5
ECONET,0,20110125,095406,89,1060
PANNUNION,0,20110125,095409,147,5
MOL,0,20110125,095414,22395,2
MOL,0,20110125,095414,22370,164
MOL,0,20110125,095414,22355,134
BUX1112,0,20110125,095426,23802,5
BUX1112,0,20110125,095426,23802,3
BUX1112,0,20110125,095426,23802,10
MTELEKOM,0,20110125,095427,558,200
OTP,0,20110125,095430,5792,165
GENESIS,0,20110125,095436,209,45
GENESIS,0,20110125,095436,207,15
GENESIS,0,20110125,095436,206,620
GENESIS,0,20110125,095436,206,320
MTELEKOM,0,20110125,095436,558,250
OTP,0,20110125,095438,5792,130
BUX1112,0,20110125,095444,23801.5,32
BUX1112,0,20110125,095444,23800,2
BUX1112,0,20110125,095444,23800,1
MTELEKOM,0,20110125,095446,557,500
OTP,0,20110125,095459,5793,150
OTP,0,20110125,095459,5797,30
MTELEKOM,0,20110125,095503,558,50
MTELEKOM,0,20110125,095528,558,322
MTELEKOM,0,20110125,095529,558,2000
MTELEKOM,0,20110125,095542,558,1000
CSEPEL,0,20110125,095547,414,262
CSEPEL,0,20110125,095553,414,233
OTP,0,20110125,095554,5795,100
MTELEKOM,0,20110125,095557,558,968
OTP,0,20110125,095603,5795,150
OTP,0,20110125,095603,5795,50
OTP,0,20110125,095619,5795,55
OTP,0,20110125,095620,5793,395
MTELEKOM,0,20110125,095627,560,13
OTP,0,20110125,095636,5795,100
OTP,0,20110125,095636,5793,5
OTP,0,20110125,095636,5793,71
OTP,0,20110125,095638,5793,29
OTP,0,20110125,095638,5793,50
OTP,0,20110125,095638,5793,50
OTP,0,20110125,095638,5792,271
OTP,0,20110125,095640,5792,750
OTP,0,20110125,095642,5797,150
OTP,0,20110125,095642,5798,463
OTP,0,20110125,095642,5799,400
OTP,0,20110125,095642,5799,150
OTP,0,20110125,095642,5799,2500
OTP,0,20110125,095642,5799,3000
OTP,0,20110125,095642,5800,1042
OTP,0,20110125,095642,5800,2500
OTP,0,20110125,095642,5800,190
OTP,0,20110125,095642,5800,1000
OTP,0,20110125,095642,5800,130
OTP,0,20110125,095642,5800,3250
OTP,0,20110125,095642,5800,20
OTP,0,20110125,095642,5800,400
OTP,0,20110125,095642,5800,60
OTP,0,20110125,095642,5800,655
OTP,0,20110125,095642,5800,100
OTP,0,20110125,095642,5800,5000
OTP,0,20110125,095642,5800,5
OTP,0,20110125,095642,5800,15
OTP,0,20110125,095647,5800,2500
OTP,0,20110125,095649,5800,1470
OTP,0,20110125,095652,5800,2000
OTP,0,20110125,095653,5800,530
OTP,0,20110125,095653,5800,1970
OTP,0,20110125,095655,5800,200
OTP,0,20110125,095655,5800,150
OTP,0,20110125,095656,5800,180
OTP,0,20110125,095656,5800,5
OTP,0,20110125,095656,5800,196
OTP,0,20110125,095700,5800,2119
OTP,0,20110125,095700,5800,2000
OTP,0,20110125,095708,5800,1246
OTP,0,20110125,095711,5802,1000
OTP,0,20110125,095711,5800,100
OTP,0,20110125,095711,5800,100
OTP,0,20110125,095711,5800,1000
OTP,0,20110125,095713,5800,100
OTP,0,20110125,095720,5800,20
OTP,0,20110125,095733,5800,180
OTP,0,20110125,095733,5800,1110
OTP,0,20110125,095735,5800,1000
OTP,0,20110125,095736,5800,200
OTP,0,20110125,095738,5800,100
OTP,0,20110125,095743,5800,500
OTP,0,20110125,095753,5800,50
MTELEKOM,0,20110125,095756,560,1941
OTP,0,20110125,095808,5800,40
OTP,0,20110125,095808,5800,94
OTP,0,20110125,095808,5800,48
OTP,0,20110125,095808,5800,1318
OTP,0,20110125,095809,5800,1000
RICHTER,0,20110125,095828,42900,4
OTP,0,20110125,095845,5796,2000
OTP,0,20110125,095845,5796,140
OTP,0,20110125,095845,5795,860
OTP,0,20110125,095855,5795,10
TVK,0,20110125,095856,3400,45
MOL,0,20110125,095859,22380,161
MOL,0,20110125,095859,22380,72
MOL,0,20110125,095901,22360,28
KEG,0,20110125,095904,128,150
MOL,0,20110125,095905,22395,51
MOL,0,20110125,095905,22400,42
MOL,0,20110125,095905,22400,1
MOL,0,20110125,095905,22400,200
MOL,0,20110125,095905,22400,30
PANNUNION,0,20110125,095906,147,600
OTP,0,20110125,095906,5795,1000
MOL,0,20110125,095907,22400,305
OTP,0,20110125,095926,5795,130
OTP,0,20110125,095926,5795,100
OTP,0,20110125,095926,5795,30
OTP,0,20110125,095926,5795,1000
OTP,0,20110125,095930,5795,140
PFLAX,0,20110125,095934,665,50
PFLAX,0,20110125,095934,646,100
PFLAX,0,20110125,095934,645,1050
OTP,0,20110125,095939,5799,102
CSEPEL,0,20110125,095952,414,50
OTP,0,20110125,100001,5798,100
OTP,0,20110125,100001,5798,100
RICHTER,0,20110125,100012,42970,20
RICHTER,0,20110125,100012,42975,8
OTP,0,20110125,100019,5799,500
PANNUNION,0,20110125,100026,147,95
MTELEKOM,0,20110125,100034,560,6242
MTELEKOM,0,20110125,100034,560,897
MTELEKOM,0,20110125,100034,560,17000
MTELEKOM,0,20110125,100034,560,200
MTELEKOM,0,20110125,100034,560,5000
MTELEKOM,0,20110125,100034,560,1000
MTELEKOM,0,20110125,100034,560,40
MTELEKOM,0,20110125,100034,560,200
MTELEKOM,0,20110125,100034,560,10000
MOL,0,20110125,100042,22405,100
MOL,0,20110125,100042,22430,70
MOL,0,20110125,100042,22430,290
MOL,0,20110125,100042,22430,2
MOL,0,20110125,100042,22430,82
MOL,0,20110125,100042,22430,60
MOL,0,20110125,100042,22440,67
MOL,0,20110125,100047,22360,2
MOL,0,20110125,100047,22360,35
MOL,0,20110125,100047,22360,4
MOL,0,20110125,100050,22430,5
MOL,0,20110125,100053,22365,52
TVK,0,20110125,100059,3400,100
MOL,0,20110125,100106,22365,13
MOL,0,20110125,100106,22365,30
OTP,0,20110125,100107,5798,20
OTP,0,20110125,100115,5799,200
OTP,0,20110125,100119,5798,850
CSEPEL,0,20110125,100120,414,117
CSEPEL,0,20110125,100120,415,500
CSEPEL,0,20110125,100120,419,100
CSEPEL,0,20110125,100120,419,500
CSEPEL,0,20110125,100120,420,54
CSEPEL,0,20110125,100120,420,100
CSEPEL,0,20110125,100120,420,499
MTELEKOM,0,20110125,100122,560,70
OTP,0,20110125,100122,5798,100
FHB,0,20110125,100130,976,10
OTP,0,20110125,100132,5798,850
KEG,0,20110125,100133,129,1000
MTELEKOM,0,20110125,100135,560,14351
OTP,0,20110125,100142,5798,1500
OTP,0,20110125,100147,5799,25
OTP,0,20110125,100152,5798,138
OTP,0,20110125,100200,5798,135
OTP,0,20110125,100202,5798,135
OTP,0,20110125,100202,5798,1465
MOL,0,20110125,100205,22400,29
OTP,0,20110125,100209,5797,250
OTP,0,20110125,100209,5797,82
OTP,0,20110125,100209,5795,180
OTP,0,20110125,100209,5794,300
OTP,0,20110125,100209,5794,50
OTP,0,20110125,100209,5793,100
OTP,0,20110125,100209,5793,38
OTP,0,20110125,100212,5798,1600
OTP,0,20110125,100215,5799,173
OTP,0,20110125,100215,5799,327
MOL,0,20110125,100222,22400,38
OTP,0,20110125,100222,5798,600
OTP,0,20110125,100227,5798,1500
OTP,0,20110125,100228,5799,123
MOL,0,20110125,100234,22400,51
OTP,0,20110125,100242,5798,13
OTP,0,20110125,100246,5795,1000
MTELEKOM,0,20110125,100248,559,2000
OTP,0,20110125,100252,5798,5000
MOL,0,20110125,100252,22400,42
MOL,0,20110125,100255,22400,20
MOL,0,20110125,100255,22400,36
MOL,0,20110125,100256,22400,9
OTP,0,20110125,100317,5798,1000
MTELEKOM,0,20110125,100320,560,500
OTP,0,20110125,100323,5798,2000
OTP,0,20110125,100323,5798,600
OTP,0,20110125,100330,5799,50
OTP,0,20110125,100330,5799,500
OTP,0,20110125,100330,5799,450
MTELEKOM,0,20110125,100332,559,500
MTELEKOM,0,20110125,100332,559,12
OTP,0,20110125,100339,5798,200
OTP,0,20110125,100339,5798,548
OTP,0,20110125,100340,5798,100
CSEPEL,0,20110125,100343,420,36
CSEPEL,0,20110125,100343,420,271
CSEPEL,0,20110125,100343,420,193
OTP,0,20110125,100351,5798,100
CSEPEL,0,20110125,100351,420,107
OTP,0,20110125,100352,5798,1000
OTP,0,20110125,100357,5798,12
OTP,0,20110125,100406,5798,40
MTELEKOM,0,20110125,100413,559,200
OTP,0,20110125,100416,5798,120
CSEPEL,0,20110125,100417,420,143
MOL,0,20110125,100425,22400,178
MOL,0,20110125,100427,22375,42
OTP,0,20110125,100433,5798,250
OTP,0,20110125,100501,5797,15
OTP,0,20110125,100501,5797,1985
MTELEKOM,0,20110125,100507,559,1288
BOOK,0,20110125,100520,484,230
MTELEKOM,0,20110125,100522,560,5149
MTELEKOM,0,20110125,100522,560,4851
OTP,0,20110125,100548,5796,45
OTP,0,20110125,100548,5795,155
OTP,0,20110125,100551,5795,845
OTP,0,20110125,100551,5795,50
OTP,0,20110125,100551,5795,1000
OTP,0,20110125,100551,5795,105
OTP,0,20110125,100617,5795,295
BUX1112,0,20110125,100643,23830,1
BUX1112,0,20110125,100643,23830,1
OTP,0,20110125,100643,5794,73
MOL,0,20110125,100652,22375,25
OTP,0,20110125,100659,5794,60
OTP,0,20110125,100704,5794,367
OTP,0,20110125,100704,5794,158
OTP,0,20110125,100704,5793,652
OTP,0,20110125,100704,5793,100
OTP,0,20110125,100704,5793,1000
OTP,0,20110125,100704,5792,1109
OTP,0,20110125,100704,5792,160
OTP,0,20110125,100704,5792,44
OTP,0,20110125,100705,5795,680
RICHTER,0,20110125,100708,42865,10
RICHTER,0,20110125,100708,42865,5
MOL,0,20110125,100709,22385,1
OTP,0,20110125,100712,5795,1320
BUX1112,0,20110125,100719,23840,1
BUX1112,0,20110125,100719,23840,2
BUX1112,0,20110125,100719,23845,1
BUX1112,0,20110125,100719,23848,8
BUX1112,0,20110125,100719,23850,2
BUX1112,0,20110125,100720,23850,14
BUX1112,0,20110125,100724,23850,33
BUX1112,0,20110125,100724,23850,10
BUX1112,0,20110125,100724,23850,20
MTELEKOM,0,20110125,100724,559,712
MTELEKOM,0,20110125,100724,558,32
MTELEKOM,0,20110125,100724,558,4256
MOL,0,20110125,100734,22380,140
MOL,0,20110125,100734,22380,60
OTP,0,20110125,100734,5792,456
OTP,0,20110125,100734,5792,20
OTP,0,20110125,100734,5791,820
OTP,0,20110125,100734,5791,160
OTP,0,20110125,100734,5791,100
OTP,0,20110125,100734,5791,500
OTP,0,20110125,100734,5791,50
OTP,0,20110125,100734,5791,4444
MOL,0,20110125,100736,22375,39
BUX1112,0,20110125,100742,23830,10
BUX1112,0,20110125,100746,23830,4
PANNERGY,0,20110125,100823,918,120
OTP,0,20110125,100828,5795,10
MOL,0,20110125,100835,22375,25
RICHTER,0,20110125,100839,42895,5
OTP,0,20110125,100847,5792,682
MOL,0,20110125,100857,22380,36
MOL,0,20110125,100857,22380,13
MOL,0,20110125,100857,22395,87
MOL,0,20110125,100857,22400,30
OTP,0,20110125,100857,5792,2318
OTP,0,20110125,100857,5792,500
OTP,0,20110125,100903,5792,150
OTP,0,20110125,100905,5791,556
OTP,0,20110125,100905,5791,1444
FHB,0,20110125,100908,976,190
FHB,0,20110125,100908,976,10
MOL,0,20110125,100913,22400,334
OTP,0,20110125,100919,5791,56
OTP,0,20110125,100919,5791,499
OTP,0,20110125,100919,5791,100
OTP,0,20110125,100919,5791,140
OTP,0,20110125,100919,5790,66
OTP,0,20110125,100919,5790,22
OTP,0,20110125,100919,5790,100
OTP,0,20110125,100919,5790,50
OTP,0,20110125,100919,5790,967
OTP,0,20110125,100919,5792,200
OTP,0,20110125,100921,5792,82
MOL,0,20110125,100922,22400,196
MOL,0,20110125,100922,22400,500
MOL,0,20110125,100922,22400,152
RFV,0,20110125,100923,8790,20
MOL,0,20110125,100925,22400,41
RICHTER,0,20110125,100929,42870,10
RICHTER,0,20110125,100929,42870,14
RICHTER,0,20110125,100929,42870,2
OTP,0,20110125,100932,5791,20
OTP,0,20110125,100936,5791,100
ZWACK,0,20110125,100936,13920,18
MOL,0,20110125,100938,22400,43
MOL,0,20110125,101007,22400,65
OTP,0,20110125,101009,5792,200
OTP,0,20110125,101009,5792,120
OTP,0,20110125,101010,5792,40
BUX1112,0,20110125,101012,23807,1
OTP,0,20110125,101013,5792,40
BUX1112,0,20110125,101014,23806,1
BUX1112,0,20110125,101014,23806,2
OTP,0,20110125,101014,5792,1600
OTP,0,20110125,101023,5792,400
OTP,0,20110125,101023,5791,600
BUX1112,0,20110125,101029,23810,5
BUX1112,0,20110125,101029,23803,1
BUX1112,0,20110125,101029,23802.5,1
BUX1112,0,20110125,101029,23802,3
ANY,0,20110125,101051,750,40
MTELEKOM,0,20110125,101105,560,900
MOL,0,20110125,101106,22400,3
MOL,0,20110125,101106,22400,66
MOL,0,20110125,101109,22400,110
OTP,0,20110125,101113,5792,100
OTP,0,20110125,101121,5793,40
OTP,0,20110125,101121,5795,678
MOL,0,20110125,101125,22400,122
MOL,0,20110125,101127,22400,92
MOL,0,20110125,101127,22400,43
MOL,0,20110125,101129,22400,26
MOL,0,20110125,101129,22400,17
RICHTER,0,20110125,101135,42890,60
RICHTER,0,20110125,101135,42895,38
RICHTER,0,20110125,101135,42895,2
OTP,0,20110125,101155,5792,300
OTP,0,20110125,101157,5795,322
ZWACK,0,20110125,101200,13910,16
OTP,0,20110125,101209,5795,1
OTP,0,20110125,101212,5797,1000
BUX1112,0,20110125,101243,23832,1
BUX1112,0,20110125,101243,23830,16
OTP,0,20110125,101243,5796,200
OTP,0,20110125,101308,5797,50
OTP,0,20110125,101311,5797,1000
OTP,0,20110125,101314,5797,120
OTP,0,20110125,101318,5798,28
OTP,0,20110125,101320,5798,172
OTP,0,20110125,101320,5798,28
OTP,0,20110125,101325,5797,463
ZWACK,0,20110125,101333,13950,18
ZWACK,0,20110125,101333,13955,2
OTP,0,20110125,101334,5797,537
OTP,0,20110125,101340,5798,1996
OTP,0,20110125,101340,5800,376
MTELEKOM,0,20110125,101342,560,1640
SYNERGON,0,20110125,101346,523,480
SYNERGON,0,20110125,101346,524,295
OTP,0,20110125,101351,5800,2000
KEG,0,20110125,101354,129,1200
BUX1112,0,20110125,101357,23830,1
KEG,0,20110125,101408,129,1775
KEG,0,20110125,101408,129,700
MOL,0,20110125,101408,22390,22
OTP,0,20110125,101408,5800,50
SYNERGON,0,20110125,101408,524,856
OTP,0,20110125,101419,5800,574
OTP,0,20110125,101419,5800,889
OTP,0,20110125,101427,5800,500
OTP,0,20110125,101441,5797,1000
OTP,0,20110125,101443,5800,40
OTP,0,20110125,101443,5796,210
KEG,0,20110125,101501,130,1798
KEG,0,20110125,101501,130,400
KEG,0,20110125,101501,130,45
KEG,0,20110125,101501,130,600
KEG,0,20110125,101501,130,1000
KEG,0,20110125,101501,130,2150
KEG,0,20110125,101501,130,1000
KEG,0,20110125,101501,130,650
KEG,0,20110125,101501,130,1000
KEG,0,20110125,101501,130,1357
MTELEKOM,0,20110125,101509,559,3600
MTELEKOM,0,20110125,101509,559,200
MTELEKOM,0,20110125,101509,559,1785
RICHTER,0,20110125,101510,42900,64
RICHTER,0,20110125,101510,42900,36
KEG,0,20110125,101523,130,143
KEG,0,20110125,101523,130,670
KEG,0,20110125,101526,130,5000
KEG,0,20110125,101534,130,2187
OTP,0,20110125,101542,5796,10
KEG,0,20110125,101552,130,2813
KEG,0,20110125,101552,130,187
OTP,0,20110125,101603,5796,210
OTP,0,20110125,101656,5799,7
OTP,0,20110125,101722,5799,43
OTP,0,20110125,101722,5799,57
KEG,0,20110125,101729,130,2450
RICHTER,0,20110125,101747,42930,5
MOL,0,20110125,101807,22365,20
RICHTER,0,20110125,101809,42900,3274
MTELEKOM,0,20110125,101811,559,1600
ECONET,0,20110125,101812,89,4705
ECONET,0,20110125,101812,89,1200
ECONET,0,20110125,101812,89,10000
ECONET,0,20110125,101812,89,95
OTP,0,20110125,101837,5796,370
OTP,0,20110125,101837,5796,111
OTP,0,20110125,101837,5795,1000
OTP,0,20110125,101837,5795,476
OTP,0,20110125,101837,5795,65
OTP,0,20110125,101837,5792,65
OTP,0,20110125,101837,5792,100
OTP,0,20110125,101837,5792,50
OTP,0,20110125,101837,5791,2280
OTP,0,20110125,101837,5791,100
OTP,0,20110125,101837,5791,250
OTP,0,20110125,101837,5791,2000
OTP,0,20110125,101837,5791,71
OTP,0,20110125,101837,5790,500
OTP,0,20110125,101837,5790,30
OTP,0,20110125,101837,5790,384
OTP,0,20110125,101837,5790,1000
OTP,0,20110125,101837,5790,600
OTP,0,20110125,101837,5790,1000
OTP,0,20110125,101837,5790,100
OTP,0,20110125,101837,5790,1374
OTP,0,20110125,101837,5790,50
OTP,0,20110125,101837,5790,500
MOL,0,20110125,101837,22360,100
MOL,0,20110125,101837,22360,10
MOL,0,20110125,101841,22350,39
OTP,0,20110125,101850,5790,100
OTP,0,20110125,101854,5790,200
TVK,0,20110125,101858,3400,332
TVK,0,20110125,101858,3400,83
OTP,0,20110125,101859,5790,44
OTP,0,20110125,101859,5790,956
OTP,0,20110125,101900,5790,15
MOL,0,20110125,101906,22350,81
MOL,0,20110125,101906,22350,50
MOL,0,20110125,101906,22350,18
MOL,0,20110125,101908,22350,26
KEG,0,20110125,101911,130,2550
KEG,0,20110125,101911,130,5000
OTP,0,20110125,101915,5790,29
GENESIS,0,20110125,101924,209,374
OTP,0,20110125,101925,5790,301
OTP,0,20110125,101925,5790,500
OTP,0,20110125,101946,5790,100
PHYLAXIA,0,20110125,101948,44,2550
PHYLAXIA,0,20110125,101948,44,908
PHYLAXIA,0,20110125,101948,44,4000
PHYLAXIA,0,20110125,101948,44,10000
PHYLAXIA,0,20110125,101948,44,500
PHYLAXIA,0,20110125,101948,44,10000
PHYLAXIA,0,20110125,101948,44,1300
PHYLAXIA,0,20110125,101948,44,20742
FOTEX,0,20110125,101949,387,100
OTP,0,20110125,101955,5790,99
MOL,0,20110125,102003,22350,454
MOL,0,20110125,102004,22350,2
MOL,0,20110125,102004,22350,10
MOL,0,20110125,102004,22350,37
MOL,0,20110125,102004,22350,66
GENESIS,0,20110125,102005,210,281
KEG,0,20110125,102007,130,1600
PHYLAXIA,0,20110125,102013,45,3068
MOL,0,20110125,102016,22350,41
MOL,0,20110125,102016,22350,39
MOL,0,20110125,102020,22355,143
MOL,0,20110125,102020,22355,68
MOL,0,20110125,102020,22355,22
MOL,0,20110125,102020,22355,84
KEG,0,20110125,102023,130,300
MOL,0,20110125,102035,22355,31
MOL,0,20110125,102035,22355,112
MOL,0,20110125,102035,22355,57
MTELEKOM,0,20110125,102035,559,3400
MTELEKOM,0,20110125,102035,559,100
MTELEKOM,0,20110125,102035,560,2609
MTELEKOM,0,20110125,102035,560,8000
MTELEKOM,0,20110125,102035,560,20000
MTELEKOM,0,20110125,102035,560,10000
MTELEKOM,0,20110125,102035,560,136
MTELEKOM,0,20110125,102035,560,5755
RFV,0,20110125,102036,8820,4
PANNERGY,0,20110125,102049,918,31
PANNERGY,0,20110125,102049,918,169
ZWACK,0,20110125,102052,13955,1
RABA,0,20110125,102103,842,250
RFV,0,20110125,102133,8820,5
OTP,0,20110125,102136,5790,100
RICHTER,0,20110125,102147,42925,3
RICHTER,0,20110125,102147,42930,10
PANNERGY,0,20110125,102150,917,90
PANNERGY,0,20110125,102150,917,200
PANNERGY,0,20110125,102150,917,10
OTP,0,20110125,102207,5790,100
OTP,0,20110125,102210,5790,600
OTP,0,20110125,102214,5790,200
ZWACK,0,20110125,102217,13910,5
BUX1112,0,20110125,102236,23839,1
FHB,0,20110125,102245,975,100
BUX1112,0,20110125,102245,23839,1
RICHTER,0,20110125,102303,42930,127
RICHTER,0,20110125,102303,42930,48
RICHTER,0,20110125,102312,42940,20
OTP,0,20110125,102330,5795,30
OTP,0,20110125,102330,5795,970
MTELEKOM,0,20110125,102344,559,20000
MTELEKOM,0,20110125,102345,559,6492
OTP,0,20110125,102348,5795,30
OTP,0,20110125,102348,5795,962
MTELEKOM,0,20110125,102358,559,3508
MTELEKOM,0,20110125,102358,559,450
MTELEKOM,0,20110125,102402,559,500
RICHTER,0,20110125,102405,42940,30
RICHTER,0,20110125,102405,42965,10
