<TICKER>,<PER>,<DTYYYYMMDD>,<TIME>,<CLOSE>,<VOLUME>
BUX1112,0,20110126,090035,23605,11
BUX1112,0,20110126,090035,23605,8
BUX1112,0,20110126,090035,23605,1
BUX1112,0,20110126,090035,23605,2
BUX1112,0,20110126,090035,23605,4
BUX1112,0,20110126,090035,23605,1
BUX1112,0,20110126,090035,23605,1
BUX1112,0,20110126,090035,23605,2
BUX1112,0,20110126,090035,23605,2
BUX1112,0,20110126,090035,23605,2
BUX1112,0,20110126,090035,23605,2
BUX1112,0,20110126,090035,23605,1
BUX1112,0,20110126,090035,23605,2
BUX1112,0,20110126,090035,23605,2
BUX1112,0,20110126,090035,23605,1
BUX1112,0,20110126,090035,23605,1
BUX1112,0,20110126,090035,23605,2
BUX1112,0,20110126,090035,23605,6
BUX1112,0,20110126,090035,23605,2
BUX1112,0,20110126,090035,23605,2
BUX1112,0,20110126,090035,23605,2
BUX1112,0,20110126,090035,23605,1
BUX1112,0,20110126,090035,23605,1
BUX1112,0,20110126,090035,23605,3
BUX1112,0,20110126,090035,23605,2
BUX1112,0,20110126,090035,23605,1
BUX1112,0,20110126,090035,23605,2
BUX1112,0,20110126,090035,23605,20
BUX1112,0,20110126,090035,23605,7
AAA,0,20110126,090050,279,102
ECONET,0,20110126,090050,89,3000
ECONET,0,20110126,090050,89,1700
ECONET,0,20110126,090050,89,1800
FOTEX,0,20110126,090050,389,4
HUMET,0,20110126,090050,10,2
HUMET,0,20110126,090050,10,17
HUMET,0,20110126,090050,10,4081
HUMET,0,20110126,090050,10,6000
HUMET,0,20110126,090050,10,919
MOL,0,20110126,090050,22100,23
MOL,0,20110126,090050,22100,37
MOL,0,20110126,090050,22100,21
MOL,0,20110126,090050,22100,40
MOL,0,20110126,090050,22100,25
MOL,0,20110126,090050,22100,18
MOL,0,20110126,090050,22100,5
MOL,0,20110126,090050,22100,15
MOL,0,20110126,090050,22100,25
MOL,0,20110126,090050,22100,9
MTELEKOM,0,20110126,090050,552,2
MTELEKOM,0,20110126,090050,552,111
MTELEKOM,0,20110126,090050,552,500
MTELEKOM,0,20110126,090050,552,389
MTELEKOM,0,20110126,090050,552,601
MTELEKOM,0,20110126,090050,552,760
MTELEKOM,0,20110126,090050,552,500
OTP,0,20110126,090050,5725,220
OTP,0,20110126,090050,5725,1399
OTP,0,20110126,090050,5725,424
OTP,0,20110126,090050,5725,890
OTP,0,20110126,090050,5725,16
OTP,0,20110126,090050,5725,107
OTP,0,20110126,090050,5725,92
OTP,0,20110126,090050,5725,20
OTP,0,20110126,090050,5725,200
OTP,0,20110126,090050,5725,7
OTP,0,20110126,090050,5725,200
OTP,0,20110126,090050,5725,44
OTP,0,20110126,090050,5725,106
OTP,0,20110126,090050,5725,894
OTP,0,20110126,090050,5725,200
OTP,0,20110126,090050,5725,25
OTP,0,20110126,090050,5725,400
OTP,0,20110126,090050,5725,200
OTP,0,20110126,090050,5725,100
OTP,0,20110126,090050,5725,131
OTP,0,20110126,090050,5725,869
OTP,0,20110126,090050,5725,2031
OTP,0,20110126,090050,5725,80
OTP,0,20110126,090050,5725,113
OTP,0,20110126,090050,5725,45
OTP,0,20110126,090050,5725,216
OTP,0,20110126,090050,5725,515
OTP,0,20110126,090050,5725,35
OTP,0,20110126,090050,5725,36
OTP,0,20110126,090050,5725,30
OTP,0,20110126,090050,5725,20
OTP,0,20110126,090050,5725,116
OTP,0,20110126,090050,5725,105
OTP,0,20110126,090050,5725,35
OTP,0,20110126,090050,5725,200
OTP,0,20110126,090050,5725,1000
OTP,0,20110126,090050,5725,16
OTP,0,20110126,090050,5725,10
OTP,0,20110126,090050,5725,200
OTP,0,20110126,090050,5725,60
OTP,0,20110126,090050,5725,60
OTP,0,20110126,090050,5725,10
OTP,0,20110126,090050,5725,200
OTP,0,20110126,090050,5725,50
OTP,0,20110126,090050,5725,35
OTP,0,20110126,090050,5725,8
OTP,0,20110126,090050,5725,124
OTP,0,20110126,090050,5725,600
OTP,0,20110126,090050,5725,151
PANNERGY,0,20110126,090050,910,505
PANNERGY,0,20110126,090050,910,100
PHYLAXIA,0,20110126,090050,46,1400
PHYLAXIA,0,20110126,090050,46,600
PHYLAXIA,0,20110126,090050,46,2000
PHYLAXIA,0,20110126,090050,46,1000
PHYLAXIA,0,20110126,090050,46,1000
PHYLAXIA,0,20110126,090050,46,8000
PHYLAXIA,0,20110126,090050,46,1600
PHYLAXIA,0,20110126,090050,46,5000
PHYLAXIA,0,20110126,090050,46,3000
PHYLAXIA,0,20110126,090050,46,2400
RABA,0,20110126,090050,833,15
RFV,0,20110126,090050,8780,20
RFV,0,20110126,090050,8780,14
RICHTER,0,20110126,090050,42700,35
RICHTER,0,20110126,090050,42700,4
RICHTER,0,20110126,090050,42700,6
RICHTER,0,20110126,090050,42700,2
RICHTER,0,20110126,090050,42700,3
RICHTER,0,20110126,090050,42700,1
SYNERGON,0,20110126,090050,505,20
SYNERGON,0,20110126,090050,505,275
TVK,0,20110126,090050,3420,10
TVK,0,20110126,090050,3420,4
OTP,0,20110126,090206,5725,16
OTP,0,20110126,090206,5725,84
MOL,0,20110126,090209,22005,25
RICHTER,0,20110126,090210,43000,1
MTELEKOM,0,20110126,090211,554,50
OTP,0,20110126,090214,5720,100
OTP,0,20110126,090214,5720,300
OTP,0,20110126,090215,5720,100
OTP,0,20110126,090215,5720,40
OTP,0,20110126,090217,5720,120
OTP,0,20110126,090217,5720,300
OTP,0,20110126,090217,5720,70
OTP,0,20110126,090217,5720,426
OTP,0,20110126,090218,5720,12
OTP,0,20110126,090219,5720,506
OTP,0,20110126,090219,5720,250
OTP,0,20110126,090220,5720,1000
OTP,0,20110126,090223,5720,232
OTP,0,20110126,090223,5725,276
OTP,0,20110126,090223,5725,351
OTP,0,20110126,090223,5725,141
FHB,0,20110126,090224,982,50
FHB,0,20110126,090224,982,50
FHB,0,20110126,090224,983,400
PHYLAXIA,0,20110126,090230,46,2600
PHYLAXIA,0,20110126,090230,46,400
OTP,0,20110126,090235,5725,126
OTP,0,20110126,090235,5725,1491
OTP,0,20110126,090235,5725,300
OTP,0,20110126,090235,5729,25
OTP,0,20110126,090235,5729,90
OTP,0,20110126,090235,5729,37
OTP,0,20110126,090235,5729,1
MOL,0,20110126,090236,22050,200
OTP,0,20110126,090239,5720,670
BUX1112,0,20110126,090239,23609.5,2
BUX1112,0,20110126,090239,23610,6
BUX1112,0,20110126,090242,23612,2
RFV,0,20110126,090244,8800,13
OTP,0,20110126,090244,5725,200
OTP,0,20110126,090244,5722,50
FHB,0,20110126,090249,983,600
FHB,0,20110126,090249,984,1400
MOL,0,20110126,090252,22005,14
OTP,0,20110126,090254,5722,250
OTP,0,20110126,090300,5723,100
OTP,0,20110126,090300,5723,63
RICHTER,0,20110126,090301,42705,5
MOL,0,20110126,090301,22005,11
MOL,0,20110126,090301,22005,80
OTP,0,20110126,090302,5723,250
MTELEKOM,0,20110126,090303,552,139
FHB,0,20110126,090303,984,15
TVK,0,20110126,090304,3420,2
RFV,0,20110126,090307,8800,48
RFV,0,20110126,090307,8800,2
OTP,0,20110126,090307,5722,156
RICHTER,0,20110126,090308,42700,1
RICHTER,0,20110126,090308,42700,4
BUX1112,0,20110126,090312,23606,1
MTELEKOM,0,20110126,090313,551,444
OTP,0,20110126,090328,5724,30
OTP,0,20110126,090332,5725,30
OTP,0,20110126,090332,5729,20
OTP,0,20110126,090337,5724,13
PFLAX,0,20110126,090341,688,56
PFLAX,0,20110126,090341,689,2
MTELEKOM,0,20110126,090345,552,270
BUX1112,0,20110126,090348,23615,1
BUX1112,0,20110126,090355,23615,1
BUX1112,0,20110126,090400,23606,3
OTP,0,20110126,090406,5725,50
OTP,0,20110126,090406,5725,408
OTP,0,20110126,090406,5725,42
BUX1112,0,20110126,090408,23606,1
BUX1112,0,20110126,090408,23605,1
BUX1112,0,20110126,090419,23606,2
OTP,0,20110126,090422,5728,19
OTP,0,20110126,090423,5728,7
OTP,0,20110126,090423,5729,43
OTP,0,20110126,090423,5726,50
MTELEKOM,0,20110126,090426,552,150
OTP,0,20110126,090430,5729,30
MTELEKOM,0,20110126,090433,552,150
BUX1112,0,20110126,090435,23605,1
OTP,0,20110126,090435,5729,6
OTP,0,20110126,090435,5729,31
OTP,0,20110126,090435,5730,10
OTP,0,20110126,090435,5730,3
OTP,0,20110126,090438,5730,13
OTP,0,20110126,090438,5730,600
OTP,0,20110126,090441,5735,1000
OTP,0,20110126,090441,5735,1600
OTP,0,20110126,090442,5729,50
OTP,0,20110126,090445,5727,130
OTP,0,20110126,090446,5729,20
RABA,0,20110126,090453,833,15
ZWACK,0,20110126,090453,14400,10
RICHTER,0,20110126,090455,42800,2
SYNERGON,0,20110126,090503,508,100
OTP,0,20110126,090506,5735,24
MTELEKOM,0,20110126,090507,552,270
OTP,0,20110126,090509,5735,1800
MTELEKOM,0,20110126,090510,552,400
OTP,0,20110126,090510,5735,50
FHB,0,20110126,090514,984,85
FHB,0,20110126,090514,985,100
OTP,0,20110126,090516,5735,400
BUX1112,0,20110126,090516,23605,5
OTP,0,20110126,090519,5735,150
OTP,0,20110126,090519,5735,50
MTELEKOM,0,20110126,090520,552,400
OTP,0,20110126,090527,5738,20
OTP,0,20110126,090527,5739,30
OTP,0,20110126,090533,5735,100
OTP,0,20110126,090533,5739,70
OTP,0,20110126,090533,5740,130
OTP,0,20110126,090533,5740,35
OTP,0,20110126,090533,5740,15
OTP,0,20110126,090549,5740,185
OTP,0,20110126,090549,5740,1000
OTP,0,20110126,090549,5740,15
BUX1112,0,20110126,090551,23614,1
BUX1112,0,20110126,090551,23615,1
BUX1112,0,20110126,090551,23620,2
BUX1112,0,20110126,090551,23620,1
BUX1112,0,20110126,090551,23620,1
OTP,0,20110126,090552,5740,20
BUX1112,0,20110126,090552,23620,2
KEG,0,20110126,090604,130,1
OTP,0,20110126,090605,5737,15
OTP,0,20110126,090605,5740,65
OTP,0,20110126,090605,5740,920
OTP,0,20110126,090605,5735,526
OTP,0,20110126,090605,5735,70
OTP,0,20110126,090605,5735,284
OTP,0,20110126,090611,5744,25
ZWACK,0,20110126,090612,14400,10
OTP,0,20110126,090613,5744,35
OTP,0,20110126,090613,5745,50
OTP,0,20110126,090613,5745,30
OTP,0,20110126,090613,5745,62
OTP,0,20110126,090613,5745,10
OTP,0,20110126,090613,5745,813
OTP,0,20110126,090613,5740,200
OTP,0,20110126,090626,5740,115
MTELEKOM,0,20110126,090627,552,224
FHB,0,20110126,090628,985,452
ZWACK,0,20110126,090631,14400,20
ZWACK,0,20110126,090631,14400,10
OTP,0,20110126,090639,5744,300
FHB,0,20110126,090641,986,50
FHB,0,20110126,090641,986,100
FHB,0,20110126,090641,986,300
FHB,0,20110126,090641,986,1180
FHB,0,20110126,090641,987,200
FHB,0,20110126,090641,987,77
FHB,0,20110126,090641,987,11
FHB,0,20110126,090641,987,82
FHB,0,20110126,090642,985,50
OTP,0,20110126,090643,5744,200
MOL,0,20110126,090645,22025,19
OTP,0,20110126,090646,5744,100
OTP,0,20110126,090646,5744,16
OTP,0,20110126,090646,5745,3187
OTP,0,20110126,090646,5745,400
OTP,0,20110126,090646,5745,50
RICHTER,0,20110126,090650,42800,1
FHB,0,20110126,090651,985,313
FHB,0,20110126,090653,985,350
BUX1112,0,20110126,090654,23622,5
OTP,0,20110126,090656,5744,200
OTP,0,20110126,090658,5746,200
BUX1112,0,20110126,090702,23623,1
BUX1112,0,20110126,090702,23624.5,1
BUX1112,0,20110126,090702,23624.5,3
BUX1112,0,20110126,090702,23625,2
BUX1112,0,20110126,090702,23625,1
BUX1112,0,20110126,090703,23625,2
BUX1112,0,20110126,090703,23620,1
OTP,0,20110126,090707,5744,200
MTELEKOM,0,20110126,090708,551,310
OTP,0,20110126,090709,5746,300
FHB,0,20110126,090712,985,60
BUX1112,0,20110126,090713,23620,2
OTP,0,20110126,090714,5746,20
SYNERGON,0,20110126,090724,509,100
OTP,0,20110126,090727,5746,70
OTP,0,20110126,090727,5745,100
OTP,0,20110126,090728,5745,10
PHYLAXIA,0,20110126,090731,46,2000
SYNERGON,0,20110126,090734,508,200
OTP,0,20110126,090739,5745,1124
OTP,0,20110126,090739,5745,63
OTP,0,20110126,090739,5745,813
OTP,0,20110126,090741,5745,72
BUX1112,0,20110126,090747,23630,2
MTELEKOM,0,20110126,090747,553,316
OTP,0,20110126,090749,5745,164
OTP,0,20110126,090753,5744,35
OTP,0,20110126,090753,5742,5
OTP,0,20110126,090800,5742,348
OTP,0,20110126,090802,5740,1000
MTELEKOM,0,20110126,090803,552,150
RFV,0,20110126,090803,8790,10
RFV,0,20110126,090803,8800,30
FHB,0,20110126,090803,985,10
OTP,0,20110126,090804,5740,100
TVK,0,20110126,090805,3420,1
MTELEKOM,0,20110126,090809,551,174
OTP,0,20110126,090810,5740,7
BUX1112,0,20110126,090811,23620,22
BUX1112,0,20110126,090813,23620,1
BUX1112,0,20110126,090813,23620,10
MTELEKOM,0,20110126,090813,551,72
MTELEKOM,0,20110126,090813,551,200
MTELEKOM,0,20110126,090813,551,18
OTP,0,20110126,090813,5740,1893
OTP,0,20110126,090813,5740,107
OTP,0,20110126,090815,5744,20
OTP,0,20110126,090815,5744,29
OTP,0,20110126,090815,5745,14
OTP,0,20110126,090815,5745,100
OTP,0,20110126,090815,5745,37
BUX1112,0,20110126,090825,23602,1
BUX1112,0,20110126,090825,23600.5,1
BUX1112,0,20110126,090825,23600,10
OTP,0,20110126,090832,5740,15
BUX1112,0,20110126,090832,23600,3
BUX1112,0,20110126,090832,23600,5
BUX1112,0,20110126,090844,23600,2
OTP,0,20110126,090846,5740,150
FHB,0,20110126,090847,985,667
BUX1112,0,20110126,090848,23619,1
BUX1112,0,20110126,090848,23620,2
BUX1112,0,20110126,090848,23620,5
BUX1112,0,20110126,090848,23628,9
BUX1112,0,20110126,090848,23629,4
BUX1112,0,20110126,090848,23630,1
BUX1112,0,20110126,090848,23630,2
BUX1112,0,20110126,090848,23630,2
OTP,0,20110126,090849,5740,90
BUX1112,0,20110126,090850,23630,24
OTP,0,20110126,090850,5740,80
OTP,0,20110126,090850,5740,380
OTP,0,20110126,090852,5740,100
OTP,0,20110126,090857,5740,68
OTP,0,20110126,090857,5740,70
OTP,0,20110126,090857,5740,62
OTP,0,20110126,090859,5740,4
OTP,0,20110126,090903,5736,20
OTP,0,20110126,090906,5740,100
MTELEKOM,0,20110126,090909,553,270
OTP,0,20110126,090910,5740,55
RFV,0,20110126,090914,8800,18
RFV,0,20110126,090914,8850,32
OTP,0,20110126,090916,5740,11
OTP,0,20110126,090919,5740,100
MOL,0,20110126,090919,22035,4
OTP,0,20110126,090919,5740,1000
OTP,0,20110126,090921,5740,100
OTP,0,20110126,090922,5740,1000
OTP,0,20110126,090923,5740,2634
OTP,0,20110126,090923,5740,63
OTP,0,20110126,090927,5740,303
OTP,0,20110126,090927,5740,1000
OTP,0,20110126,090927,5740,100
SYNERGON,0,20110126,090931,511,200
OTP,0,20110126,090932,5740,4
OTP,0,20110126,090936,5741,100
OTP,0,20110126,090937,5741,50
OTP,0,20110126,090937,5741,25
OTP,0,20110126,090938,5741,70
OTP,0,20110126,090944,5741,1755
OTP,0,20110126,090944,5741,63
OTP,0,20110126,090944,5740,3593
PHYLAXIA,0,20110126,090945,46,8600
PHYLAXIA,0,20110126,090945,46,1400
OTP,0,20110126,090947,5740,7
ZWACK,0,20110126,090959,14500,4
BUX1112,0,20110126,091003,23575,2
MTELEKOM,0,20110126,091029,553,14
MOL,0,20110126,091030,22065,4
ZWACK,0,20110126,091032,14580,10
ZWACK,0,20110126,091032,14585,9
RICHTER,0,20110126,091043,43000,4
RICHTER,0,20110126,091043,43000,14
RICHTER,0,20110126,091043,43000,10
OTP,0,20110126,091046,5732,500
OTP,0,20110126,091051,5731,2000
OTP,0,20110126,091051,5731,63
OTP,0,20110126,091051,5730,55
OTP,0,20110126,091051,5730,1000
OTP,0,20110126,091054,5730,7
MTELEKOM,0,20110126,091057,553,346
OTP,0,20110126,091058,5730,435
OTP,0,20110126,091058,5730,200
OTP,0,20110126,091103,5730,365
OTP,0,20110126,091108,5730,443
PHYLAXIA,0,20110126,091110,46,1000
OTP,0,20110126,091112,5730,500
OTP,0,20110126,091114,5730,438
RICHTER,0,20110126,091114,42995,17
RICHTER,0,20110126,091114,43000,50
RICHTER,0,20110126,091119,42950,20
RICHTER,0,20110126,091119,42910,194
OTP,0,20110126,091122,5730,500
RICHTER,0,20110126,091123,42950,5
BUX1112,0,20110126,091130,23600,1
BUX1112,0,20110126,091130,23600,1
RICHTER,0,20110126,091130,42910,56
OTP,0,20110126,091133,5730,62
OTP,0,20110126,091133,5730,38
RICHTER,0,20110126,091137,42900,1
MOL,0,20110126,091137,22095,50
MOL,0,20110126,091137,22095,59
MOL,0,20110126,091137,22100,30
MOL,0,20110126,091137,22100,81
OTP,0,20110126,091145,5730,100
SYNERGON,0,20110126,091157,511,150
OTP,0,20110126,091200,5726,63
OTP,0,20110126,091200,5725,500
OTP,0,20110126,091200,5725,1000
OTP,0,20110126,091200,5725,135
OTP,0,20110126,091203,5725,30
BUX1112,0,20110126,091203,23605,13
RICHTER,0,20110126,091209,42915,6
OTP,0,20110126,091211,5724,957
OTP,0,20110126,091211,5724,442
OTP,0,20110126,091211,5724,63
OTP,0,20110126,091212,5725,100
MTELEKOM,0,20110126,091217,553,270
OTP,0,20110126,091219,5725,15
OTP,0,20110126,091221,5725,855
OTP,0,20110126,091221,5725,275
OTP,0,20110126,091221,5725,30
PANNERGY,0,20110126,091222,907,100
OTP,0,20110126,091226,5726,150
OTP,0,20110126,091226,5726,2111
OTP,0,20110126,091227,5726,1600
RICHTER,0,20110126,091228,42915,26
OTP,0,20110126,091229,5726,300
OTP,0,20110126,091229,5726,361
OTP,0,20110126,091229,5725,381
OTP,0,20110126,091231,5726,200
OTP,0,20110126,091231,5725,78
OTP,0,20110126,091233,5725,175
RICHTER,0,20110126,091235,42900,19
OTP,0,20110126,091238,5729,100
OTP,0,20110126,091238,5729,100
OTP,0,20110126,091238,5729,200
OTP,0,20110126,091238,5730,3000
OTP,0,20110126,091238,5730,100
OTP,0,20110126,091238,5730,200
OTP,0,20110126,091238,5730,3000
OTP,0,20110126,091243,5729,107
OTP,0,20110126,091243,5730,1610
OTP,0,20110126,091245,5730,296
OTP,0,20110126,091247,5730,50
BUX1112,0,20110126,091247,23570,10
BUX1112,0,20110126,091247,23561,5
RICHTER,0,20110126,091250,42915,8
RICHTER,0,20110126,091250,42915,2
OTP,0,20110126,091251,5730,1000
OTP,0,20110126,091254,5730,44
OTP,0,20110126,091254,5730,956
OTP,0,20110126,091254,5730,2044
OTP,0,20110126,091258,5730,441
OTP,0,20110126,091258,5730,59
OTP,0,20110126,091300,5730,355
MTELEKOM,0,20110126,091303,552,274
FHB,0,20110126,091303,986,9
OTP,0,20110126,091304,5730,586
OTP,0,20110126,091304,5730,436
OTP,0,20110126,091304,5730,879
MTELEKOM,0,20110126,091305,552,29
OTP,0,20110126,091306,5730,5
OTP,0,20110126,091306,5730,58
OTP,0,20110126,091307,5730,2942
OTP,0,20110126,091307,5731,350
OTP,0,20110126,091309,5731,150
OTP,0,20110126,091310,5731,436
OTP,0,20110126,091310,5730,70
OTP,0,20110126,091310,5730,70
OTP,0,20110126,091310,5730,424
OTP,0,20110126,091311,5730,18
OTP,0,20110126,091312,5730,52
OTP,0,20110126,091313,5730,1000
RFV,0,20110126,091317,8850,68
FHB,0,20110126,091323,986,179
FHB,0,20110126,091323,987,21
OTP,0,20110126,091324,5730,553
OTP,0,20110126,091324,5730,121
RFV,0,20110126,091330,8850,32
OTP,0,20110126,091332,5730,15
MTELEKOM,0,20110126,091338,553,270
OTP,0,20110126,091339,5730,48
OTP,0,20110126,091339,5730,3
OTP,0,20110126,091339,5730,442
OTP,0,20110126,091339,5730,2000
OTP,0,20110126,091339,5730,65
OTP,0,20110126,091341,5730,439
OTP,0,20110126,091341,5730,70
FHB,0,20110126,091357,987,1000
OTP,0,20110126,091411,5726,200
OTP,0,20110126,091411,5726,70
OTP,0,20110126,091411,5726,30
OTP,0,20110126,091411,5725,200
OTP,0,20110126,091411,5723,200
OTP,0,20110126,091411,5723,50
OTP,0,20110126,091411,5722,250
OTP,0,20110126,091415,5726,500
OTP,0,20110126,091415,5722,500
MOL,0,20110126,091420,22065,45
MTELEKOM,0,20110126,091425,553,114
MTELEKOM,0,20110126,091425,553,500
FHB,0,20110126,091426,987,397
FHB,0,20110126,091426,987,603
BUX1112,0,20110126,091428,23580,5
BUX1112,0,20110126,091428,23571,5
BUX1112,0,20110126,091428,23570,2
BUX1112,0,20110126,091428,23565,2
BUX1112,0,20110126,091428,23562,1
RICHTER,0,20110126,091430,42800,2
RICHTER,0,20110126,091430,42800,3
FHB,0,20110126,091432,987,444
FHB,0,20110126,091432,987,500
FHB,0,20110126,091432,988,56
OTP,0,20110126,091434,5722,250
OTP,0,20110126,091434,5722,50
OTP,0,20110126,091458,5725,327
MTELEKOM,0,20110126,091500,554,81
MTELEKOM,0,20110126,091500,554,189
OTP,0,20110126,091503,5725,109
OTP,0,20110126,091504,5725,150
OTP,0,20110126,091507,5725,177
OTP,0,20110126,091508,5725,150
OTP,0,20110126,091509,5725,75
OTP,0,20110126,091513,5725,30
OTP,0,20110126,091513,5725,50
OTP,0,20110126,091513,5725,80
OTP,0,20110126,091515,5725,193
OTP,0,20110126,091515,5725,83
OTP,0,20110126,091516,5725,443
OTP,0,20110126,091517,5725,63
OTP,0,20110126,091520,5725,411
OTP,0,20110126,091520,5725,100
OTP,0,20110126,091520,5721,1000
OTP,0,20110126,091520,5721,100
OTP,0,20110126,091520,5721,100
OTP,0,20110126,091520,5721,1000
OTP,0,20110126,091520,5720,1000
OTP,0,20110126,091520,5720,5000
OTP,0,20110126,091520,5720,20
OTP,0,20110126,091520,5720,10000
OTP,0,20110126,091520,5720,5000
OTP,0,20110126,091520,5720,100
OTP,0,20110126,091525,5725,436
OTP,0,20110126,091525,5725,64
OTP,0,20110126,091527,5725,376
OTP,0,20110126,091529,5725,376
OTP,0,20110126,091529,5725,62
OTP,0,20110126,091532,5725,314
OTP,0,20110126,091532,5725,124
OTP,0,20110126,091532,5725,752
OTP,0,20110126,091532,5725,2008
OTP,0,20110126,091535,5725,437
OTP,0,20110126,091535,5725,1136
FHB,0,20110126,091539,987,50
OTP,0,20110126,091543,5725,50
OTP,0,20110126,091549,5720,444
OTP,0,20110126,091550,5720,556
OTP,0,20110126,091550,5720,444
OTP,0,20110126,091556,5720,100
OTP,0,20110126,091557,5720,336
OTP,0,20110126,091557,5720,664
RICHTER,0,20110126,091557,42915,14
RICHTER,0,20110126,091557,42915,26
OTP,0,20110126,091558,5720,336
OTP,0,20110126,091558,5717,100
OTP,0,20110126,091601,5720,1000
OTP,0,20110126,091605,5720,250
OTP,0,20110126,091607,5720,400
OTP,0,20110126,091615,5720,1350
OTP,0,20110126,091615,5720,443
OTP,0,20110126,091616,5720,1707
MTELEKOM,0,20110126,091622,554,270
OTP,0,20110126,091625,5723,100
RICHTER,0,20110126,091625,42800,7
RICHTER,0,20110126,091625,42800,2
OTP,0,20110126,091627,5720,1000
OTP,0,20110126,091629,5720,1000
OTP,0,20110126,091633,5720,443
OTP,0,20110126,091636,5720,557
OTP,0,20110126,091636,5720,443
OTP,0,20110126,091639,5720,500
RICHTER,0,20110126,091640,42915,12
RICHTER,0,20110126,091640,43095,35
RICHTER,0,20110126,091640,43100,3
OTP,0,20110126,091641,5720,400
OTP,0,20110126,091641,5720,100
MTELEKOM,0,20110126,091647,554,210
OTP,0,20110126,091652,5720,160
OTP,0,20110126,091652,5720,433
OTP,0,20110126,091652,5720,20
OTP,0,20110126,091657,5720,133
OTP,0,20110126,091701,5720,300
OTP,0,20110126,091703,5720,100
OTP,0,20110126,091715,5723,171
OTP,0,20110126,091715,5724,20
OTP,0,20110126,091715,5724,24
OTP,0,20110126,091715,5724,200
OTP,0,20110126,091715,5725,500
OTP,0,20110126,091715,5725,5000
OTP,0,20110126,091715,5725,18
OTP,0,20110126,091715,5725,5000
OTP,0,20110126,091715,5725,2146
CSEPEL,0,20110126,091715,429,50
CSEPEL,0,20110126,091715,433,62
CSEPEL,0,20110126,091715,434,238
OTP,0,20110126,091719,5725,100
OTP,0,20110126,091719,5725,337
OTP,0,20110126,091719,5720,854
OTP,0,20110126,091719,5720,2000
OTP,0,20110126,091719,5720,16
PHYLAXIA,0,20110126,091721,46,600
PHYLAXIA,0,20110126,091721,46,1500
PHYLAXIA,0,20110126,091721,46,1000
PHYLAXIA,0,20110126,091721,46,3000
PHYLAXIA,0,20110126,091721,46,900
BUX1112,0,20110126,091732,23599,1
OTP,0,20110126,091734,5727,200
OTP,0,20110126,091734,5727,100
OTP,0,20110126,091734,5728,181
OTP,0,20110126,091734,5729,1000
OTP,0,20110126,091734,5730,1000
OTP,0,20110126,091734,5730,1400
OTP,0,20110126,091734,5730,500
OTP,0,20110126,091734,5730,603
OTP,0,20110126,091737,5730,52
OTP,0,20110126,091742,5730,345
OTP,0,20110126,091744,5730,531
OTP,0,20110126,091744,5725,469
OTP,0,20110126,091757,5729,50
OTP,0,20110126,091757,5730,88
OTP,0,20110126,091757,5730,100
OTP,0,20110126,091800,5730,355
MTELEKOM,0,20110126,091803,553,387
FHB,0,20110126,091803,987,10
MOL,0,20110126,091805,22070,9
OTP,0,20110126,091806,5734,1000
FHB,0,20110126,091809,987,290
FHB,0,20110126,091809,988,10
OTP,0,20110126,091809,5734,40
OTP,0,20110126,091811,5735,1500
MOL,0,20110126,091814,22100,33
MOL,0,20110126,091814,22100,26
MOL,0,20110126,091814,22100,57
RICHTER,0,20110126,091820,42810,12
FHB,0,20110126,091821,988,34
FHB,0,20110126,091821,988,350
FHB,0,20110126,091821,988,1000
FHB,0,20110126,091821,988,100
FHB,0,20110126,091821,989,16
RICHTER,0,20110126,091840,43090,12
RICHTER,0,20110126,091840,43095,22
OTP,0,20110126,091845,5735,500
OTP,0,20110126,091845,5735,500
ECONET,0,20110126,091847,89,660
OTP,0,20110126,091848,5734,200
OTP,0,20110126,091848,5735,26
PANNERGY,0,20110126,091851,910,200
OTP,0,20110126,091857,5734,1260
OTP,0,20110126,091857,5734,442
CSEPEL,0,20110126,091916,434,62
CSEPEL,0,20110126,091916,435,58
OTP,0,20110126,091921,5735,990
OTP,0,20110126,091922,5734,5
BUX1112,0,20110126,091922,23580,5
BUX1112,0,20110126,091922,23577,4
OTP,0,20110126,091922,5734,5
BUX1112,0,20110126,091926,23601.5,1
OTP,0,20110126,091938,5734,506
OTP,0,20110126,091938,5734,292
PHYLAXIA,0,20110126,091949,46,1000
OTP,0,20110126,091950,5730,120
OTP,0,20110126,091958,5730,300
FHB,0,20110126,092006,989,2084
FHB,0,20110126,092006,989,380
FHB,0,20110126,092006,989,1374
FHB,0,20110126,092006,989,50
FHB,0,20110126,092006,990,180
FHB,0,20110126,092006,990,1000
FHB,0,20110126,092006,990,400
FHB,0,20110126,092006,990,200
FHB,0,20110126,092006,990,1000
FHB,0,20110126,092006,990,2000
FHB,0,20110126,092006,990,280
FHB,0,20110126,092006,990,140
FHB,0,20110126,092006,990,170
FHB,0,20110126,092006,990,300
FHB,0,20110126,092006,990,88
FHB,0,20110126,092006,990,200
FHB,0,20110126,092006,990,154
FHB,0,20110126,092006,990,75
OTP,0,20110126,092007,5731,93
RICHTER,0,20110126,092015,42910,9
OTP,0,20110126,092016,5731,18
ANY,0,20110126,092020,740,80
ZWACK,0,20110126,092031,14560,9
ZWACK,0,20110126,092031,14575,2
CSEPEL,0,20110126,092031,435,442
CSEPEL,0,20110126,092031,436,340
FHB,0,20110126,092035,990,500
OTP,0,20110126,092037,5731,43
OTP,0,20110126,092037,5730,357
BUX1112,0,20110126,092043,23586,1
OTP,0,20110126,092046,5730,140
BUX1112,0,20110126,092056,23610,2
OTP,0,20110126,092056,5730,482
OTP,0,20110126,092056,5730,8
BUX1112,0,20110126,092103,23592,1
FHB,0,20110126,092120,990,271
FHB,0,20110126,092120,990,729
OTP,0,20110126,092123,5732,19
RICHTER,0,20110126,092125,43085,33
BUX1112,0,20110126,092136,23595,1
BUX1112,0,20110126,092136,23593,5
BUX1112,0,20110126,092136,23591,4
BUX1112,0,20110126,092136,23591,2
BUX1112,0,20110126,092136,23590,18
FHB,0,20110126,092152,990,271
FHB,0,20110126,092152,992,150
FHB,0,20110126,092152,993,100
FHB,0,20110126,092152,993,479
CSEPEL,0,20110126,092155,439,100
MOL,0,20110126,092156,22100,25
ECONET,0,20110126,092203,89,1104
RICHTER,0,20110126,092210,42915,9
OTP,0,20110126,092213,5727,20
OTP,0,20110126,092213,5727,80
OTP,0,20110126,092224,5727,356
BUX1112,0,20110126,092229,23590,3
FHB,0,20110126,092231,993,101
FHB,0,20110126,092231,993,200
FHB,0,20110126,092231,993,32
PHYLAXIA,0,20110126,092237,46,100
PHYLAXIA,0,20110126,092237,46,2000
PHYLAXIA,0,20110126,092237,46,2000
PHYLAXIA,0,20110126,092237,46,4800
PHYLAXIA,0,20110126,092237,46,5000
PHYLAXIA,0,20110126,092237,46,2065
PHYLAXIA,0,20110126,092237,46,1500
PHYLAXIA,0,20110126,092237,46,2500
PHYLAXIA,0,20110126,092237,46,35
MTELEKOM,0,20110126,092238,553,3
MTELEKOM,0,20110126,092238,553,176
BUX1112,0,20110126,092241,23590,4
FHB,0,20110126,092244,993,800
OTP,0,20110126,092252,5725,26
MOL,0,20110126,092254,22100,5
OTP,0,20110126,092255,5725,500
PHYLAXIA,0,20110126,092303,46,965
PHYLAXIA,0,20110126,092303,46,1405
PHYLAXIA,0,20110126,092303,46,50
PHYLAXIA,0,20110126,092303,46,2500
PHYLAXIA,0,20110126,092303,46,600
PHYLAXIA,0,20110126,092303,46,4480
MTELEKOM,0,20110126,092303,553,14
MTELEKOM,0,20110126,092303,553,100
OTP,0,20110126,092305,5725,362
FHB,0,20110126,092308,993,9
MOL,0,20110126,092309,22100,55
OTP,0,20110126,092309,5727,174
OTP,0,20110126,092309,5727,254
OTP,0,20110126,092309,5727,572
OTP,0,20110126,092310,5725,100
OTP,0,20110126,092312,5725,1543
OTP,0,20110126,092312,5725,100
PHYLAXIA,0,20110126,092317,46,5530
PHYLAXIA,0,20110126,092317,46,4470
OTP,0,20110126,092320,5721,100
OTP,0,20110126,092332,5725,100
OTP,0,20110126,092332,5725,300
OTP,0,20110126,092332,5725,1791
OTP,0,20110126,092332,5727,389
OTP,0,20110126,092335,5727,10
PHYLAXIA,0,20110126,092337,46,100
RICHTER,0,20110126,092341,42930,37
FHB,0,20110126,092341,993,159
FHB,0,20110126,092341,993,841
PHYLAXIA,0,20110126,092345,46,590
PHYLAXIA,0,20110126,092345,46,284
PHYLAXIA,0,20110126,092345,46,126
FHB,0,20110126,092346,992,50
FHB,0,20110126,092346,993,950
OTP,0,20110126,092346,5727,25
OTP,0,20110126,092348,5722,145
FHB,0,20110126,092403,993,200
RICHTER,0,20110126,092405,42920,9
RABA,0,20110126,092406,834,600
OTP,0,20110126,092406,5721,150
OTP,0,20110126,092406,5721,100
OTP,0,20110126,092406,5721,20
OTP,0,20110126,092406,5721,250
OTP,0,20110126,092406,5721,479
OTP,0,20110126,092406,5721,100
OTP,0,20110126,092406,5720,2901
OTP,0,20110126,092406,5720,300
ORC,0,20110126,092419,1995,4
PANNUNION,0,20110126,092426,136,455
RICHTER,0,20110126,092429,42960,16
OTP,0,20110126,092437,5723,3420
OTP,0,20110126,092437,5722,486
OTP,0,20110126,092437,5722,94
OTP,0,20110126,092438,5726,222
OTP,0,20110126,092438,5726,248
OTP,0,20110126,092438,5726,1007
OTP,0,20110126,092438,5727,1523
OTP,0,20110126,092439,5722,794
OTP,0,20110126,092439,5720,1799
OTP,0,20110126,092439,5720,150
OTP,0,20110126,092439,5720,1500
OTP,0,20110126,092439,5720,2000
OTP,0,20110126,092439,5720,1850
OTP,0,20110126,092439,5720,2000
OTP,0,20110126,092441,5720,1693
OTP,0,20110126,092444,5720,285
OTP,0,20110126,092445,5720,15
OTP,0,20110126,092449,5720,2000
OTP,0,20110126,092449,5720,14
OTP,0,20110126,092450,5720,900
OTP,0,20110126,092454,5725,25
OTP,0,20110126,092455,5720,600
OTP,0,20110126,092457,5720,2000
OTP,0,20110126,092457,5720,3000
OTP,0,20110126,092458,5720,2000
OTP,0,20110126,092502,5720,881
OTP,0,20110126,092503,5724,35
OTP,0,20110126,092503,5725,35
OTP,0,20110126,092503,5725,100
OTP,0,20110126,092503,5725,114
OTP,0,20110126,092505,5728,30
PHYLAXIA,0,20110126,092505,46,101
PHYLAXIA,0,20110126,092505,46,1199
OTP,0,20110126,092507,5725,10
OTP,0,20110126,092509,5725,706
OTP,0,20110126,092509,5725,493
OTP,0,20110126,092509,5721,300
OTP,0,20110126,092509,5720,2000
OTP,0,20110126,092509,5720,1166
RICHTER,0,20110126,092522,43000,16
RICHTER,0,20110126,092528,43015,37
ZWACK,0,20110126,092543,14580,10
OTP,0,20110126,092543,5720,300
OTP,0,20110126,092543,5720,2000
OTP,0,20110126,092543,5720,100
MOL,0,20110126,092545,22100,17
OTP,0,20110126,092547,5720,8
OTP,0,20110126,092548,5720,400
BUX1112,0,20110126,092553,23600,1
OTP,0,20110126,092553,5720,692
OTP,0,20110126,092553,5720,2308
OTP,0,20110126,092555,5720,10
BUX1112,0,20110126,092555,23590,25
RICHTER,0,20110126,092600,42925,16
MTELEKOM,0,20110126,092604,553,420
MTELEKOM,0,20110126,092604,553,130
BUX1112,0,20110126,092605,23589,1
BUX1112,0,20110126,092605,23588.5,1
FHB,0,20110126,092614,993,9
FHB,0,20110126,092614,993,70
FHB,0,20110126,092614,994,21
OTP,0,20110126,092614,5718,2500
OTP,0,20110126,092614,5718,441
OTP,0,20110126,092617,5720,682
OTP,0,20110126,092617,5720,60
OTP,0,20110126,092617,5720,500
OTP,0,20110126,092617,5720,5000
OTP,0,20110126,092620,5720,758
OTP,0,20110126,092620,5720,1101
OTP,0,20110126,092622,5720,328
HUMET,0,20110126,092623,9,2500
OTP,0,20110126,092626,5720,1313
OTP,0,20110126,092626,5720,3687
OTP,0,20110126,092630,5720,628
OTP,0,20110126,092630,5720,16
OTP,0,20110126,092632,5720,109
RICHTER,0,20110126,092635,42950,4
BUX1112,0,20110126,092637,23583,5
BUX1112,0,20110126,092637,23582,5
OTP,0,20110126,092640,5717,90
OTP,0,20110126,092642,5720,100
BUX1112,0,20110126,092642,23580,3
BUX1112,0,20110126,092644,23576,1
BUX1112,0,20110126,092653,23576,2
OTP,0,20110126,092655,5717,10
OTP,0,20110126,092655,5717,61
CSEPEL,0,20110126,092704,447,150
CSEPEL,0,20110126,092704,449,200
BUX1112,0,20110126,092717,23580,1
ZWACK,0,20110126,092720,14585,20
CSEPEL,0,20110126,092725,449,54
BUX1112,0,20110126,092728,23576,6
BUX1112,0,20110126,092728,23570,2
BUX1112,0,20110126,092728,23570,5
FHB,0,20110126,092734,987,9
RICHTER,0,20110126,092746,43085,17
RICHTER,0,20110126,092746,43085,16
OTP,0,20110126,092747,5717,200
RICHTER,0,20110126,092755,42950,10
MOL,0,20110126,092756,22130,8
MOL,0,20110126,092756,22130,7
MTELEKOM,0,20110126,092804,553,132
OTP,0,20110126,092805,5717,355
FHB,0,20110126,092808,993,10
ZWACK,0,20110126,092810,14595,20
ZWACK,0,20110126,092810,14600,100
OTP,0,20110126,092810,5716,300
OTP,0,20110126,092810,5715,20
OTP,0,20110126,092810,5715,20
OTP,0,20110126,092810,5715,100
OTP,0,20110126,092810,5715,17
OTP,0,20110126,092810,5712,75
OTP,0,20110126,092810,5712,20
PHYLAXIA,0,20110126,092824,46,301
PHYLAXIA,0,20110126,092824,46,3000
PHYLAXIA,0,20110126,092824,46,5000
PHYLAXIA,0,20110126,092824,46,11699
MOL,0,20110126,092826,22125,20
OTP,0,20110126,092829,5715,116
SYNERGON,0,20110126,092830,508,200
OTP,0,20110126,092840,5717,20
OTP,0,20110126,092840,5715,2864
OTP,0,20110126,092842,5715,20
OTP,0,20110126,092842,5715,37
OTP,0,20110126,092847,5715,407
OTP,0,20110126,092848,5715,1593
HUMET,0,20110126,092849,9,25
OTP,0,20110126,092850,5715,111
OTP,0,20110126,092850,5715,15
OTP,0,20110126,092852,5718,60
OTP,0,20110126,092852,5715,281
OTP,0,20110126,092852,5715,439
BUX1112,0,20110126,092903,23565,1
BUX1112,0,20110126,092903,23564,1
BUX1112,0,20110126,092903,23564,1
BUX1112,0,20110126,092903,23563,3
BUX1112,0,20110126,092903,23561.5,2
BUX1112,0,20110126,092903,23561,5
BUX1112,0,20110126,092903,23560,3
BUX1112,0,20110126,092903,23555,1
BUX1112,0,20110126,092903,23551,2
BUX1112,0,20110126,092903,23550,2
OTP,0,20110126,092903,5712,100
OTP,0,20110126,092904,5712,45
OTP,0,20110126,092904,5711,1455
OTP,0,20110126,092904,5711,545
OTP,0,20110126,092904,5710,20
OTP,0,20110126,092904,5710,935
OTP,0,20110126,092904,5710,1070
OTP,0,20110126,092907,5710,1500
PHYLAXIA,0,20110126,092913,46,500
OTP,0,20110126,092913,5711,436
OTP,0,20110126,092913,5710,6495
OTP,0,20110126,092913,5710,69
OTP,0,20110126,092917,5713,6430
OTP,0,20110126,092917,5710,2000
OTP,0,20110126,092917,5710,1500
OTP,0,20110126,092917,5710,431
OTP,0,20110126,092917,5710,50
OTP,0,20110126,092917,5710,22
OTP,0,20110126,092917,5710,449
OTP,0,20110126,092917,5710,548
OTP,0,20110126,092919,5710,30
OTP,0,20110126,092923,5710,1100
OTP,0,20110126,092924,5710,275
OTP,0,20110126,092924,5710,725
OTP,0,20110126,092927,5715,150
OTP,0,20110126,092927,5710,92
BUX1112,0,20110126,092928,23546,5
BUX1112,0,20110126,092928,23543,3
BUX1112,0,20110126,092928,23541,2
GENESIS,0,20110126,092929,207,200
MOL,0,20110126,092930,22105,10
BUX1112,0,20110126,092943,23542,1
PHYLAXIA,0,20110126,092946,46,7801
PHYLAXIA,0,20110126,092946,46,3000
PHYLAXIA,0,20110126,092946,46,5555
PHYLAXIA,0,20110126,092946,46,90
PHYLAXIA,0,20110126,092946,46,6000
PHYLAXIA,0,20110126,092946,46,27554
OTP,0,20110126,092946,5711,100
OTP,0,20110126,092946,5715,320
PHYLAXIA,0,20110126,092949,46,30000
PHYLAXIA,0,20110126,092950,46,1946
PHYLAXIA,0,20110126,092950,46,8000
PHYLAXIA,0,20110126,092950,46,2754
RICHTER,0,20110126,092950,43000,2
PHYLAXIA,0,20110126,092951,46,2246
PHYLAXIA,0,20110126,092951,46,2754
PHYLAXIA,0,20110126,092954,46,1103
PHYLAXIA,0,20110126,092954,46,2000
BUX1112,0,20110126,093000,23550,1
OTP,0,20110126,093000,5715,100
GENESIS,0,20110126,093002,207,29
GENESIS,0,20110126,093002,210,6
BUX1112,0,20110126,093004,23550,1
MOL,0,20110126,093020,22110,52
MOL,0,20110126,093020,22110,14
MOL,0,20110126,093020,22110,34
SYNERGON,0,20110126,093051,509,111
OTP,0,20110126,093055,5711,44
RICHTER,0,20110126,093059,43100,2
RICHTER,0,20110126,093059,43110,27
OTP,0,20110126,093100,5715,500
OTP,0,20110126,093103,5715,8
OTP,0,20110126,093119,5712,200
BUX1112,0,20110126,093120,23550,1
ZWACK,0,20110126,093124,14645,10
CSEPEL,0,20110126,093125,449,80
OTP,0,20110126,093131,5715,5000
OTP,0,20110126,093133,5715,966
OTP,0,20110126,093133,5715,4
OTP,0,20110126,093134,5715,1500
OTP,0,20110126,093136,5715,389
OTP,0,20110126,093137,5715,343
OTP,0,20110126,093137,5715,91
OTP,0,20110126,093137,5715,235
OTP,0,20110126,093137,5715,100
DANUBIUS,0,20110126,093144,4100,4
DANUBIUS,0,20110126,093144,4100,25
CSEPEL,0,20110126,093144,449,105
RICHTER,0,20110126,093145,43010,6
ZWACK,0,20110126,093150,14645,9
ZWACK,0,20110126,093150,14650,5
MTELEKOM,0,20110126,093153,554,200
OTP,0,20110126,093154,5717,740
OTP,0,20110126,093154,5717,13
OTP,0,20110126,093154,5717,9
OTP,0,20110126,093154,5718,40
OTP,0,20110126,093154,5719,200
OTP,0,20110126,093154,5719,150
OTP,0,20110126,093154,5720,31
MOL,0,20110126,093204,22110,1
MOL,0,20110126,093204,22110,23
OTP,0,20110126,093221,5720,2000
OTP,0,20110126,093240,5720,500
RICHTER,0,20110126,093242,43005,10
BUX1112,0,20110126,093243,23550,1
OTP,0,20110126,093251,5720,969
OTP,0,20110126,093251,5720,531
OTP,0,20110126,093255,5720,354
OTP,0,20110126,093255,5720,100
OTP,0,20110126,093255,5720,546
OTP,0,20110126,093255,5720,844
OTP,0,20110126,093255,5720,110
OTP,0,20110126,093301,5720,546
OTP,0,20110126,093301,5720,853
OTP,0,20110126,093301,5720,2000
OTP,0,20110126,093301,5720,101
MTELEKOM,0,20110126,093303,553,67
BUX1112,0,20110126,093304,23550,17
BUX1112,0,20110126,093304,23550,3
OTP,0,20110126,093305,5720,355
FHB,0,20110126,093308,991,9
OTP,0,20110126,093312,5722,20
OTP,0,20110126,093312,5722,200
BUX1112,0,20110126,093314,23550,11
BUX1112,0,20110126,093315,23550,5
MOL,0,20110126,093316,22105,27
OTP,0,20110126,093316,5722,180
BUX1112,0,20110126,093323,23550,1
ZWACK,0,20110126,093331,14700,10
RICHTER,0,20110126,093340,43005,4
OTP,0,20110126,093341,5723,200
ECONET,0,20110126,093348,90,100
OTP,0,20110126,093348,5723,60
RFV,0,20110126,093350,8850,11
RFV,0,20110126,093406,8850,19
RFV,0,20110126,093406,8855,1
BUX1112,0,20110126,093422,23580,1
OTP,0,20110126,093426,5723,350
OTP,0,20110126,093515,5723,27
OTP,0,20110126,093557,5723,263
OTP,0,20110126,093557,5723,10
OTP,0,20110126,093557,5723,225
OTP,0,20110126,093557,5724,200
OTP,0,20110126,093557,5724,150
OTP,0,20110126,093557,5725,2152
OTP,0,20110126,093558,5725,148
OTP,0,20110126,093558,5725,1880
OTP,0,20110126,093558,5725,5
OTP,0,20110126,093558,5725,10
OTP,0,20110126,093558,5725,957
RICHTER,0,20110126,093558,43110,7
OTP,0,20110126,093558,5723,70
OTP,0,20110126,093600,5725,5
MOL,0,20110126,093604,22115,5
MOL,0,20110126,093604,22130,93
MOL,0,20110126,093604,22130,50
MOL,0,20110126,093604,22130,13
MOL,0,20110126,093604,22140,25
MOL,0,20110126,093604,22150,1
OTP,0,20110126,093607,5725,500
MOL,0,20110126,093609,22160,5
OTP,0,20110126,093610,5725,212
OTP,0,20110126,093610,5725,1593
ECONET,0,20110126,093636,90,1000
MOL,0,20110126,093637,22150,13
MOL,0,20110126,093643,22115,2
MOL,0,20110126,093649,22110,181
MOL,0,20110126,093655,22150,61
MOL,0,20110126,093700,22110,95
KEG,0,20110126,093701,129,1000
PHYLAXIA,0,20110126,093710,46,1734
PHYLAXIA,0,20110126,093710,46,1266
PHYLAXIA,0,20110126,093715,46,3034
RICHTER,0,20110126,093730,43010,2
PHYLAXIA,0,20110126,093739,46,1
OTP,0,20110126,093739,5727,200
PANNERGY,0,20110126,093754,910,100
ECONET,0,20110126,093755,89,4332
ECONET,0,20110126,093755,89,2000
ECONET,0,20110126,093755,89,3668
OTP,0,20110126,093800,5727,2300
MTELEKOM,0,20110126,093803,553,13
OTP,0,20110126,093803,5727,2
FHB,0,20110126,093804,990,100
OTP,0,20110126,093806,5727,198
OTP,0,20110126,093806,5727,1672
OTP,0,20110126,093811,5727,361
OTP,0,20110126,093812,5728,10
FHB,0,20110126,093813,990,10
OTP,0,20110126,093834,5727,269
OTP,0,20110126,093834,5727,2231
OTP,0,20110126,093847,5727,90
OTP,0,20110126,093858,5727,179
OTP,0,20110126,093858,5727,200
OTP,0,20110126,093858,5727,877
OTP,0,20110126,093906,5727,1244
PANNERGY,0,20110126,093932,907,100
PANNERGY,0,20110126,093932,906,200
OTP,0,20110126,093939,5728,90
OTP,0,20110126,093939,5728,50
OTP,0,20110126,093939,5729,260
OTP,0,20110126,093940,5727,20000
FHB,0,20110126,093951,990,100
FHB,0,20110126,093951,990,350
MTELEKOM,0,20110126,093952,553,8
MTELEKOM,0,20110126,093952,553,130
OTP,0,20110126,093957,5727,10
OTP,0,20110126,094031,5727,1
PHYLAXIA,0,20110126,094032,46,3045
RICHTER,0,20110126,094035,43055,16
RICHTER,0,20110126,094035,43095,15
RICHTER,0,20110126,094035,43140,1
MOL,0,20110126,094050,22115,19
OTP,0,20110126,094104,5729,100
RICHTER,0,20110126,094120,43015,7
PHYLAXIA,0,20110126,094122,46,23920
PHYLAXIA,0,20110126,094122,46,23103
OTP,0,20110126,094140,5727,50
CSEPEL,0,20110126,094145,449,343
CSEPEL,0,20110126,094145,450,157
OTP,0,20110126,094205,5727,132
MOL,0,20110126,094208,22115,25
OTP,0,20110126,094214,5727,1063
OTP,0,20110126,094214,5727,883
OTP,0,20110126,094214,5727,1
OTP,0,20110126,094214,5725,1195
OTP,0,20110126,094214,5725,1500
OTP,0,20110126,094214,5725,4360
OTP,0,20110126,094214,5725,10
OTP,0,20110126,094214,5725,100
OTP,0,20110126,094217,5725,9
OTP,0,20110126,094218,5725,879
CSEPEL,0,20110126,094227,450,40
FHB,0,20110126,094233,990,26
OTP,0,20110126,094244,5725,10
OTP,0,20110126,094252,5725,23
ZWACK,0,20110126,094255,14700,10
BUX1112,0,20110126,094257,23580,10
OTP,0,20110126,094300,5728,100
OTP,0,20110126,094300,5728,250
MTELEKOM,0,20110126,094303,552,30
RICHTER,0,20110126,094307,43140,9
RICHTER,0,20110126,094307,43140,16
RICHTER,0,20110126,094307,43150,34
RICHTER,0,20110126,094307,43180,5
RICHTER,0,20110126,094307,43185,29
RICHTER,0,20110126,094307,43190,50
RICHTER,0,20110126,094307,43190,30
RICHTER,0,20110126,094307,43190,5
RICHTER,0,20110126,094307,43195,40
RICHTER,0,20110126,094307,43200,1
RICHTER,0,20110126,094307,43200,11
RICHTER,0,20110126,094307,43200,10
RICHTER,0,20110126,094307,43200,4
RICHTER,0,20110126,094307,43200,20
RICHTER,0,20110126,094307,43200,3
RICHTER,0,20110126,094307,43200,90
RICHTER,0,20110126,094307,43215,50
RICHTER,0,20110126,094307,43255,93
RICHTER,0,20110126,094309,43050,2
MOL,0,20110126,094309,22145,10
MOL,0,20110126,094309,22145,40
OTP,0,20110126,094310,5726,355
FHB,0,20110126,094313,991,9
RICHTER,0,20110126,094314,43050,70
RICHTER,0,20110126,094315,43020,29
EGIS,0,20110126,094316,20720,12
EGIS,0,20110126,094316,20760,14
EGIS,0,20110126,094316,20765,50
OTP,0,20110126,094318,5728,1210
OTP,0,20110126,094318,5728,216
OTP,0,20110126,094318,5728,210
OTP,0,20110126,094318,5728,1364
OTP,0,20110126,094320,5728,3
RICHTER,0,20110126,094324,43255,50
BUX1112,0,20110126,094327,23584,2
BUX1112,0,20110126,094327,23590,1
OTP,0,20110126,094329,5728,15
BUX1112,0,20110126,094332,23592,1
OTP,0,20110126,094334,5726,27
OTP,0,20110126,094334,5728,489
OTP,0,20110126,094334,5729,195
OTP,0,20110126,094334,5730,90
OTP,0,20110126,094334,5730,226
EGIS,0,20110126,094335,20770,4
MOL,0,20110126,094337,22145,8
MOL,0,20110126,094337,22150,39
MOL,0,20110126,094337,22150,127
OTP,0,20110126,094342,5730,220
MOL,0,20110126,094347,22180,10
MOL,0,20110126,094347,22185,1
BUX1112,0,20110126,094349,23594.5,2
BUX1112,0,20110126,094349,23594.5,2
BUX1112,0,20110126,094349,23598,2
BUX1112,0,20110126,094349,23598,3
PHYLAXIA,0,20110126,094351,46,2287
BUX1112,0,20110126,094354,23580,2
BUX1112,0,20110126,094358,23598,5
BUX1112,0,20110126,094358,23600,2
BUX1112,0,20110126,094358,23600,3
BUX1112,0,20110126,094412,23602,1
OTP,0,20110126,094427,5727,28
MOL,0,20110126,094435,22150,26
MOL,0,20110126,094441,22115,30
BUX1112,0,20110126,094446,23609.5,1
BUX1112,0,20110126,094448,23602,1
OTP,0,20110126,094500,5727,93
OTP,0,20110126,094500,5726,7
BUX1112,0,20110126,094503,23609.5,1
OTP,0,20110126,094505,5730,54
OTP,0,20110126,094505,5730,36
RICHTER,0,20110126,094510,43110,30
OTP,0,20110126,094511,5730,4
OTP,0,20110126,094511,5730,39
OTP,0,20110126,094511,5730,400
OTP,0,20110126,094511,5730,1244
DANUBIUS,0,20110126,094524,4100,70
PHYLAXIA,0,20110126,094524,46,2222
EGIS,0,20110126,094525,20795,29
RICHTER,0,20110126,094532,43280,1
RICHTER,0,20110126,094532,43280,5
ZWACK,0,20110126,094536,14750,5
SYNERGON,0,20110126,094538,510,150
MOL,0,20110126,094553,22150,50
OTP,0,20110126,094611,5730,500
OTP,0,20110126,094611,5730,1829
CSEPEL,0,20110126,094615,449,209
MTELEKOM,0,20110126,094617,553,217
OTP,0,20110126,094625,5733,20
OTP,0,20110126,094625,5733,1
OTP,0,20110126,094625,5733,69
BUX1112,0,20110126,094650,23605,2
CSEPEL,0,20110126,094652,449,291
BUX1112,0,20110126,094653,23610,5
BUX1112,0,20110126,094657,23612,5
OTP,0,20110126,094658,5733,31
OTP,0,20110126,094658,5734,1850
OTP,0,20110126,094658,5735,2000
OTP,0,20110126,094658,5735,10
OTP,0,20110126,094658,5735,600
OTP,0,20110126,094658,5737,15
OTP,0,20110126,094658,5737,191
OTP,0,20110126,094658,5739,303
BUX1112,0,20110126,094700,23614.5,2
BUX1112,0,20110126,094700,23615,5
BUX1112,0,20110126,094700,23615,2
BUX1112,0,20110126,094700,23615,2
BUX1112,0,20110126,094700,23618,2
BUX1112,0,20110126,094700,23618.5,2
BUX1112,0,20110126,094700,23620,2
BUX1112,0,20110126,094700,23620,5
MOL,0,20110126,094704,22150,20
RICHTER,0,20110126,094706,43150,7
OTP,0,20110126,094706,5739,197
OTP,0,20110126,094706,5739,20
OTP,0,20110126,094706,5739,100
OTP,0,20110126,094706,5739,204
OTP,0,20110126,094706,5740,43
OTP,0,20110126,094706,5740,95
OTP,0,20110126,094706,5740,100
OTP,0,20110126,094706,5740,4241
OTP,0,20110126,094706,5740,50
OTP,0,20110126,094709,5740,6
BUX1112,0,20110126,094711,23628,10
OTP,0,20110126,094714,5740,13
OTP,0,20110126,094717,5736,588
OTP,0,20110126,094731,5740,156
OTP,0,20110126,094734,5740,20
OTP,0,20110126,094740,5740,406
BUX1112,0,20110126,094741,23628.5,2
BUX1112,0,20110126,094741,23629,2
BUX1112,0,20110126,094741,23630,3
BUX1112,0,20110126,094741,23630,1
BUX1112,0,20110126,094746,23630,1
BUX1112,0,20110126,094746,23634,1
MOL,0,20110126,094747,22150,80
MOL,0,20110126,094747,22150,20
MOL,0,20110126,094749,22150,111
MOL,0,20110126,094749,22150,49
RICHTER,0,20110126,094750,43285,30
RICHTER,0,20110126,094750,43290,11
OTP,0,20110126,094756,5740,108
OTP,0,20110126,094756,5740,71
OTP,0,20110126,094756,5740,100
OTP,0,20110126,094756,5740,20
OTP,0,20110126,094756,5740,20
OTP,0,20110126,094756,5740,80
OTP,0,20110126,094756,5740,200
BUX1112,0,20110126,094759,23637,1
BUX1112,0,20110126,094759,23640,1
BUX1112,0,20110126,094759,23640,1
BUX1112,0,20110126,094759,23644.5,1
BUX1112,0,20110126,094759,23645,1
MTELEKOM,0,20110126,094803,553,50
PANNERGY,0,20110126,094808,905,86
PANNERGY,0,20110126,094808,905,200
PANNERGY,0,20110126,094808,905,1000
PANNERGY,0,20110126,094808,905,365
PANNERGY,0,20110126,094808,905,29
BUX1112,0,20110126,094809,23645,1
BUX1112,0,20110126,094809,23645,1
BUX1112,0,20110126,094809,23647,1
BUX1112,0,20110126,094809,23647,2
BUX1112,0,20110126,094809,23648,1
BUX1112,0,20110126,094809,23650,3
BUX1112,0,20110126,094809,23650,10
BUX1112,0,20110126,094809,23650,1
OTP,0,20110126,094811,5740,356
RICHTER,0,20110126,094811,43290,9
RICHTER,0,20110126,094811,43300,14
RICHTER,0,20110126,094811,43300,7
RICHTER,0,20110126,094811,43300,50
RICHTER,0,20110126,094811,43300,11
RICHTER,0,20110126,094811,43300,2
RICHTER,0,20110126,094811,43300,2
RICHTER,0,20110126,094811,43300,2
OTP,0,20110126,094811,5741,100
FHB,0,20110126,094814,991,10
OTP,0,20110126,094816,5743,11
OTP,0,20110126,094816,5744,765
OTP,0,20110126,094816,5744,456
OTP,0,20110126,094816,5745,313
OTP,0,20110126,094816,5745,140
OTP,0,20110126,094816,5745,205
BUX1112,0,20110126,094820,23650,10
MOL,0,20110126,094821,22150,77
OTP,0,20110126,094821,5743,1575
BUX1112,0,20110126,094824,23657,1
OTP,0,20110126,094829,5740,644
OTP,0,20110126,094829,5740,356
RICHTER,0,20110126,094830,43310,12
RICHTER,0,20110126,094832,43300,3
OTP,0,20110126,094837,5745,295
OTP,0,20110126,094837,5745,50
OTP,0,20110126,094837,5746,10
OTP,0,20110126,094837,5746,826
OTP,0,20110126,094837,5748,35
OTP,0,20110126,094837,5749,100
OTP,0,20110126,094837,5749,32
OTP,0,20110126,094837,5749,100
OTP,0,20110126,094837,5749,100
OTP,0,20110126,094837,5749,500
OTP,0,20110126,094837,5749,506
OTP,0,20110126,094837,5749,5600
OTP,0,20110126,094837,5750,1000
OTP,0,20110126,094837,5750,2000
OTP,0,20110126,094837,5750,1100
OTP,0,20110126,094837,5750,180
OTP,0,20110126,094837,5750,100
OTP,0,20110126,094837,5750,8
OTP,0,20110126,094837,5750,25
OTP,0,20110126,094837,5750,200
OTP,0,20110126,094837,5750,150
OTP,0,20110126,094837,5750,40
OTP,0,20110126,094837,5750,100
OTP,0,20110126,094837,5750,300
OTP,0,20110126,094837,5750,50
OTP,0,20110126,094837,5750,50
OTP,0,20110126,094837,5750,153
OTP,0,20110126,094837,5750,260
OTP,0,20110126,094837,5750,64
OTP,0,20110126,094837,5750,66
OTP,0,20110126,094837,5750,250
OTP,0,20110126,094837,5750,80
OTP,0,20110126,094840,5750,1104
OTP,0,20110126,094840,5750,5
OTP,0,20110126,094840,5750,17
OTP,0,20110126,094840,5750,20
OTP,0,20110126,094840,5750,130
OTP,0,20110126,094840,5750,100
OTP,0,20110126,094840,5750,1000
OTP,0,20110126,094843,5749,3
OTP,0,20110126,094845,5749,996
BUX1112,0,20110126,094850,23656,1
BUX1112,0,20110126,094853,23657.5,1
BUX1112,0,20110126,094853,23653,4
EGIS,0,20110126,094900,20770,16
EGIS,0,20110126,094900,20765,24
EGIS,0,20110126,094900,20750,10
RICHTER,0,20110126,094900,43165,32
OTP,0,20110126,094907,5750,3000
OTP,0,20110126,094909,5750,3
OTP,0,20110126,094911,5750,6997
OTP,0,20110126,094915,5750,3
OTP,0,20110126,094915,5750,9
OTP,0,20110126,094920,5750,978
OTP,0,20110126,094933,5750,100
OTP,0,20110126,094937,5750,500
OTP,0,20110126,094939,5750,50
OTP,0,20110126,094941,5751,300
OTP,0,20110126,094941,5751,100
BUX1112,0,20110126,094942,23650,3
RICHTER,0,20110126,094942,43300,7
RICHTER,0,20110126,094942,43300,15
MTELEKOM,0,20110126,094950,554,411
MTELEKOM,0,20110126,094950,554,2489
OTP,0,20110126,094952,5751,100
BUX1112,0,20110126,094954,23631,5
BUX1112,0,20110126,094954,23630,6
BUX1112,0,20110126,094954,23622,5
BUX1112,0,20110126,094954,23620,5
BUX1112,0,20110126,094954,23616,5
BUX1112,0,20110126,094954,23615,24
OTP,0,20110126,095003,5751,500
OTP,0,20110126,095004,5751,10
OTP,0,20110126,095005,5751,44
MOL,0,20110126,095008,22160,7
PHYLAXIA,0,20110126,095014,46,500
OTP,0,20110126,095014,5753,13
OTP,0,20110126,095014,5755,20
OTP,0,20110126,095014,5755,879
OTP,0,20110126,095014,5755,88
BUX1112,0,20110126,095019,23621,1
ZWACK,0,20110126,095021,14765,7
FHB,0,20110126,095030,991,332
FHB,0,20110126,095030,992,479
OTP,0,20110126,095030,5755,412
OTP,0,20110126,095030,5755,108
BUX1112,0,20110126,095033,23621.5,5
OTP,0,20110126,095039,5753,20
OTP,0,20110126,095039,5751,80
OTP,0,20110126,095039,5751,866
MOL,0,20110126,095044,22180,5
RICHTER,0,20110126,095046,43300,1
OTP,0,20110126,095047,5751,100
RICHTER,0,20110126,095055,43170,5
RICHTER,0,20110126,095055,43170,2
OTP,0,20110126,095056,5755,91
OTP,0,20110126,095056,5755,1190
OTP,0,20110126,095056,5755,1900
RICHTER,0,20110126,095058,43165,2
ZWACK,0,20110126,095058,14765,10
MTELEKOM,0,20110126,095100,554,1883
MOL,0,20110126,095103,22160,93
RICHTER,0,20110126,095103,43165,4
OTP,0,20110126,095112,5751,34
BUX1112,0,20110126,095114,23630,5
BUX1112,0,20110126,095118,23642.5,5
MOL,0,20110126,095122,22160,157
MOL,0,20110126,095122,22160,128
MOL,0,20110126,095122,22160,46
OTP,0,20110126,095123,5751,2866
OTP,0,20110126,095123,5750,350
OTP,0,20110126,095123,5750,1284
RICHTER,0,20110126,095125,43300,5
MTELEKOM,0,20110126,095131,554,5000
MTELEKOM,0,20110126,095132,552,1667
MTELEKOM,0,20110126,095132,552,299
RFV,0,20110126,095158,8855,8
RICHTER,0,20110126,095201,43310,50
OTP,0,20110126,095203,5755,100
OTP,0,20110126,095203,5755,1616
OTP,0,20110126,095203,5755,30
OTP,0,20110126,095203,5757,250
OTP,0,20110126,095203,5758,200
OTP,0,20110126,095203,5758,50
OTP,0,20110126,095203,5758,25
OTP,0,20110126,095203,5759,100
OTP,0,20110126,095203,5760,20
OTP,0,20110126,095203,5760,2609
OTP,0,20110126,095203,5760,400
OTP,0,20110126,095203,5760,300
OTP,0,20110126,095204,5751,20
MOL,0,20110126,095206,22155,60
OTP,0,20110126,095206,5760,555
OTP,0,20110126,095206,5760,1264
OTP,0,20110126,095206,5760,50
OTP,0,20110126,095206,5760,1361
OTP,0,20110126,095206,5760,50
OTP,0,20110126,095206,5760,500
OTP,0,20110126,095206,5760,70
OTP,0,20110126,095210,5761,5
OTP,0,20110126,095212,5761,6
OTP,0,20110126,095213,5760,12
OTP,0,20110126,095214,5760,323
MOL,0,20110126,095215,22150,43
BUX1112,0,20110126,095217,23640,2
BUX1112,0,20110126,095217,23643,14
BUX1112,0,20110126,095217,23644,2
DANUBIUS,0,20110126,095217,4100,90
BUX1112,0,20110126,095219,23645,2
OTP,0,20110126,095226,5765,50
OTP,0,20110126,095226,5765,250
OTP,0,20110126,095232,5766,1000
PHYLAXIA,0,20110126,095236,47,3000
PHYLAXIA,0,20110126,095236,47,860
PHYLAXIA,0,20110126,095236,47,1140
RICHTER,0,20110126,095250,43300,14
PHYLAXIA,0,20110126,095252,47,2000
MTELEKOM,0,20110126,095303,552,394
OTP,0,20110126,095306,5760,200
OTP,0,20110126,095308,5760,20
OTP,0,20110126,095308,5760,30
FHB,0,20110126,095313,992,9
OTP,0,20110126,095316,5760,361
OTP,0,20110126,095320,5765,100
OTP,0,20110126,095320,5765,20
OTP,0,20110126,095320,5765,100
OTP,0,20110126,095320,5766,80
OTP,0,20110126,095320,5765,50
OTP,0,20110126,095320,5766,40
BUX1112,0,20110126,095321,23645,3
BUX1112,0,20110126,095321,23646,5
MOL,0,20110126,095325,22180,19
MOL,0,20110126,095325,22180,143
MOL,0,20110126,095325,22185,9
MOL,0,20110126,095325,22185,100
MOL,0,20110126,095325,22185,190
MOL,0,20110126,095325,22190,250
MOL,0,20110126,095325,22200,10
MOL,0,20110126,095325,22200,300
MOL,0,20110126,095325,22200,10
MOL,0,20110126,095325,22200,100
MOL,0,20110126,095326,22150,20
MOL,0,20110126,095326,22150,6
BUX1112,0,20110126,095328,23648,1
BUX1112,0,20110126,095328,23649,4
BUX1112,0,20110126,095328,23650,2
BUX1112,0,20110126,095329,23655,3
MOL,0,20110126,095332,22150,199
ZWACK,0,20110126,095335,14765,3
MOL,0,20110126,095336,22205,6
BUX1112,0,20110126,095338,23650,5
FHB,0,20110126,095340,992,12
FHB,0,20110126,095340,992,170
FHB,0,20110126,095340,992,1000
FHB,0,20110126,095340,993,990
FHB,0,20110126,095340,993,48
FHB,0,20110126,095340,994,679
FHB,0,20110126,095340,994,500
FHB,0,20110126,095340,994,50
FHB,0,20110126,095340,994,50
FHB,0,20110126,095340,994,1500
FHB,0,20110126,095340,994,1
RICHTER,0,20110126,095342,43300,5
OTP,0,20110126,095346,5766,80
OTP,0,20110126,095346,5766,50
OTP,0,20110126,095346,5767,200
RICHTER,0,20110126,095356,43300,5
OTP,0,20110126,095358,5767,500
OTP,0,20110126,095409,5767,50
SYNERGON,0,20110126,095409,510,185
SYNERGON,0,20110126,095409,511,200
SYNERGON,0,20110126,095409,512,50
SYNERGON,0,20110126,095409,513,350
SYNERGON,0,20110126,095409,513,115
OTP,0,20110126,095410,5767,50
OTP,0,20110126,095412,5768,25
OTP,0,20110126,095412,5768,25
OTP,0,20110126,095413,5768,10
BUX1112,0,20110126,095414,23657,2
BUX1112,0,20110126,095414,23657.5,1
BUX1112,0,20110126,095414,23660,3
OTP,0,20110126,095415,5767,100
RICHTER,0,20110126,095418,43310,5
OTP,0,20110126,095422,5768,65
OTP,0,20110126,095422,5768,50
OTP,0,20110126,095422,5768,225
RICHTER,0,20110126,095422,43310,4
RICHTER,0,20110126,095422,43310,8
OTP,0,20110126,095422,5768,1239
OTP,0,20110126,095422,5769,500
OTP,0,20110126,095422,5769,100
OTP,0,20110126,095422,5769,1045
OTP,0,20110126,095422,5770,2453
OTP,0,20110126,095422,5770,370
OTP,0,20110126,095422,5770,23
OTP,0,20110126,095422,5770,27
OTP,0,20110126,095422,5770,40
OTP,0,20110126,095422,5770,51
OTP,0,20110126,095422,5770,275
OTP,0,20110126,095422,5770,200
OTP,0,20110126,095422,5770,100
OTP,0,20110126,095422,5770,25
OTP,0,20110126,095422,5770,159
OTP,0,20110126,095422,5770,40
OTP,0,20110126,095422,5770,201
OTP,0,20110126,095422,5770,500
OTP,0,20110126,095422,5770,20
DANUBIUS,0,20110126,095425,4100,11
BUX1112,0,20110126,095426,23650,4
BUX1112,0,20110126,095426,23650,1
FHB,0,20110126,095432,994,499
FHB,0,20110126,095432,995,2000
FHB,0,20110126,095432,995,2501
OTP,0,20110126,095437,5770,340
OTP,0,20110126,095437,5770,640
BUX1112,0,20110126,095440,23664,3
OTP,0,20110126,095440,5770,87
OTP,0,20110126,095441,5773,48
OTP,0,20110126,095441,5775,40
OTP,0,20110126,095441,5775,82
OTP,0,20110126,095445,5775,18
OTP,0,20110126,095445,5775,1000
OTP,0,20110126,095445,5775,60
OTP,0,20110126,095445,5775,122
RICHTER,0,20110126,095445,43300,8
OTP,0,20110126,095449,5775,378
OTP,0,20110126,095449,5775,100
OTP,0,20110126,095451,5775,100
OTP,0,20110126,095453,5777,20
OTP,0,20110126,095453,5777,20
OTP,0,20110126,095453,5777,21
OTP,0,20110126,095453,5775,44
OTP,0,20110126,095453,5770,1956
RICHTER,0,20110126,095454,43300,38
OTP,0,20110126,095457,5775,2000
BUX1112,0,20110126,095459,23662,1
OTP,0,20110126,095501,5775,100
OTP,0,20110126,095503,5778,42
BUX1112,0,20110126,095504,23650,4
BUX1112,0,20110126,095504,23650,1
OTP,0,20110126,095509,5775,50
OTP,0,20110126,095510,5775,2
OTP,0,20110126,095511,5778,108
OTP,0,20110126,095511,5778,100
OTP,0,20110126,095511,5778,154
OTP,0,20110126,095511,5778,20
OTP,0,20110126,095511,5778,100
OTP,0,20110126,095511,5779,50
OTP,0,20110126,095511,5779,1000
OTP,0,20110126,095511,5779,100
OTP,0,20110126,095511,5779,100
OTP,0,20110126,095511,5779,40
OTP,0,20110126,095511,5780,100
OTP,0,20110126,095511,5780,155
OTP,0,20110126,095511,5780,40
OTP,0,20110126,095511,5780,10
OTP,0,20110126,095511,5780,25
OTP,0,20110126,095511,5780,61
OTP,0,20110126,095511,5780,800
OTP,0,20110126,095511,5780,250
OTP,0,20110126,095511,5780,550
OTP,0,20110126,095511,5780,610
OTP,0,20110126,095511,5780,150
OTP,0,20110126,095511,5780,370
MTELEKOM,0,20110126,095511,554,228
MTELEKOM,0,20110126,095511,554,500
MTELEKOM,0,20110126,095511,554,102
MTELEKOM,0,20110126,095511,554,6300
RICHTER,0,20110126,095512,43310,7
RICHTER,0,20110126,095512,43320,34
MTELEKOM,0,20110126,095513,553,1327
MTELEKOM,0,20110126,095514,553,177
BUX1112,0,20110126,095515,23660,1
OTP,0,20110126,095515,5780,25
OTP,0,20110126,095516,5780,50
FHB,0,20110126,095517,993,1000
OTP,0,20110126,095524,5784,50
OTP,0,20110126,095524,5785,150
OTP,0,20110126,095524,5785,239
OTP,0,20110126,095526,5780,10
OTP,0,20110126,095537,5780,2022
OTP,0,20110126,095537,5780,978
OTP,0,20110126,095540,5780,3
OTP,0,20110126,095541,5780,90
OTP,0,20110126,095542,5780,50
OTP,0,20110126,095544,5780,1024
OTP,0,20110126,095544,5780,100
OTP,0,20110126,095544,5780,100
OTP,0,20110126,095547,5780,776
OTP,0,20110126,095547,5780,1124
ZWACK,0,20110126,095549,14775,5
MOL,0,20110126,095550,22170,11
MOL,0,20110126,095553,22170,11
EGIS,0,20110126,095555,20800,15
MOL,0,20110126,095556,22155,46
OTP,0,20110126,095600,5775,48
OTP,0,20110126,095600,5775,400
OTP,0,20110126,095600,5771,207
OTP,0,20110126,095600,5770,113
MOL,0,20110126,095603,22155,4
MOL,0,20110126,095603,22150,1
RICHTER,0,20110126,095605,43320,1
OTP,0,20110126,095609,5770,100
OTP,0,20110126,095610,5770,100
OTP,0,20110126,095621,5775,50
OTP,0,20110126,095621,5775,1348
OTP,0,20110126,095627,5780,200
OTP,0,20110126,095627,5780,500
OTP,0,20110126,095627,5780,50
OTP,0,20110126,095627,5780,109
OTP,0,20110126,095627,5780,150
OTP,0,20110126,095627,5780,1000
OTP,0,20110126,095627,5780,200
OTP,0,20110126,095631,5780,3000
OTP,0,20110126,095638,5775,50
RICHTER,0,20110126,095640,43320,8
OTP,0,20110126,095647,5775,60
RICHTER,0,20110126,095647,43300,10
OTP,0,20110126,095654,5775,10
OTP,0,20110126,095656,5779,2
RICHTER,0,20110126,095701,43340,5
RICHTER,0,20110126,095701,43350,14
RICHTER,0,20110126,095701,43350,7
RICHTER,0,20110126,095701,43355,9
RICHTER,0,20110126,095701,43380,70
RICHTER,0,20110126,095701,43390,2
RICHTER,0,20110126,095701,43390,166
RICHTER,0,20110126,095701,43390,30
RICHTER,0,20110126,095701,43400,5
RICHTER,0,20110126,095701,43400,14
RICHTER,0,20110126,095701,43400,9
RICHTER,0,20110126,095701,43400,29
RICHTER,0,20110126,095701,43445,2
RICHTER,0,20110126,095701,43450,4
RICHTER,0,20110126,095701,43450,2
RICHTER,0,20110126,095701,43475,40
RICHTER,0,20110126,095701,43480,92
MOL,0,20110126,095701,22200,276
MOL,0,20110126,095701,22200,128
MOL,0,20110126,095701,22200,44
MOL,0,20110126,095701,22200,45
MOL,0,20110126,095701,22205,94
MOL,0,20110126,095701,22205,230
MOL,0,20110126,095701,22220,8
MOL,0,20110126,095701,22230,50
RICHTER,0,20110126,095702,43300,58
MOL,0,20110126,095703,22230,70
RICHTER,0,20110126,095706,43300,45
MOL,0,20110126,095707,22230,55
BUX1112,0,20110126,095728,23652.5,1
OTP,0,20110126,095735,5775,50
OTP,0,20110126,095739,5775,25
OTP,0,20110126,095739,5775,1203
OTP,0,20110126,095739,5770,1590
OTP,0,20110126,095739,5770,307
FHB,0,20110126,095741,992,10
MOL,0,20110126,095742,22200,55
OTP,0,20110126,095743,5770,100
OTP,0,20110126,095746,5770,237
OTP,0,20110126,095802,5770,82
MTELEKOM,0,20110126,095803,553,96
MTELEKOM,0,20110126,095803,553,205
OTP,0,20110126,095805,5770,10
OTP,0,20110126,095808,5770,10
OTP,0,20110126,095809,5770,88
OTP,0,20110126,095809,5770,706
OTP,0,20110126,095809,5770,294
RICHTER,0,20110126,095812,43475,10
OTP,0,20110126,095813,5770,20
FHB,0,20110126,095813,994,10
MTELEKOM,0,20110126,095818,554,9600
OTP,0,20110126,095820,5772,154
RICHTER,0,20110126,095825,43475,13
OTP,0,20110126,095828,5773,20
OTP,0,20110126,095828,5773,1275
OTP,0,20110126,095828,5773,184
OTP,0,20110126,095830,5770,36
OTP,0,20110126,095830,5770,171
OTP,0,20110126,095830,5770,100
GENESIS,0,20110126,095832,207,8
GENESIS,0,20110126,095832,206,392
RICHTER,0,20110126,095835,43315,26
OTP,0,20110126,095837,5770,10
OTP,0,20110126,095838,5770,10
MOL,0,20110126,095838,22200,195
MOL,0,20110126,095838,22200,42
ZWACK,0,20110126,095844,14800,1
ZWACK,0,20110126,095844,14800,12
OTP,0,20110126,095846,5770,300
OTP,0,20110126,095846,5770,50
BUX1112,0,20110126,095848,23631,3
OTP,0,20110126,095857,5770,17
OTP,0,20110126,095858,5770,20
MTELEKOM,0,20110126,095859,554,8600
BUX1112,0,20110126,095907,23645,1
RICHTER,0,20110126,095909,43475,87
RICHTER,0,20110126,095909,43475,15
RICHTER,0,20110126,095909,43475,128
RICHTER,0,20110126,095911,43350,22
OTP,0,20110126,095914,5770,50
EGIS,0,20110126,095915,20800,10
RICHTER,0,20110126,095915,43350,29
OTP,0,20110126,095923,5770,200
MOL,0,20110126,095940,22175,50
MOL,0,20110126,095940,22175,153
MOL,0,20110126,095946,22200,50
RFV,0,20110126,095949,8855,29
RFV,0,20110126,095949,8855,25
RFV,0,20110126,095949,8860,10
RFV,0,20110126,095949,8870,10
RFV,0,20110126,095949,8875,18
RFV,0,20110126,095949,8880,108
BUX1112,0,20110126,095951,23640,2
OTP,0,20110126,095954,5770,72
OTP,0,20110126,095954,5770,600
OTP,0,20110126,095954,5770,328
OTP,0,20110126,095956,5770,50
OTP,0,20110126,100004,5774,160
OTP,0,20110126,100004,5774,100
OTP,0,20110126,100004,5774,100
OTP,0,20110126,100004,5774,181
OTP,0,20110126,100004,5775,80
OTP,0,20110126,100004,5775,143
OTP,0,20110126,100004,5775,950
OTP,0,20110126,100004,5775,219
BUX1112,0,20110126,100004,23631,2
BUX1112,0,20110126,100004,23631,2
CSEPEL,0,20110126,100005,447,40
MOL,0,20110126,100005,22200,150
RFV,0,20110126,100006,8880,17
RFV,0,20110126,100006,8890,15
RFV,0,20110126,100006,8890,118
MOL,0,20110126,100008,22200,32
MOL,0,20110126,100013,22200,92
MOL,0,20110126,100018,22200,29
RFV,0,20110126,100020,8890,32
RFV,0,20110126,100020,8895,25
RFV,0,20110126,100020,8900,50
RFV,0,20110126,100020,8900,333
RFV,0,20110126,100020,8900,60
RFV,0,20110126,100020,8900,400
GENESIS,0,20110126,100021,210,30
RICHTER,0,20110126,100030,43430,10
BUX1112,0,20110126,100030,23632,5
BUX1112,0,20110126,100030,23632,2
ZWACK,0,20110126,100031,14800,5
MTELEKOM,0,20110126,100033,555,800
MTELEKOM,0,20110126,100033,555,1000
MTELEKOM,0,20110126,100033,555,1385
OTP,0,20110126,100034,5774,1531
OTP,0,20110126,100034,5775,131
OTP,0,20110126,100034,5775,50
OTP,0,20110126,100034,5775,400
OTP,0,20110126,100044,5771,800
OTP,0,20110126,100053,5771,40
HUMET,0,20110126,100053,10,1
BUX1112,0,20110126,100055,23645,1
BUX1112,0,20110126,100055,23645,3
BUX1112,0,20110126,100055,23646,5
BUX1112,0,20110126,100055,23647,5
BUX1112,0,20110126,100055,23647,3
BUX1112,0,20110126,100055,23649,4
BUX1112,0,20110126,100055,23650,5
BUX1112,0,20110126,100055,23650,2
MOL,0,20110126,100057,22200,200
RABA,0,20110126,100106,834,300
RABA,0,20110126,100106,834,12
RICHTER,0,20110126,100107,43465,2
RICHTER,0,20110126,100107,43465,8
RICHTER,0,20110126,100107,43470,5
RICHTER,0,20110126,100107,43470,50
RICHTER,0,20110126,100107,43475,22
RICHTER,0,20110126,100107,43485,5
RICHTER,0,20110126,100107,43490,130
RICHTER,0,20110126,100107,43490,50
RICHTER,0,20110126,100107,43490,10
RICHTER,0,20110126,100107,43495,20
RICHTER,0,20110126,100107,43495,50
RICHTER,0,20110126,100107,43500,11
RICHTER,0,20110126,100107,43500,37
RICHTER,0,20110126,100108,43410,24
RICHTER,0,20110126,100111,43410,22
RICHTER,0,20110126,100111,43500,72
RICHTER,0,20110126,100111,43500,7
RICHTER,0,20110126,100111,43500,7
RICHTER,0,20110126,100111,43500,7
RICHTER,0,20110126,100111,43500,26
RICHTER,0,20110126,100111,43500,14
RICHTER,0,20110126,100111,43500,18
RICHTER,0,20110126,100111,43500,7
RICHTER,0,20110126,100111,43500,18
RICHTER,0,20110126,100111,43500,11
RICHTER,0,20110126,100111,43500,80
RICHTER,0,20110126,100111,43500,76
RICHTER,0,20110126,100111,43500,20
RICHTER,0,20110126,100111,43500,20
RICHTER,0,20110126,100111,43500,7
RICHTER,0,20110126,100111,43500,88
OTP,0,20110126,100112,5771,45
BUX1112,0,20110126,100113,23650,7
BUX1112,0,20110126,100113,23650,3
FHB,0,20110126,100113,993,25
MOL,0,20110126,100115,22235,50
MOL,0,20110126,100115,22235,132
MOL,0,20110126,100115,22240,50
MOL,0,20110126,100115,22240,100
MOL,0,20110126,100115,22245,100
MOL,0,20110126,100115,22245,50
MOL,0,20110126,100115,22250,3
MOL,0,20110126,100115,22250,200
MOL,0,20110126,100115,22250,10
RICHTER,0,20110126,100115,43405,100
RICHTER,0,20110126,100117,43500,158
RICHTER,0,20110126,100117,43500,5
RICHTER,0,20110126,100117,43500,20
RICHTER,0,20110126,100117,43500,35
RICHTER,0,20110126,100117,43500,8
RICHTER,0,20110126,100117,43500,5
RICHTER,0,20110126,100117,43500,5
RICHTER,0,20110126,100117,43500,5
MOL,0,20110126,100118,22250,55
MOL,0,20110126,100118,22200,21
MOL,0,20110126,100118,22200,250
MOL,0,20110126,100119,22200,1
EGIS,0,20110126,100119,20865,15
BUX1112,0,20110126,100120,23652.5,4
RICHTER,0,20110126,100123,43400,2
OTP,0,20110126,100123,5771,313
BUX1112,0,20110126,100123,23660,2
EGIS,0,20110126,100124,20875,8
EGIS,0,20110126,100124,20880,15
RICHTER,0,20110126,100124,43400,92
RICHTER,0,20110126,100127,43500,67
RICHTER,0,20110126,100129,43400,36
BUX1112,0,20110126,100131,23660,1
OTP,0,20110126,100137,5771,49
MOL,0,20110126,100139,22200,41
EBGOLD,0,20110126,100139,2697,25
MOL,0,20110126,100142,22200,9
BUX1112,0,20110126,100143,23660,1
EGIS,0,20110126,100143,20885,5
EGIS,0,20110126,100143,20885,14
MTELEKOM,0,20110126,100144,554,33
BUX1112,0,20110126,100156,23660,1
BUX1112,0,20110126,100159,23660,17
BUX1112,0,20110126,100159,23660,3
OTP,0,20110126,100202,5775,93
OTP,0,20110126,100202,5775,54
OTP,0,20110126,100202,5775,5000
BUX1112,0,20110126,100202,23660,3
MOL,0,20110126,100207,22200,150
BUX1112,0,20110126,100216,23651,5
BUX1112,0,20110126,100220,23660,4
BUX1112,0,20110126,100223,23660,1
RICHTER,0,20110126,100225,43405,20
OTP,0,20110126,100232,5771,300
OTP,0,20110126,100233,5771,10
OTP,0,20110126,100239,5773,20
RICHTER,0,20110126,100240,43500,5
RICHTER,0,20110126,100240,43500,10
RICHTER,0,20110126,100240,43500,2
ZWACK,0,20110126,100242,14800,3
RICHTER,0,20110126,100244,43500,25
EBGOLD,0,20110126,100246,2697,10
RICHTER,0,20110126,100253,43500,100
RICHTER,0,20110126,100254,43410,8
OTP,0,20110126,100255,5776,20
OTP,0,20110126,100255,5776,1199
OTP,0,20110126,100255,5777,50
OTP,0,20110126,100255,5777,100
OTP,0,20110126,100255,5778,150
OTP,0,20110126,100255,5778,100
OTP,0,20110126,100255,5778,238
OTP,0,20110126,100255,5778,1261
OTP,0,20110126,100300,5779,8
OTP,0,20110126,100300,5779,50
OTP,0,20110126,100300,5779,500
OTP,0,20110126,100300,5779,300
OTP,0,20110126,100300,5780,20
OTP,0,20110126,100300,5780,50
OTP,0,20110126,100300,5780,100
OTP,0,20110126,100300,5780,500
OTP,0,20110126,100300,5780,34
OTP,0,20110126,100300,5780,50
OTP,0,20110126,100300,5780,5000
OTP,0,20110126,100300,5780,60
OTP,0,20110126,100300,5780,3328
RICHTER,0,20110126,100300,43405,25
OTP,0,20110126,100302,5780,1672
OTP,0,20110126,100302,5780,400
OTP,0,20110126,100302,5780,200
OTP,0,20110126,100302,5780,100
OTP,0,20110126,100302,5780,10
OTP,0,20110126,100302,5780,140
MTELEKOM,0,20110126,100303,554,649
MTELEKOM,0,20110126,100308,554,564
OTP,0,20110126,100309,5783,10
OTP,0,20110126,100309,5783,7
OTP,0,20110126,100309,5783,15
OTP,0,20110126,100309,5783,25
OTP,0,20110126,100309,5783,58
OTP,0,20110126,100309,5784,100
OTP,0,20110126,100309,5784,25
OTP,0,20110126,100309,5784,250
OTP,0,20110126,100309,5784,100
OTP,0,20110126,100309,5784,480
OTP,0,20110126,100309,5784,5
OTP,0,20110126,100309,5784,15
OTP,0,20110126,100309,5784,30
FHB,0,20110126,100313,993,9
PHYLAXIA,0,20110126,100315,46,12278
PHYLAXIA,0,20110126,100315,46,26922
OTP,0,20110126,100318,5780,100
MTELEKOM,0,20110126,100319,555,4775
MTELEKOM,0,20110126,100319,555,1500
MTELEKOM,0,20110126,100319,555,10800
MTELEKOM,0,20110126,100319,555,15000
MTELEKOM,0,20110126,100319,555,1000
MTELEKOM,0,20110126,100319,555,19000
MTELEKOM,0,20110126,100319,555,17925
OTP,0,20110126,100320,5781,355
OTP,0,20110126,100323,5781,50
BUX1112,0,20110126,100326,23655,5
BUX1112,0,20110126,100326,23651,5
BUX1112,0,20110126,100326,23651,10
BUX1112,0,20110126,100326,23650,7
BUX1112,0,20110126,100326,23650,33
MTELEKOM,0,20110126,100328,555,3112
MTELEKOM,0,20110126,100328,555,10000
MTELEKOM,0,20110126,100328,555,184
MOL,0,20110126,100330,22180,50
MOL,0,20110126,100330,22180,346
BUX1112,0,20110126,100331,23666,2
BUX1112,0,20110126,100331,23666,3
BUX1112,0,20110126,100331,23669,3
BUX1112,0,20110126,100331,23670,2
BUX1112,0,20110126,100331,23670,5
BUX1112,0,20110126,100331,23672,2
BUX1112,0,20110126,100331,23672,1
BUX1112,0,20110126,100331,23674,2
BUX1112,0,20110126,100331,23675,1
BUX1112,0,20110126,100331,23676,2
BUX1112,0,20110126,100331,23680,2
BUX1112,0,20110126,100331,23685,2
MOL,0,20110126,100332,22200,5
BUX1112,0,20110126,100333,23680,17
MOL,0,20110126,100334,22180,79
OTP,0,20110126,100334,5783,10
OTP,0,20110126,100335,5785,261
OTP,0,20110126,100335,5785,200
OTP,0,20110126,100335,5785,200
OTP,0,20110126,100335,5785,100
OTP,0,20110126,100335,5785,100
OTP,0,20110126,100335,5785,40
OTP,0,20110126,100335,5785,50
OTP,0,20110126,100339,5783,51
FHB,0,20110126,100339,993,22
FHB,0,20110126,100340,993,49
OTP,0,20110126,100340,5786,1000
RFV,0,20110126,100341,8900,40
FHB,0,20110126,100345,994,10
FHB,0,20110126,100345,994,95
OTP,0,20110126,100356,5785,100
MOL,0,20110126,100357,22200,8
MOL,0,20110126,100357,22200,142
OTP,0,20110126,100358,5785,70
OTP,0,20110126,100403,5787,100
OTP,0,20110126,100403,5787,800
FHB,0,20110126,100405,993,451
OTP,0,20110126,100406,5785,830
OTP,0,20110126,100407,5783,119
OTP,0,20110126,100407,5781,81
RICHTER,0,20110126,100410,43510,30
RICHTER,0,20110126,100410,43510,15
RICHTER,0,20110126,100410,43545,5
OTP,0,20110126,100410,5781,206
PHYLAXIA,0,20110126,100411,47,1860
PHYLAXIA,0,20110126,100411,47,40
BUX1112,0,20110126,100418,23663,1
OTP,0,20110126,100420,5785,170
OTP,0,20110126,100420,5785,1381
RICHTER,0,20110126,100420,43500,16
MOL,0,20110126,100428,22200,3
HUMET,0,20110126,100431,9,1
OTP,0,20110126,100439,5785,150
OTP,0,20110126,100445,5785,299
OTP,0,20110126,100500,5785,1000
OTP,0,20110126,100503,5785,1201
OTP,0,20110126,100507,5785,20
RICHTER,0,20110126,100516,43545,13
OTP,0,20110126,100516,5786,90
OTP,0,20110126,100516,5785,210
OTP,0,20110126,100517,5788,20
OTP,0,20110126,100517,5788,50
OTP,0,20110126,100517,5789,50
OTP,0,20110126,100517,5789,20
OTP,0,20110126,100517,5789,100
OTP,0,20110126,100517,5789,30
OTP,0,20110126,100517,5790,432
OTP,0,20110126,100517,5790,5000
OTP,0,20110126,100517,5790,190
OTP,0,20110126,100517,5790,100
OTP,0,20110126,100517,5790,8
OTP,0,20110126,100517,5790,192
OTP,0,20110126,100517,5790,8
OTP,0,20110126,100520,5790,992
OTP,0,20110126,100520,5790,100
OTP,0,20110126,100520,5790,200
OTP,0,20110126,100520,5790,133
OTP,0,20110126,100520,5790,500
OTP,0,20110126,100520,5790,195
OTP,0,20110126,100520,5790,7
OTP,0,20110126,100527,5790,2127
BUX1112,0,20110126,100528,23675,2
OTP,0,20110126,100529,5790,50
BUX1112,0,20110126,100531,23666,1
BUX1112,0,20110126,100531,23686,5
BUX1112,0,20110126,100531,23690,2
BUX1112,0,20110126,100531,23691,5
BUX1112,0,20110126,100531,23694,2
BUX1112,0,20110126,100531,23695,14
BUX1112,0,20110126,100531,23698,1
BUX1112,0,20110126,100531,23698,1
BUX1112,0,20110126,100531,23699,1
BUX1112,0,20110126,100531,23699,1
BUX1112,0,20110126,100531,23700,10
BUX1112,0,20110126,100531,23700,25
BUX1112,0,20110126,100531,23700,2
OTP,0,20110126,100531,5790,323
BUX1112,0,20110126,100536,23715,1
BUX1112,0,20110126,100536,23715,1
BUX1112,0,20110126,100536,23719,2
BUX1112,0,20110126,100536,23719,1
RICHTER,0,20110126,100537,43545,2
BUX1112,0,20110126,100540,23705,1
OTP,0,20110126,100543,5791,10
OTP,0,20110126,100543,5793,10
BUX1112,0,20110126,100543,23705,1
OTP,0,20110126,100548,5791,1000
BUX1112,0,20110126,100553,23700,1
OTP,0,20110126,100553,5793,40
OTP,0,20110126,100553,5794,70
OTP,0,20110126,100553,5791,56
OTP,0,20110126,100557,5791,944
OTP,0,20110126,100557,5791,50
OTP,0,20110126,100558,5794,330
OTP,0,20110126,100558,5794,200
OTP,0,20110126,100558,5794,200
OTP,0,20110126,100558,5794,100
OTP,0,20110126,100558,5795,20
OTP,0,20110126,100558,5795,150
OTP,0,20110126,100558,5795,45
OTP,0,20110126,100558,5795,411
OTP,0,20110126,100558,5795,100
OTP,0,20110126,100558,5795,100
OTP,0,20110126,100558,5795,70
OTP,0,20110126,100558,5795,190
OTP,0,20110126,100558,5795,60
OTP,0,20110126,100558,5795,200
OTP,0,20110126,100558,5795,300
OTP,0,20110126,100601,5796,1000
OTP,0,20110126,100601,5796,100
OTP,0,20110126,100601,5796,200
OTP,0,20110126,100601,5797,20
OTP,0,20110126,100601,5797,100
OTP,0,20110126,100601,5797,100
OTP,0,20110126,100601,5797,780
OTP,0,20110126,100605,5797,220
OTP,0,20110126,100605,5798,50
OTP,0,20110126,100605,5798,2000
OTP,0,20110126,100605,5798,1510
OTP,0,20110126,100605,5798,1000
OTP,0,20110126,100605,5798,90
OTP,0,20110126,100605,5799,185
OTP,0,20110126,100605,5799,18
OTP,0,20110126,100605,5799,560
OTP,0,20110126,100605,5799,500
OTP,0,20110126,100605,5799,1000
OTP,0,20110126,100605,5799,10
OTP,0,20110126,100605,5799,20
OTP,0,20110126,100605,5799,250
OTP,0,20110126,100605,5799,173
OTP,0,20110126,100605,5799,100
OTP,0,20110126,100605,5799,250
OTP,0,20110126,100605,5799,400
OTP,0,20110126,100605,5799,20
OTP,0,20110126,100605,5799,300
OTP,0,20110126,100605,5799,100
OTP,0,20110126,100605,5800,35
OTP,0,20110126,100605,5800,120
OTP,0,20110126,100605,5800,600
OTP,0,20110126,100605,5800,95
OTP,0,20110126,100605,5800,22
OTP,0,20110126,100605,5800,320
OTP,0,20110126,100605,5800,920
OTP,0,20110126,100605,5800,360
OTP,0,20110126,100605,5800,215
OTP,0,20110126,100605,5800,80
OTP,0,20110126,100605,5800,611
OTP,0,20110126,100605,5800,165
OTP,0,20110126,100605,5800,70
OTP,0,20110126,100605,5800,20
OTP,0,20110126,100605,5800,23
OTP,0,20110126,100605,5800,300
OTP,0,20110126,100605,5800,410
OTP,0,20110126,100605,5800,11
OTP,0,20110126,100605,5800,35
OTP,0,20110126,100605,5800,6000
OTP,0,20110126,100605,5800,185
OTP,0,20110126,100605,5800,400
OTP,0,20110126,100605,5800,180
OTP,0,20110126,100605,5800,3
OTP,0,20110126,100605,5800,208
OTP,0,20110126,100605,5800,25
OTP,0,20110126,100605,5800,50
OTP,0,20110126,100605,5800,95
OTP,0,20110126,100605,5800,1894
OTP,0,20110126,100605,5800,50
OTP,0,20110126,100605,5800,130
OTP,0,20110126,100605,5800,90
OTP,0,20110126,100605,5800,48
OTP,0,20110126,100605,5800,10
OTP,0,20110126,100605,5800,30
OTP,0,20110126,100605,5800,5000
OTP,0,20110126,100605,5800,150
OTP,0,20110126,100605,5800,20
OTP,0,20110126,100605,5800,70
OTP,0,20110126,100605,5800,20
OTP,0,20110126,100605,5800,120
OTP,0,20110126,100605,5800,400
OTP,0,20110126,100605,5800,5000
OTP,0,20110126,100605,5800,5000
OTP,0,20110126,100605,5800,800
OTP,0,20110126,100605,5800,108
OTP,0,20110126,100605,5800,3200
OTP,0,20110126,100605,5800,10
OTP,0,20110126,100605,5800,500
OTP,0,20110126,100605,5800,500
OTP,0,20110126,100605,5800,100
OTP,0,20110126,100605,5800,40
OTP,0,20110126,100605,5800,20
OTP,0,20110126,100605,5800,85
OTP,0,20110126,100605,5800,1190
OTP,0,20110126,100605,5800,150
OTP,0,20110126,100605,5800,1000
OTP,0,20110126,100605,5800,54
OTP,0,20110126,100605,5800,200
OTP,0,20110126,100605,5800,174
OTP,0,20110126,100605,5800,500
OTP,0,20110126,100605,5800,300
OTP,0,20110126,100605,5800,100
OTP,0,20110126,100605,5800,100
OTP,0,20110126,100605,5800,155
OTP,0,20110126,100605,5800,18
OTP,0,20110126,100605,5800,950
OTP,0,20110126,100605,5800,20
OTP,0,20110126,100605,5800,420
OTP,0,20110126,100605,5800,570
OTP,0,20110126,100605,5800,1120
OTP,0,20110126,100605,5800,500
OTP,0,20110126,100605,5800,46
OTP,0,20110126,100605,5800,20
OTP,0,20110126,100605,5800,10000
OTP,0,20110126,100605,5800,320
OTP,0,20110126,100605,5800,15
OTP,0,20110126,100605,5800,40
OTP,0,20110126,100605,5800,5
OTP,0,20110126,100605,5800,100
OTP,0,20110126,100605,5800,400
OTP,0,20110126,100605,5800,3000
OTP,0,20110126,100605,5800,570
OTP,0,20110126,100605,5800,30
OTP,0,20110126,100605,5800,200
OTP,0,20110126,100605,5800,1150
OTP,0,20110126,100605,5800,500
BUX1112,0,20110126,100606,23719,1
BUX1112,0,20110126,100606,23720,10
BUX1112,0,20110126,100606,23720,14
BUX1112,0,20110126,100606,23721,1
BUX1112,0,20110126,100606,23739,15
BUX1112,0,20110126,100606,23740,1
OTP,0,20110126,100609,5800,1800
OTP,0,20110126,100609,5800,3200
OTP,0,20110126,100610,5800,12
OTP,0,20110126,100611,5803,124
BUX1112,0,20110126,100612,23740,100
MOL,0,20110126,100615,22200,1
RICHTER,0,20110126,100615,43505,7
OTP,0,20110126,100618,5800,100
OTP,0,20110126,100618,5800,23
OTP,0,20110126,100622,5800,100
MOL,0,20110126,100624,22200,100
OTP,0,20110126,100629,5800,20000
OTP,0,20110126,100633,5800,10
BUX1112,0,20110126,100634,23720,1
OTP,0,20110126,100638,5800,555
OTP,0,20110126,100641,5800,100
BUX1112,0,20110126,100643,23705,1
OTP,0,20110126,100644,5802,40
OTP,0,20110126,100644,5803,36
OTP,0,20110126,100644,5804,200
OTP,0,20110126,100644,5805,900
OTP,0,20110126,100644,5805,160
OTP,0,20110126,100649,5806,20
OTP,0,20110126,100649,5807,71
OTP,0,20110126,100649,5809,9
OTP,0,20110126,100654,5805,100
RICHTER,0,20110126,100656,43510,10
OTP,0,20110126,100657,5805,64
OTP,0,20110126,100657,5805,1274
RICHTER,0,20110126,100658,43510,30
RICHTER,0,20110126,100658,43500,73
MTELEKOM,0,20110126,100658,555,4944
EGIS,0,20110126,100658,20875,27
EGIS,0,20110126,100658,20865,12
MTELEKOM,0,20110126,100702,555,1383
OTP,0,20110126,100703,5808,1000
BUX1112,0,20110126,100705,23720,2
OTP,0,20110126,100706,5806,20
OTP,0,20110126,100708,5805,5
RICHTER,0,20110126,100711,43540,2
RICHTER,0,20110126,100711,43550,4
RICHTER,0,20110126,100711,43550,10
RICHTER,0,20110126,100711,43555,12
MOL,0,20110126,100715,22185,50
MOL,0,20110126,100715,22185,17
OTP,0,20110126,100716,5805,200
OTP,0,20110126,100716,5805,20
BUX1112,0,20110126,100716,23720,1
OTP,0,20110126,100720,5808,700
RFV,0,20110126,100723,8900,30
RFV,0,20110126,100723,8900,70
RICHTER,0,20110126,100723,43555,13
BUX1112,0,20110126,100727,23725,2
BUX1112,0,20110126,100727,23738,1
MTELEKOM,0,20110126,100728,556,1000
MTELEKOM,0,20110126,100728,556,5000
MTELEKOM,0,20110126,100728,556,5000
MTELEKOM,0,20110126,100728,556,2000
MTELEKOM,0,20110126,100728,556,7000
OTP,0,20110126,100729,5801,150
OTP,0,20110126,100729,5801,350
MTELEKOM,0,20110126,100730,555,377
MTELEKOM,0,20110126,100730,555,6000
MTELEKOM,0,20110126,100730,555,1020
OTP,0,20110126,100737,5805,4
MOL,0,20110126,100737,22200,21
MOL,0,20110126,100737,22200,44
OTP,0,20110126,100738,5805,996
EGIS,0,20110126,100739,20865,13
OTP,0,20110126,100739,5802,56
OTP,0,20110126,100739,5802,114
MTELEKOM,0,20110126,100740,556,200
BUX1112,0,20110126,100741,23722,2
OTP,0,20110126,100742,5802,100
PANNERGY,0,20110126,100743,909,580
OTP,0,20110126,100744,5802,686
OTP,0,20110126,100744,5801,2229
OTP,0,20110126,100744,5800,2085
OTP,0,20110126,100744,5800,2000
OTP,0,20110126,100745,5800,11
RICHTER,0,20110126,100745,43500,100
RICHTER,0,20110126,100745,43500,4
RICHTER,0,20110126,100746,43500,7
RICHTER,0,20110126,100746,43500,45
BUX1112,0,20110126,100747,23722,2
DANUBIUS,0,20110126,100749,4100,100
OTP,0,20110126,100749,5800,1804
OTP,0,20110126,100749,5800,1196
OTP,0,20110126,100750,5800,5000
OTP,0,20110126,100751,5801,110
OTP,0,20110126,100751,5801,1000
OTP,0,20110126,100752,5801,1200
OTP,0,20110126,100754,5801,690
OTP,0,20110126,100754,5800,2310
OTP,0,20110126,100754,5800,1494
OTP,0,20110126,100754,5800,90
OTP,0,20110126,100755,5800,3000
BUX1112,0,20110126,100755,23722,6
BUX1112,0,20110126,100755,23720,2
OTP,0,20110126,100755,5798,4
OTP,0,20110126,100759,5798,16
OTP,0,20110126,100759,5800,1416
OTP,0,20110126,100759,5800,100
MTELEKOM,0,20110126,100803,555,563
OTP,0,20110126,100805,5803,3000
OTP,0,20110126,100807,5802,1
OTP,0,20110126,100808,5802,149
OTP,0,20110126,100808,5802,300
OTP,0,20110126,100808,5805,342
OTP,0,20110126,100810,5805,2209
OTP,0,20110126,100810,5801,5000
OTP,0,20110126,100810,5800,8468
OTP,0,20110126,100810,5800,44
RICHTER,0,20110126,100812,43500,11
OTP,0,20110126,100815,5800,4279
OTP,0,20110126,100815,5800,2221
OTP,0,20110126,100815,5800,2779
FHB,0,20110126,100818,993,10
OTP,0,20110126,100819,5800,1850
OTP,0,20110126,100820,5800,355
OTP,0,20110126,100822,5800,5016
OTP,0,20110126,100822,5800,101
OTP,0,20110126,100843,5795,944
BUX1112,0,20110126,100844,23706,2
MOL,0,20110126,100848,22200,80
MOL,0,20110126,100848,22200,100
MOL,0,20110126,100848,22200,20
BUX1112,0,20110126,100853,23706,1
OTP,0,20110126,100856,5795,665
RICHTER,0,20110126,100900,43550,10
RICHTER,0,20110126,100900,43555,9
RICHTER,0,20110126,100900,43555,15
RICHTER,0,20110126,100900,43580,1
RICHTER,0,20110126,100900,43580,4
RICHTER,0,20110126,100900,43580,60
RICHTER,0,20110126,100900,43590,50
RICHTER,0,20110126,100900,43595,4
RICHTER,0,20110126,100900,43595,8
RICHTER,0,20110126,100900,43600,5
RICHTER,0,20110126,100900,43600,6
RICHTER,0,20110126,100900,43600,28
RICHTER,0,20110126,100907,43600,22
RICHTER,0,20110126,100907,43600,6
RICHTER,0,20110126,100907,43600,5
RICHTER,0,20110126,100907,43600,103
RICHTER,0,20110126,100908,43510,7
RICHTER,0,20110126,100908,43500,62
OTP,0,20110126,100914,5800,20000
MOL,0,20110126,100915,22195,26
RICHTER,0,20110126,100919,43620,30
RICHTER,0,20110126,100919,43640,20
RICHTER,0,20110126,100919,43655,5
RICHTER,0,20110126,100919,43660,7
RICHTER,0,20110126,100919,43665,38
RICHTER,0,20110126,100919,43505,18
MTELEKOM,0,20110126,100921,555,300
BUX1112,0,20110126,100929,23719,1
RICHTER,0,20110126,100935,43580,10
RICHTER,0,20110126,100935,43665,1
OTP,0,20110126,100936,5790,300
BUX1112,0,20110126,100937,23700,1
MOL,0,20110126,100937,22195,41
MOL,0,20110126,100937,22195,153
MOL,0,20110126,100937,22200,151
MOL,0,20110126,100937,22200,300
MOL,0,20110126,100937,22200,200
MOL,0,20110126,100938,22200,118
OTP,0,20110126,100940,5793,200
OTP,0,20110126,100940,5793,100
MOL,0,20110126,100940,22200,37
MTELEKOM,0,20110126,100941,555,100
OTP,0,20110126,100943,5790,500
MOL,0,20110126,100946,22185,33
MOL,0,20110126,100946,22185,13
OTP,0,20110126,100951,5790,500
OTP,0,20110126,100953,5790,1700
BUX1112,0,20110126,100959,23700,3
BUX1112,0,20110126,101004,23680,2
RICHTER,0,20110126,101006,43510,9
RICHTER,0,20110126,101012,43505,31
BUX1112,0,20110126,101021,23680,1
TVK,0,20110126,101025,3420,10
EGIS,0,20110126,101025,20850,3
OTP,0,20110126,101035,5790,13
OTP,0,20110126,101035,5789,10
OTP,0,20110126,101035,5785,19
OTP,0,20110126,101037,5790,2000
RICHTER,0,20110126,101040,43505,24
RICHTER,0,20110126,101040,43505,100
RICHTER,0,20110126,101040,43505,96
OTP,0,20110126,101042,5785,27
RICHTER,0,20110126,101042,43505,4
BUX1112,0,20110126,101045,23680,1
OTP,0,20110126,101046,5789,100
OTP,0,20110126,101046,5789,166
OTP,0,20110126,101046,5789,134
RICHTER,0,20110126,101048,43505,29
RICHTER,0,20110126,101050,43500,19
OTP,0,20110126,101052,5789,16
OTP,0,20110126,101052,5789,984
RICHTER,0,20110126,101053,43505,10
RICHTER,0,20110126,101055,43500,113
RICHTER,0,20110126,101055,43500,19
RICHTER,0,20110126,101055,43500,148
RICHTER,0,20110126,101056,43500,35
PHYLAXIA,0,20110126,101058,47,960
PHYLAXIA,0,20110126,101058,47,6250
PHYLAXIA,0,20110126,101058,47,1200
PHYLAXIA,0,20110126,101058,47,1290
RICHTER,0,20110126,101058,43500,33
MOL,0,20110126,101100,22185,19
MOL,0,20110126,101102,22185,61
OTP,0,20110126,101107,5785,500
PANNERGY,0,20110126,101113,910,95
OTP,0,20110126,101128,5789,16
OTP,0,20110126,101128,5789,67
OTP,0,20110126,101128,5789,141
OTP,0,20110126,101128,5789,276
OTP,0,20110126,101129,5785,100
OTP,0,20110126,101133,5785,200
OTP,0,20110126,101137,5785,50
DANUBIUS,0,20110126,101143,4100,50
OTP,0,20110126,101147,5785,50
OTP,0,20110126,101149,5785,600
OTP,0,20110126,101149,5785,20
RICHTER,0,20110126,101200,43505,10
RICHTER,0,20110126,101200,43500,34
RICHTER,0,20110126,101200,43500,6
OTP,0,20110126,101208,5780,11
RICHTER,0,20110126,101210,43500,14
BUX1112,0,20110126,101219,23690,3
FHB,0,20110126,101229,992,100
CSEPEL,0,20110126,101233,445,78
MOL,0,20110126,101242,22180,50
MOL,0,20110126,101242,22180,10
MOL,0,20110126,101242,22170,700
MOL,0,20110126,101242,22170,50
MOL,0,20110126,101242,22155,5
OTP,0,20110126,101245,5781,30
SYNERGON,0,20110126,101250,512,200
OTP,0,20110126,101251,5781,70
OTP,0,20110126,101251,5780,189
OTP,0,20110126,101251,5780,41
OTP,0,20110126,101254,5780,30
ZWACK,0,20110126,101255,14760,5
OTP,0,20110126,101257,5780,145
BUX1112,0,20110126,101302,23688,1
BUX1112,0,20110126,101302,23690,1
MTELEKOM,0,20110126,101303,555,17
MTELEKOM,0,20110126,101303,555,547
OTP,0,20110126,101309,5780,100
MTELEKOM,0,20110126,101309,555,200
MTELEKOM,0,20110126,101310,555,253
MTELEKOM,0,20110126,101310,555,1247
BUX1112,0,20110126,101315,23690,6
BUX1112,0,20110126,101315,23696.5,4
FHB,0,20110126,101318,993,9
OTP,0,20110126,101320,5780,184
MTELEKOM,0,20110126,101323,555,753
MTELEKOM,0,20110126,101323,555,47
TVK,0,20110126,101324,3420,2
MTELEKOM,0,20110126,101327,555,4418
OTP,0,20110126,101330,5772,171
OTP,0,20110126,101332,5780,200
OTP,0,20110126,101335,5780,322
OTP,0,20110126,101335,5772,11
OTP,0,20110126,101339,5780,500
MTELEKOM,0,20110126,101339,554,646
OTP,0,20110126,101342,5780,140
OTP,0,20110126,101345,5780,38
OTP,0,20110126,101345,5780,329
OTP,0,20110126,101345,5780,333
MTELEKOM,0,20110126,101348,554,1606
MTELEKOM,0,20110126,101348,554,382
OTP,0,20110126,101348,5772,170
MTELEKOM,0,20110126,101350,553,307
MTELEKOM,0,20110126,101350,553,428
MOL,0,20110126,101352,22180,550
OTP,0,20110126,101353,5772,87
RICHTER,0,20110126,101355,43505,13
RFV,0,20110126,101358,8850,62
OTP,0,20110126,101401,5780,200
MOL,0,20110126,101401,22185,100
OTP,0,20110126,101402,5773,200
OTP,0,20110126,101402,5773,150
OTP,0,20110126,101412,5773,150
OTP,0,20110126,101415,5773,155
OTP,0,20110126,101415,5773,344
OTP,0,20110126,101415,5772,421
OTP,0,20110126,101415,5770,443
OTP,0,20110126,101420,5770,292
MTELEKOM,0,20110126,101425,553,7
MOL,0,20110126,101431,22155,17
OTP,0,20110126,101432,5770,152
OTP,0,20110126,101432,5770,18
OTP,0,20110126,101439,5775,44
OTP,0,20110126,101439,5775,56
BUX1112,0,20110126,101440,23697,1
BUX1112,0,20110126,101440,23698,1
PHYLAXIA,0,20110126,101443,46,1500
RICHTER,0,20110126,101443,43505,57
MOL,0,20110126,101445,22155,13
ZWACK,0,20110126,101447,14760,1
OTP,0,20110126,101453,5771,1
OTP,0,20110126,101453,5770,420
MOL,0,20110126,101455,22150,130
OTP,0,20110126,101457,5770,500
MOL,0,20110126,101457,22150,133
OTP,0,20110126,101458,5770,579
OTP,0,20110126,101458,5770,100
MTELEKOM,0,20110126,101459,555,582
MTELEKOM,0,20110126,101459,555,1148
MOL,0,20110126,101504,22150,5
ZWACK,0,20110126,101510,14700,4
RICHTER,0,20110126,101512,43505,30
RICHTER,0,20110126,101512,43500,80
OTP,0,20110126,101524,5771,500
OTP,0,20110126,101524,5770,500
OTP,0,20110126,101543,5770,12
OTP,0,20110126,101544,5770,467
OTP,0,20110126,101546,5770,35
MOL,0,20110126,101548,22155,38
MOL,0,20110126,101548,22155,62
OTP,0,20110126,101552,5775,34
OTP,0,20110126,101552,5775,66
RICHTER,0,20110126,101553,43400,28
RICHTER,0,20110126,101558,43360,8
OTP,0,20110126,101609,5775,237
BUX1112,0,20110126,101621,23698,1
BUX1112,0,20110126,101621,23698,1
OTP,0,20110126,101625,5774,30
OTP,0,20110126,101625,5775,87
OTP,0,20110126,101625,5775,30
FHB,0,20110126,101628,992,100
RICHTER,0,20110126,101630,43485,48
RICHTER,0,20110126,101630,43490,50
RICHTER,0,20110126,101630,43490,14
RICHTER,0,20110126,101630,43500,110
RICHTER,0,20110126,101630,43500,12
FHB,0,20110126,101644,992,20
RICHTER,0,20110126,101644,43500,110
RICHTER,0,20110126,101645,43500,6
RICHTER,0,20110126,101645,43500,50
PANNERGY,0,20110126,101646,909,250
BUX1112,0,20110126,101647,23700,1
OTP,0,20110126,101649,5775,20
RICHTER,0,20110126,101650,43500,20
OTP,0,20110126,101650,5779,40
OTP,0,20110126,101650,5779,20
OTP,0,20110126,101650,5780,12
OTP,0,20110126,101650,5780,100
OTP,0,20110126,101650,5780,20
OTP,0,20110126,101650,5780,75
OTP,0,20110126,101650,5780,50
OTP,0,20110126,101650,5780,370
OTP,0,20110126,101650,5780,1500
OTP,0,20110126,101656,5783,100
OTP,0,20110126,101658,5780,100
OTP,0,20110126,101658,5780,400
OTP,0,20110126,101658,5783,50
OTP,0,20110126,101658,5784,250
RICHTER,0,20110126,101659,43500,3
MOL,0,20110126,101703,22155,5
OTP,0,20110126,101706,5784,20
RICHTER,0,20110126,101709,43500,11
BUX1112,0,20110126,101710,23700,1
RICHTER,0,20110126,101710,43500,16
MTELEKOM,0,20110126,101726,555,1182
MTELEKOM,0,20110126,101726,555,445
MTELEKOM,0,20110126,101726,555,1232
MTELEKOM,0,20110126,101726,555,5000
MTELEKOM,0,20110126,101726,555,2761
MTELEKOM,0,20110126,101726,555,871
TVK,0,20110126,101727,3390,30
MTELEKOM,0,20110126,101730,555,758
RICHTER,0,20110126,101745,43360,4
RICHTER,0,20110126,101745,43355,100
RICHTER,0,20110126,101745,43350,2
RICHTER,0,20110126,101745,43320,10
RICHTER,0,20110126,101745,43310,2
RICHTER,0,20110126,101745,43300,1
TVK,0,20110126,101748,3380,6
FHB,0,20110126,101754,992,50
OTP,0,20110126,101755,5781,100
OTP,0,20110126,101755,5781,700
RICHTER,0,20110126,101755,43300,11
MOL,0,20110126,101756,22155,73
MOL,0,20110126,101756,22155,20
MOL,0,20110126,101756,22155,39
OTP,0,20110126,101756,5781,300
RICHTER,0,20110126,101757,43300,4
RICHTER,0,20110126,101757,43300,23
BUX1112,0,20110126,101801,23675,2
MTELEKOM,0,20110126,101803,555,251
OTP,0,20110126,101804,5780,223
OTP,0,20110126,101804,5781,700
OTP,0,20110126,101809,5780,50
MTELEKOM,0,20110126,101809,554,123
MTELEKOM,0,20110126,101809,554,189
OTP,0,20110126,101811,5780,300
OTP,0,20110126,101813,5781,207
OTP,0,20110126,101813,5780,427
OTP,0,20110126,101813,5780,100
OTP,0,20110126,101813,5780,266
OTP,0,20110126,101820,5781,356
MOL,0,20110126,101823,22155,18
FHB,0,20110126,101823,993,10
TVK,0,20110126,101829,3420,8
MOL,0,20110126,101830,22150,101
OTP,0,20110126,101841,5781,290
MOL,0,20110126,101850,22150,12
RICHTER,0,20110126,101858,43400,19
BUX1112,0,20110126,101908,23675,3
BUX1112,0,20110126,101908,23663,2
DANUBIUS,0,20110126,101915,4090,14
OTP,0,20110126,101933,5781,354
OTP,0,20110126,101933,5780,264
RICHTER,0,20110126,101941,43400,7
RICHTER,0,20110126,101945,43400,7
OTP,0,20110126,101958,5780,1470
OTP,0,20110126,101958,5780,530
OTP,0,20110126,102000,5780,146
OTP,0,20110126,102000,5783,200
OTP,0,20110126,102000,5783,153
OTP,0,20110126,102000,5783,507
RICHTER,0,20110126,102001,43490,2
RICHTER,0,20110126,102001,43490,15
RICHTER,0,20110126,102001,43495,5
RICHTER,0,20110126,102001,43500,34
RICHTER,0,20110126,102001,43500,58
ZWACK,0,20110126,102014,14840,3
ZWACK,0,20110126,102014,14840,5
ZWACK,0,20110126,102014,14840,20
ZWACK,0,20110126,102014,14850,17
FHB,0,20110126,102052,992,34
OTP,0,20110126,102100,5783,100
OTP,0,20110126,102121,5780,197
OTP,0,20110126,102121,5780,417
OTP,0,20110126,102121,5780,843
RICHTER,0,20110126,102136,43400,17
RICHTER,0,20110126,102136,43400,9
OTP,0,20110126,102148,5780,100
OTP,0,20110126,102209,5780,1000
OTP,0,20110126,102214,5780,57
OTP,0,20110126,102214,5780,343
MOL,0,20110126,102220,22160,104
MTELEKOM,0,20110126,102304,554,564
OTP,0,20110126,102319,5773,351
OTP,0,20110126,102320,5773,355
FHB,0,20110126,102323,993,9
RICHTER,0,20110126,102328,43470,10
RICHTER,0,20110126,102328,43470,4
TVK,0,20110126,102328,3420,2
RICHTER,0,20110126,102330,43470,1
RICHTER,0,20110126,102337,43400,7
OTP,0,20110126,102344,5780,10
MTELEKOM,0,20110126,102354,555,740
ZWACK,0,20110126,102359,14850,3
OTP,0,20110126,102419,5773,20
OTP,0,20110126,102447,5775,72
OTP,0,20110126,102456,5773,100
ZWACK,0,20110126,102503,14875,20
ZWACK,0,20110126,102503,14900,80
RFV,0,20110126,102514,8850,30
OTP,0,20110126,102525,5773,174
OTP,0,20110126,102525,5773,76
RICHTER,0,20110126,102525,43400,1
MOL,0,20110126,102530,22160,40
MTELEKOM,0,20110126,102537,554,247
MTELEKOM,0,20110126,102537,554,253
RICHTER,0,20110126,102542,43400,15
BUX1112,0,20110126,102550,23664,1
FOTEX,0,20110126,102557,387,287
OTP,0,20110126,102607,5773,365
OTP,0,20110126,102607,5773,170
OTP,0,20110126,102607,5770,300
OTP,0,20110126,102607,5770,665
MOL,0,20110126,102610,22160,6
MOL,0,20110126,102610,22160,98
FHB,0,20110126,102617,993,405
MTELEKOM,0,20110126,102619,555,120
MTELEKOM,0,20110126,102645,555,2453
MTELEKOM,0,20110126,102645,555,133
RICHTER,0,20110126,102720,43400,4
OTP,0,20110126,102738,5773,17
OTP,0,20110126,102738,5773,33
OTP,0,20110126,102740,5771,1000
RICHTER,0,20110126,102756,43475,20
MTELEKOM,0,20110126,102808,554,573
OTP,0,20110126,102810,5773,67
OTP,0,20110126,102810,5773,150
OTP,0,20110126,102810,5775,23
SYNERGON,0,20110126,102820,514,215
OTP,0,20110126,102820,5770,335
OTP,0,20110126,102820,5770,20
RFV,0,20110126,102822,8900,12
FHB,0,20110126,102823,993,10
ANY,0,20110126,102835,740,50
RFV,0,20110126,102838,8900,15
OTP,0,20110126,102842,5770,800
OTP,0,20110126,102848,5770,200
OTP,0,20110126,102854,5770,100
OTP,0,20110126,102859,5770,100
MTELEKOM,0,20110126,102902,555,2200
OTP,0,20110126,102905,5770,780
OTP,0,20110126,102905,5770,110
OTP,0,20110126,102910,5770,100
OTP,0,20110126,102911,5775,25
OTP,0,20110126,102911,5775,5
RICHTER,0,20110126,102915,43400,4
OTP,0,20110126,102919,5775,100
RICHTER,0,20110126,102932,43475,2
MOL,0,20110126,103000,22160,2
MOL,0,20110126,103000,22160,38
RFV,0,20110126,103003,8890,10
EGIS,0,20110126,103003,20805,1
RFV,0,20110126,103004,8850,8
RFV,0,20110126,103004,8850,68
RFV,0,20110126,103004,8850,24
RABA,0,20110126,103026,835,4690
MTELEKOM,0,20110126,103042,554,4944
MOL,0,20110126,103053,22160,62
MOL,0,20110126,103053,22155,38
KEG,0,20110126,103055,130,100
OTP,0,20110126,103104,5772,100
MOL,0,20110126,103106,22155,58
MOL,0,20110126,103106,22155,42
RICHTER,0,20110126,103110,43400,2
BUX1112,0,20110126,103127,23665,1
KEG,0,20110126,103129,130,775
OTP,0,20110126,103142,5772,4
RICHTER,0,20110126,103144,43405,27
CSEPEL,0,20110126,103210,435,20
MTELEKOM,0,20110126,103217,555,40
MTELEKOM,0,20110126,103217,555,312
MTELEKOM,0,20110126,103217,555,188
MOL,0,20110126,103218,22155,37
OTP,0,20110126,103220,5773,100
OTP,0,20110126,103220,5773,30
OTP,0,20110126,103220,5772,27
MOL,0,20110126,103223,22155,10
MTELEKOM,0,20110126,103229,554,500
RFV,0,20110126,103230,8900,103
RFV,0,20110126,103230,8900,100
OTP,0,20110126,103231,5772,35
MOL,0,20110126,103233,22160,35
MOL,0,20110126,103233,22160,41
MOL,0,20110126,103233,22160,134
OTP,0,20110126,103238,5773,100
RFV,0,20110126,103243,8890,20
RICHTER,0,20110126,103306,43400,5
MTELEKOM,0,20110126,103308,554,564
PANNERGY,0,20110126,103313,910,70
PANNERGY,0,20110126,103313,908,62
PANNERGY,0,20110126,103313,908,145
PANNERGY,0,20110126,103313,908,500
PANNERGY,0,20110126,103313,907,123
OTP,0,20110126,103314,5773,1900
OTP,0,20110126,103314,5773,100
OTP,0,20110126,103318,5772,250
OTP,0,20110126,103318,5772,84
OTP,0,20110126,103318,5772,16
OTP,0,20110126,103320,5772,425
MOL,0,20110126,103320,22155,111
MOL,0,20110126,103320,22150,618
MOL,0,20110126,103320,22150,25
MOL,0,20110126,103320,22150,2
FHB,0,20110126,103323,993,9
MOL,0,20110126,103324,22125,40
OTP,0,20110126,103327,5771,39
OTP,0,20110126,103327,5772,461
MTELEKOM,0,20110126,103328,554,500
OTP,0,20110126,103329,5770,355
MOL,0,20110126,103329,22135,20
RICHTER,0,20110126,103333,43400,15
RICHTER,0,20110126,103333,43400,38
OTP,0,20110126,103338,5772,15
MOL,0,20110126,103345,22125,64
OTP,0,20110126,103350,5770,291
RICHTER,0,20110126,103351,43400,12
RICHTER,0,20110126,103351,43405,9
RICHTER,0,20110126,103351,43405,14
RICHTER,0,20110126,103351,43405,14
MOL,0,20110126,103352,22125,102
OTP,0,20110126,103400,5770,100
CSEPEL,0,20110126,103413,435,480
MOL,0,20110126,103413,22150,50
MOL,0,20110126,103413,22150,31
OTP,0,20110126,103419,5770,100
OTP,0,20110126,103432,5772,99
OTP,0,20110126,103432,5772,100
OTP,0,20110126,103432,5772,136
MOL,0,20110126,103436,22125,96
RICHTER,0,20110126,103456,43450,451
GENESIS,0,20110126,103459,210,297
GENESIS,0,20110126,103459,210,250
GENESIS,0,20110126,103459,211,553
ZWACK,0,20110126,103510,14800,50
ZWACK,0,20110126,103510,14760,1
ZWACK,0,20110126,103510,14760,60
ZWACK,0,20110126,103510,14750,50
RICHTER,0,20110126,103510,43365,3
OTP,0,20110126,103511,5770,154
OTP,0,20110126,103511,5770,246
RICHTER,0,20110126,103520,43305,4
RICHTER,0,20110126,103527,43300,27
RICHTER,0,20110126,103527,43300,2
RICHTER,0,20110126,103527,43300,52
RABA,0,20110126,103529,837,10
MTELEKOM,0,20110126,103540,555,180
KEG,0,20110126,103548,130,230
BUX1112,0,20110126,103555,23663,1
OTP,0,20110126,103559,5770,193
RFV,0,20110126,103625,8900,20
OTP,0,20110126,103629,5765,25
OTP,0,20110126,103629,5765,20
OTP,0,20110126,103629,5765,346
OTP,0,20110126,103629,5765,442
OTP,0,20110126,103629,5763,174
BUX1112,0,20110126,103635,23661,5
BUX1112,0,20110126,103635,23655,15
BUX1112,0,20110126,103635,23655,1
BUX1112,0,20110126,103635,23651,1
BUX1112,0,20110126,103635,23650,5
PHYLAXIA,0,20110126,103638,47,175
PHYLAXIA,0,20110126,103638,47,563
BUX1112,0,20110126,103655,23649,1
BUX1112,0,20110126,103655,23641,2
RICHTER,0,20110126,103655,43300,17
CSEPEL,0,20110126,103719,440,500
MOL,0,20110126,103730,22125,101
RFV,0,20110126,103734,8900,6
OTP,0,20110126,103742,5765,359
OTP,0,20110126,103742,5765,100
OTP,0,20110126,103745,5763,326
OTP,0,20110126,103745,5763,374
RFV,0,20110126,103749,8900,50
MTELEKOM,0,20110126,103753,554,650
MOL,0,20110126,103754,22145,50
MOL,0,20110126,103754,22145,34
MOL,0,20110126,103754,22150,51
PANNERGY,0,20110126,103756,910,380
MTELEKOM,0,20110126,103808,554,563
OTP,0,20110126,103808,5763,10
OTP,0,20110126,103813,5762,10
MTELEKOM,0,20110126,103817,555,5000
OTP,0,20110126,103820,5762,190
OTP,0,20110126,103820,5762,165
FHB,0,20110126,103823,993,10
RICHTER,0,20110126,103834,43310,34
MTELEKOM,0,20110126,103835,555,2132
MTELEKOM,0,20110126,103835,555,1468
ZWACK,0,20110126,103841,14890,3
ZWACK,0,20110126,103841,14900,21
OTP,0,20110126,103843,5762,400
RICHTER,0,20110126,103850,43305,2
MTELEKOM,0,20110126,103855,554,390
RICHTER,0,20110126,103858,43305,13
RICHTER,0,20110126,103900,43300,9
RFV,0,20110126,103904,8900,24
RFV,0,20110126,103904,8900,5
MTELEKOM,0,20110126,103908,554,380
OTP,0,20110126,103922,5763,10
OTP,0,20110126,103922,5763,130
OTP,0,20110126,103925,5763,10
EGIS,0,20110126,103939,20805,18
RFV,0,20110126,103941,8910,10
BUX1112,0,20110126,103944,23645,4
BUX1112,0,20110126,103945,23641,1
OTP,0,20110126,103950,5762,9
KEG,0,20110126,104030,130,2294
KEG,0,20110126,104030,130,800
KEG,0,20110126,104030,130,2000
KEG,0,20110126,104030,130,1250
EGIS,0,20110126,104033,20805,1
EGIS,0,20110126,104033,20800,35
KEG,0,20110126,104038,130,1156
RICHTER,0,20110126,104045,43300,4
ECONET,0,20110126,104052,90,2990
ECONET,0,20110126,104052,90,550
ECONET,0,20110126,104052,90,2015
EGIS,0,20110126,104104,20800,19
EGIS,0,20110126,104104,20800,11
PHYLAXIA,0,20110126,104108,47,4229
PHYLAXIA,0,20110126,104108,47,410
MOL,0,20110126,104115,22125,102
OTP,0,20110126,104118,5766,50
CSEPEL,0,20110126,104133,440,22
BUX1112,0,20110126,104210,23645,10
MTELEKOM,0,20110126,104221,554,683
PHYLAXIA,0,20110126,104224,47,199
BUX1112,0,20110126,104230,23645,10
RICHTER,0,20110126,104240,43300,1
MTELEKOM,0,20110126,104308,553,564
MTELEKOM,0,20110126,104319,553,1
MTELEKOM,0,20110126,104319,553,150
MTELEKOM,0,20110126,104319,553,2188
OTP,0,20110126,104320,5766,35
OTP,0,20110126,104327,5765,50
OTP,0,20110126,104327,5765,145
FHB,0,20110126,104328,993,9
ZWACK,0,20110126,104330,14900,6
RICHTER,0,20110126,104332,43400,2
OTP,0,20110126,104336,5762,126
MTELEKOM,0,20110126,104336,554,294
OTP,0,20110126,104400,5767,800
OTP,0,20110126,104400,5767,124
OTP,0,20110126,104400,5768,10
OTP,0,20110126,104400,5769,66
BUX1112,0,20110126,104411,23645,2
RICHTER,0,20110126,104427,43400,5
RICHTER,0,20110126,104427,43400,7
RICHTER,0,20110126,104435,43300,3
FHB,0,20110126,104450,993,68
FHB,0,20110126,104450,993,372
OTP,0,20110126,104454,5769,40
OTP,0,20110126,104454,5770,30
OTP,0,20110126,104454,5773,230
OTP,0,20110126,104454,5773,150
OTP,0,20110126,104454,5773,100
MOL,0,20110126,104500,22125,30
RICHTER,0,20110126,104500,43300,14
RICHTER,0,20110126,104500,43300,96
RICHTER,0,20110126,104502,43300,4
RICHTER,0,20110126,104502,43300,19
BUX1112,0,20110126,104517,23645,2
OTP,0,20110126,104518,5770,1000
BUX1112,0,20110126,104530,23650,1
OTP,0,20110126,104538,5766,100
OTP,0,20110126,104538,5765,75
MOL,0,20110126,104545,22125,55
RICHTER,0,20110126,104550,43300,7
BUX1112,0,20110126,104551,23650,3
RABA,0,20110126,104557,837,220
RABA,0,20110126,104557,838,30
FHB,0,20110126,104559,992,6
FHB,0,20110126,104559,991,200
FHB,0,20110126,104559,990,794
FHB,0,20110126,104559,990,450
OTP,0,20110126,104602,5770,500
MOL,0,20110126,104607,22130,23
BUX1112,0,20110126,104607,23650,10
BUX1112,0,20110126,104607,23650,10
BUX1112,0,20110126,104612,23670,1
RICHTER,0,20110126,104630,43300,6
FHB,0,20110126,104634,990,280
FHB,0,20110126,104634,990,4
FHB,0,20110126,104634,990,500
FHB,0,20110126,104634,990,1000
MOL,0,20110126,104648,22130,12
MOL,0,20110126,104648,22130,32
PHYLAXIA,0,20110126,104653,47,191
OTP,0,20110126,104706,5771,330
OTP,0,20110126,104719,5771,170
OTP,0,20110126,104719,5771,195
OTP,0,20110126,104720,5773,19
MTELEKOM,0,20110126,104723,553,2812
MTELEKOM,0,20110126,104723,553,123
MTELEKOM,0,20110126,104723,553,1000
MTELEKOM,0,20110126,104723,553,765
OTP,0,20110126,104741,5773,43
MTELEKOM,0,20110126,104813,553,573
OTP,0,20110126,104820,5771,247
RICHTER,0,20110126,104825,43300,1
FHB,0,20110126,104828,990,10
OTP,0,20110126,104830,5770,50
OTP,0,20110126,104830,5770,108
RICHTER,0,20110126,104836,43305,37
RICHTER,0,20110126,104836,43305,14
RICHTER,0,20110126,104836,43305,13
OTP,0,20110126,104842,5770,50
MOL,0,20110126,104845,22130,30
CSEPEL,0,20110126,104853,444,90
RICHTER,0,20110126,104905,43300,86
RICHTER,0,20110126,104905,43300,14
RICHTER,0,20110126,104916,43300,10
RICHTER,0,20110126,104917,43300,30
MOL,0,20110126,104922,22130,10
SYNERGON,0,20110126,104934,513,180
RICHTER,0,20110126,104940,43300,110
RICHTER,0,20110126,104941,43300,21
RICHTER,0,20110126,104950,43260,5
OTP,0,20110126,104953,5770,20
RICHTER,0,20110126,104956,43250,10
OTP,0,20110126,105009,5770,200
RICHTER,0,20110126,105010,43235,4
RABA,0,20110126,105014,838,129
RICHTER,0,20110126,105020,43200,11
RICHTER,0,20110126,105024,43200,89
RICHTER,0,20110126,105034,43200,21
RICHTER,0,20110126,105035,43200,20
RICHTER,0,20110126,105038,43200,110
RICHTER,0,20110126,105039,43200,49
RICHTER,0,20110126,105047,43180,2
