<TICKER>,<PER>,<DTYYYYMMDD>,<TIME>,<CLOSE>,<VOLUME>
BUX1112,0,20101221,090036,22049.5,3
BUX1112,0,20101221,090036,22049.5,1
BUX1112,0,20101221,090036,22049.5,1
BUX1112,0,20101221,090036,22049.5,2
BUX1112,0,20101221,090036,22049.5,4
BUX1112,0,20101221,090036,22049.5,2
BUX1112,0,20101221,090036,22049.5,1
BUX1112,0,20101221,090036,22049.5,2
BUX1112,0,20101221,090036,22049.5,30
BUX1112,0,20101221,090036,22049.5,1
BUX1112,0,20101221,090036,22049.5,2
BUX1112,0,20101221,090036,22049.5,1
CSEPEL,0,20101221,090055,269,200
EGIS,0,20101221,090055,20485,3
FHB,0,20101221,090055,972,2000
FHB,0,20101221,090055,972,500
FOTEX,0,20101221,090055,389,100
FOTEX,0,20101221,090055,389,150
HUMET,0,20101221,090055,9,15000
HUMET,0,20101221,090055,9,25
KEG,0,20101221,090055,145,30
KEG,0,20101221,090055,145,450
KEG,0,20101221,090055,145,20
MOL,0,20101221,090055,19630,6
MOL,0,20101221,090055,19630,12
MOL,0,20101221,090055,19630,10
MOL,0,20101221,090055,19630,15
MTELEKOM,0,20101221,090055,525,30
MTELEKOM,0,20101221,090055,525,26
MTELEKOM,0,20101221,090055,525,600
MTELEKOM,0,20101221,090055,525,100
MTELEKOM,0,20101221,090055,525,1000
MTELEKOM,0,20101221,090055,525,300
MTELEKOM,0,20101221,090055,525,1300
MTELEKOM,0,20101221,090055,525,1000
MTELEKOM,0,20101221,090055,525,80
MTELEKOM,0,20101221,090055,525,5168
OTP,0,20101221,090055,5275,56
OTP,0,20101221,090055,5275,1000
OTP,0,20101221,090055,5275,200
OTP,0,20101221,090055,5275,119
OTP,0,20101221,090055,5275,500
OTP,0,20101221,090055,5275,1000
OTP,0,20101221,090055,5275,922
OTP,0,20101221,090055,5275,78
OTP,0,20101221,090055,5275,422
OTP,0,20101221,090055,5275,30
OTP,0,20101221,090055,5275,53
OTP,0,20101221,090055,5275,210
OTP,0,20101221,090055,5275,10
OTP,0,20101221,090055,5275,3
OTP,0,20101221,090055,5275,50
OTP,0,20101221,090055,5275,380
OTP,0,20101221,090055,5275,30
OTP,0,20101221,090055,5275,5
OTP,0,20101221,090055,5275,84
OTP,0,20101221,090055,5275,30
OTP,0,20101221,090055,5275,560
OTP,0,20101221,090055,5275,4
OTP,0,20101221,090055,5275,50
PANNERGY,0,20101221,090055,919,45
PANNERGY,0,20101221,090055,919,188
PANNERGY,0,20101221,090055,919,200
PANNERGY,0,20101221,090055,919,302
PANNERGY,0,20101221,090055,919,40
RABA,0,20101221,090055,803,130
RABA,0,20101221,090055,803,130
RABA,0,20101221,090055,803,150
RABA,0,20101221,090055,803,140
RABA,0,20101221,090055,803,360
RABA,0,20101221,090055,803,200
RABA,0,20101221,090055,803,200
RABA,0,20101221,090055,803,1000
RICHTER,0,20101221,090055,42490,2
RICHTER,0,20101221,090055,42490,1
RICHTER,0,20101221,090055,42490,27
RICHTER,0,20101221,090055,42490,3
RICHTER,0,20101221,090055,42490,73
RICHTER,0,20101221,090055,42490,2
RICHTER,0,20101221,090055,42490,1
RICHTER,0,20101221,090055,42490,10
SYNERGON,0,20101221,090055,490,6000
SYNERGON,0,20101221,090055,490,30
OTP,0,20101221,090200,5279,120
OTP,0,20101221,090200,5279,40
OTP,0,20101221,090200,5280,500
OTP,0,20101221,090200,5280,50
OTP,0,20101221,090200,5280,100
OTP,0,20101221,090200,5280,10
BUX1112,0,20101221,090201,22050,2
BUX1112,0,20101221,090201,22049,50
OTP,0,20101221,090202,5280,180
OTP,0,20101221,090202,5275,1000
OTP,0,20101221,090204,5279,1
RABA,0,20101221,090205,800,100
PANNERGY,0,20101221,090209,919,60
RICHTER,0,20101221,090219,42490,14
RICHTER,0,20101221,090219,42490,16
PANNERGY,0,20101221,090228,919,100
OTP,0,20101221,090238,5279,159
OTP,0,20101221,090238,5282,58
OTP,0,20101221,090238,5285,40
OTP,0,20101221,090238,5285,300
OTP,0,20101221,090238,5285,8
OTP,0,20101221,090238,5285,200
MOL,0,20101221,090239,19550,113
PANNERGY,0,20101221,090246,919,86
OTP,0,20101221,090254,5285,150
OTP,0,20101221,090254,5285,85
ECONET,0,20101221,090254,90,2222
ECONET,0,20101221,090254,90,2778
PANNERGY,0,20101221,090255,919,4
OTP,0,20101221,090300,5279,50
OTP,0,20101221,090303,5285,60
RICHTER,0,20101221,090303,42495,4
MTELEKOM,0,20101221,090304,525,40
MOL,0,20101221,090304,19625,5
PANNERGY,0,20101221,090306,916,90
PANNERGY,0,20101221,090306,916,60
OTP,0,20101221,090308,5279,10
PANNERGY,0,20101221,090311,919,96
EGIS,0,20101221,090311,20400,10
MTELEKOM,0,20101221,090339,523,100
OTP,0,20101221,090342,5281,396
FHB,0,20101221,090346,972,300
FHB,0,20101221,090346,972,100
PANNERGY,0,20101221,090346,920,180
OTP,0,20101221,090348,5279,99
OTP,0,20101221,090348,5279,150
PANNERGY,0,20101221,090353,920,856
PANNERGY,0,20101221,090353,920,150
PANNERGY,0,20101221,090353,920,100
OTP,0,20101221,090354,5275,2
OTP,0,20101221,090354,5275,20
MTELEKOM,0,20101221,090402,523,164
PANNERGY,0,20101221,090402,922,250
TVK,0,20101221,090414,3320,6
OTP,0,20101221,090420,5276,97
OTP,0,20101221,090424,5276,403
OTP,0,20101221,090424,5275,557
OTP,0,20101221,090424,5275,1000
OTP,0,20101221,090424,5275,1040
GENESIS,0,20101221,090427,202,30
OTP,0,20101221,090429,5275,309
OTP,0,20101221,090436,5270,45
OTP,0,20101221,090436,5269,30
OTP,0,20101221,090436,5261,21
EGIS,0,20101221,090442,20400,10
BUX1112,0,20101221,090451,22010.5,1
BUX1112,0,20101221,090451,22040,2
OTP,0,20101221,090504,5270,17
OTP,0,20101221,090504,5274,83
TVK,0,20101221,090509,3300,5
TVK,0,20101221,090509,3300,14
BUX1112,0,20101221,090509,22039.5,1
OTP,0,20101221,090511,5261,1
PANNERGY,0,20101221,090536,925,50
FHB,0,20101221,090541,972,40
EGIS,0,20101221,090542,20400,5
ECONET,0,20101221,090558,90,8
PANNERGY,0,20101221,090603,925,160
OTP,0,20101221,090607,5263,25
MTELEKOM,0,20101221,090613,523,36
MTELEKOM,0,20101221,090613,523,793
RCBRENTOIL,0,20101221,090615,902,10
FHB,0,20101221,090618,972,10
BUX1112,0,20101221,090624,22020,1
FHB,0,20101221,090628,972,594
EGIS,0,20101221,090633,20400,25
OTP,0,20101221,090638,5263,175
OTP,0,20101221,090638,5263,20
OTP,0,20101221,090638,5261,206
MTELEKOM,0,20101221,090638,523,300
KEG,0,20101221,090641,141,383
KEG,0,20101221,090641,141,3000
KEG,0,20101221,090641,140,650
KEG,0,20101221,090641,140,500
KEG,0,20101221,090641,140,356
KEG,0,20101221,090646,145,480
KEG,0,20101221,090646,145,620
OTP,0,20101221,090646,5261,90
BUX1112,0,20101221,090646,22025,10
BUX1112,0,20101221,090647,22025,1
BUX1112,0,20101221,090649,22025,2
OTP,0,20101221,090651,5261,3
OTP,0,20101221,090651,5261,6
BUX1112,0,20101221,090701,22001,1
BUX1112,0,20101221,090701,22001,1
BUX1112,0,20101221,090701,22000,8
RABA,0,20101221,090711,800,200
RICHTER,0,20101221,090718,42450,1
RICHTER,0,20101221,090718,42490,2
RICHTER,0,20101221,090718,42495,2
RABA,0,20101221,090719,800,200
BUX1112,0,20101221,090723,22002,3
BUX1112,0,20101221,090724,22002,2
PANNERGY,0,20101221,090725,926,100
MOL,0,20101221,090729,19600,226
MOL,0,20101221,090729,19600,96
MOL,0,20101221,090729,19600,57
ECONET,0,20101221,090730,91,500
BUX1112,0,20101221,090733,22002,1
PANNERGY,0,20101221,090736,926,100
MOL,0,20101221,090738,19575,80
MOL,0,20101221,090738,19600,121
MOL,0,20101221,090740,19600,99
MTELEKOM,0,20101221,090741,523,618
MTELEKOM,0,20101221,090741,523,382
PANNERGY,0,20101221,090744,926,100
MOL,0,20101221,090749,19600,1
ECONET,0,20101221,090753,90,592
OTP,0,20101221,090757,5265,80
OTP,0,20101221,090757,5265,177
OTP,0,20101221,090810,5265,72
OTP,0,20101221,090810,5262,1000
OTP,0,20101221,090811,5267,200
OTP,0,20101221,090811,5268,500
OTP,0,20101221,090811,5270,1691
MTELEKOM,0,20101221,090830,523,1618
MTELEKOM,0,20101221,090830,523,3000
MTELEKOM,0,20101221,090830,523,382
MTELEKOM,0,20101221,090831,523,1200
MTELEKOM,0,20101221,090833,523,418
MOL,0,20101221,090838,19630,127
MOL,0,20101221,090838,19630,20
MTELEKOM,0,20101221,090843,523,2000
MOL,0,20101221,090849,19645,128
MOL,0,20101221,090849,19645,50
MOL,0,20101221,090849,19650,600
MOL,0,20101221,090913,19670,5
MOL,0,20101221,090913,19680,2
TVK,0,20101221,090918,3310,40
MOL,0,20101221,090923,19630,3
MOL,0,20101221,090923,19630,10
MOL,0,20101221,090923,19600,2
RABA,0,20101221,090924,803,10
FOTEX,0,20101221,090949,390,200
EGIS,0,20101221,090950,20400,1
OTP,0,20101221,091007,5269,50
MTELEKOM,0,20101221,091031,524,100
RABA,0,20101221,091048,803,230
MOL,0,20101221,091058,19680,350
MTELEKOM,0,20101221,091126,523,200
MTELEKOM,0,20101221,091134,524,1900
MOL,0,20101221,091139,19650,29
MOL,0,20101221,091139,19650,6
OTP,0,20101221,091201,5269,10
EGIS,0,20101221,091209,20400,49
OTP,0,20101221,091214,5269,36
MOL,0,20101221,091215,19650,50
MOL,0,20101221,091225,19650,9
RABA,0,20101221,091227,804,24
RABA,0,20101221,091227,809,6
EGIS,0,20101221,091232,20400,1
OTP,0,20101221,091246,5269,44
OTP,0,20101221,091246,5269,301
MTELEKOM,0,20101221,091248,525,4405
MTELEKOM,0,20101221,091248,525,200
MTELEKOM,0,20101221,091248,525,1110
BUX1112,0,20101221,091307,22003,2
BUX1112,0,20101221,091307,22000,1
EGIS,0,20101221,091326,20400,49
KEG,0,20101221,091330,143,500
OTP,0,20101221,091331,5264,28
ECONET,0,20101221,091359,90,1622
ECONET,0,20101221,091359,90,3378
KEG,0,20101221,091402,143,400
EGIS,0,20101221,091403,20400,1
ZWACK,0,20101221,091404,13250,4
OTP,0,20101221,091412,5264,22
ZWACK,0,20101221,091416,13285,30
ECONET,0,20101221,091446,90,4130
OTP,0,20101221,091447,5264,3
OTP,0,20101221,091447,5269,7
PANNERGY,0,20101221,091450,922,1517
PANNERGY,0,20101221,091450,921,1500
PANNERGY,0,20101221,091450,921,166
PANNERGY,0,20101221,091450,921,55
PANNERGY,0,20101221,091450,920,762
PANNERGY,0,20101221,091514,920,238
PANNERGY,0,20101221,091514,920,250
BUX1112,0,20101221,091529,22000,1
BUX1112,0,20101221,091529,22000,9
OTP,0,20101221,091533,5261,280
ECONET,0,20101221,091541,90,3612
ECONET,0,20101221,091541,90,1388
OTP,0,20101221,091553,5261,14
OTP,0,20101221,091553,5261,5000
BUX1112,0,20101221,091559,22000,1
FHB,0,20101221,091604,969,1029
PANNERGY,0,20101221,091650,919,358
RICHTER,0,20101221,091705,42400,19
OTP,0,20101221,091712,5269,38
OTP,0,20101221,091712,5270,22
OTP,0,20101221,091712,5270,940
OTP,0,20101221,091718,5268,180
OTP,0,20101221,091718,5270,60
MTELEKOM,0,20101221,091719,523,700
RICHTER,0,20101221,091725,42355,5
MTELEKOM,0,20101221,091725,524,500
MTELEKOM,0,20101221,091728,523,682
MTELEKOM,0,20101221,091728,523,718
RICHTER,0,20101221,091732,42355,12
RICHTER,0,20101221,091743,42400,31
OTP,0,20101221,091748,5269,110
OTP,0,20101221,091748,5265,14
OTP,0,20101221,091759,5262,6
MOL,0,20101221,091759,19625,10
MTELEKOM,0,20101221,091803,524,162
OTP,0,20101221,091803,5275,70
MOL,0,20101221,091809,19625,23
OTP,0,20101221,091810,5270,10
MTELEKOM,0,20101221,091826,524,3
MTELEKOM,0,20101221,091826,525,890
MTELEKOM,0,20101221,091826,525,157
MOL,0,20101221,091834,19630,20
MOL,0,20101221,091847,19625,29
MOL,0,20101221,091847,19620,71
RABA,0,20101221,091848,809,54
RABA,0,20101221,091848,809,200
RABA,0,20101221,091848,810,40
BUX1112,0,20101221,091852,22020,2
BUX1112,0,20101221,091852,22020,1
BUX1112,0,20101221,091852,22024,8
BUX1112,0,20101221,091852,22025,8
KEG,0,20101221,091904,145,1380
KEG,0,20101221,091904,145,20
BUX1112,0,20101221,091905,22030,10
BUX1112,0,20101221,091905,22037,1
BUX1112,0,20101221,091905,22038,1
BUX1112,0,20101221,091905,22038,1
BUX1112,0,20101221,091905,22039.5,1
BUX1112,0,20101221,091905,22040,11
BUX1112,0,20101221,091910,22040,25
OTP,0,20101221,091938,5270,1000
AAA,0,20101221,091941,205,400
OTP,0,20101221,091941,5270,1000
OTP,0,20101221,091943,5270,990
OTP,0,20101221,091943,5270,10
MTELEKOM,0,20101221,091943,525,3843
MTELEKOM,0,20101221,091943,525,200
MTELEKOM,0,20101221,091943,525,1543
MTELEKOM,0,20101221,091943,526,3000
MTELEKOM,0,20101221,091943,527,1000
MTELEKOM,0,20101221,091943,527,414
OTP,0,20101221,091944,5270,118
BUX1112,0,20101221,091947,22025,2
BUX1112,0,20101221,092004,22040,10
BUX1112,0,20101221,092004,22049,5
BUX1112,0,20101221,092004,22050,1
BUX1112,0,20101221,092004,22050,2
MOL,0,20101221,092013,19620,10
MOL,0,20101221,092014,19620,134
MOL,0,20101221,092014,19620,38
KEG,0,20101221,092017,144,3000
OTP,0,20101221,092022,5260,60
BUX1112,0,20101221,092024,22050,7
OTP,0,20101221,092035,5260,10
OTP,0,20101221,092044,5260,5
MOL,0,20101221,092057,19615,50
OTP,0,20101221,092100,5264,280
OTP,0,20101221,092100,5260,118
FHB,0,20101221,092105,968,150
MTELEKOM,0,20101221,092105,525,1052
MTELEKOM,0,20101221,092105,525,598
PANNERGY,0,20101221,092105,920,54
OTP,0,20101221,092114,5260,3807
OTP,0,20101221,092114,5260,100
RABA,0,20101221,092117,810,100
BUX1112,0,20101221,092120,22025,4
MTELEKOM,0,20101221,092127,525,1000
FOTEX,0,20101221,092127,392,500
FOTEX,0,20101221,092127,391,300
MTELEKOM,0,20101221,092140,525,1100
RABA,0,20101221,092153,810,100
TVK,0,20101221,092203,3320,100
MTELEKOM,0,20101221,092221,524,414
MTELEKOM,0,20101221,092221,524,639
FHB,0,20101221,092224,968,50
FHB,0,20101221,092224,969,371
FHB,0,20101221,092224,969,79
GENESIS,0,20101221,092226,196,447
MTELEKOM,0,20101221,092234,525,3000
EGIS,0,20101221,092256,20305,13
EGIS,0,20101221,092256,20300,50
OTP,0,20101221,092257,5259,100
OTP,0,20101221,092257,5260,900
RABA,0,20101221,092301,810,100
EGIS,0,20101221,092301,20380,30
GENESIS,0,20101221,092316,196,73
MTELEKOM,0,20101221,092322,524,1052
PANNERGY,0,20101221,092323,919,142
PANNERGY,0,20101221,092323,919,1500
RABA,0,20101221,092326,810,70
RABA,0,20101221,092353,810,130
TVK,0,20101221,092357,3310,4
RICHTER,0,20101221,092359,42400,10
OTP,0,20101221,092407,5260,193
OTP,0,20101221,092407,5260,40
OTP,0,20101221,092407,5260,261
OTP,0,20101221,092410,5261,30
MTELEKOM,0,20101221,092421,524,1053
MTELEKOM,0,20101221,092433,525,302
MTELEKOM,0,20101221,092433,525,200
MTELEKOM,0,20101221,092433,525,562
OTP,0,20101221,092455,5260,6
MTELEKOM,0,20101221,092503,524,900
MOL,0,20101221,092505,19610,59
PANNERGY,0,20101221,092520,919,60
MOL,0,20101221,092534,19600,20
MTELEKOM,0,20101221,092623,524,356
MTELEKOM,0,20101221,092623,523,1187
OTP,0,20101221,092626,5260,2
MTELEKOM,0,20101221,092629,524,1052
MTELEKOM,0,20101221,092629,525,834
RICHTER,0,20101221,092701,42355,12
PANNERGY,0,20101221,092711,919,55
MOL,0,20101221,092717,19605,2
RICHTER,0,20101221,092724,42250,133
BUX1112,0,20101221,092725,22002,2
GENESIS,0,20101221,092740,195,35
RICHTER,0,20101221,092801,42250,50
RICHTER,0,20101221,092803,42300,16
RICHTER,0,20101221,092804,42250,17
RICHTER,0,20101221,092804,42250,2
OTP,0,20101221,092808,5260,4
TVK,0,20101221,092811,3365,17
PHYLAXIA,0,20101221,092816,45,50
MTELEKOM,0,20101221,092822,524,1053
BUX1112,0,20101221,092832,22002,8
BUX1112,0,20101221,092832,22001,2
BUX1112,0,20101221,092832,22001,4
BUX1112,0,20101221,092832,22000,20
ANY,0,20101221,092849,713,78
BUX1112,0,20101221,092854,21995,6
FOTEX,0,20101221,092908,390,200
FOTEX,0,20101221,092908,390,190
FOTEX,0,20101221,092908,390,233
ANY,0,20101221,092916,712,50
ANY,0,20101221,092916,712,22
ANY,0,20101221,092916,712,18
ANY,0,20101221,092916,712,62
MTELEKOM,0,20101221,092922,524,947
MTELEKOM,0,20101221,092922,523,105
PANNERGY,0,20101221,092927,916,440
PANNERGY,0,20101221,092927,915,100
PANNERGY,0,20101221,092927,912,300
PANNERGY,0,20101221,092927,912,1000
PANNERGY,0,20101221,092927,911,2000
PANNERGY,0,20101221,092927,910,750
PANNERGY,0,20101221,092927,910,1209
PANNERGY,0,20101221,092927,910,201
PANNERGY,0,20101221,092927,910,199
PANNERGY,0,20101221,092927,910,127
BUX1112,0,20101221,092930,21995,2
BUX1112,0,20101221,093033,21995,7
BUX1112,0,20101221,093033,21992,3
BUX1112,0,20101221,093033,21991,1
BUX1112,0,20101221,093033,21990,6
MTELEKOM,0,20101221,093048,524,200
OTP,0,20101221,093052,5260,131
OTP,0,20101221,093052,5260,290
MTELEKOM,0,20101221,093058,524,1906
MTELEKOM,0,20101221,093106,524,1000
OTP,0,20101221,093210,5264,30
OTP,0,20101221,093210,5264,50
FHB,0,20101221,093222,968,200
MTELEKOM,0,20101221,093223,524,1052
MTELEKOM,0,20101221,093247,524,1000
BUX1112,0,20101221,093258,21998,3
MOL,0,20101221,093306,19625,5
MOL,0,20101221,093310,19625,5
MOL,0,20101221,093310,19625,55
MTELEKOM,0,20101221,093324,524,42
MTELEKOM,0,20101221,093324,524,900
MTELEKOM,0,20101221,093324,523,110
RICHTER,0,20101221,093327,42250,5
MTELEKOM,0,20101221,093328,524,156
MOL,0,20101221,093337,19640,10
MOL,0,20101221,093337,19640,30
MOL,0,20101221,093337,19645,91
MOL,0,20101221,093337,19650,369
MOL,0,20101221,093349,19650,73
MOL,0,20101221,093349,19650,77
MOL,0,20101221,093352,19650,83
MOL,0,20101221,093352,19650,10
PANNERGY,0,20101221,093353,917,300
RICHTER,0,20101221,093359,42250,5
BUX1112,0,20101221,093400,21999,2
MTELEKOM,0,20101221,093402,524,897
MTELEKOM,0,20101221,093402,525,3166
MTELEKOM,0,20101221,093402,525,200
MTELEKOM,0,20101221,093402,525,3000
MTELEKOM,0,20101221,093402,525,5000
MTELEKOM,0,20101221,093402,525,1000
BUX1112,0,20101221,093402,21999,3
OTP,0,20101221,093405,5265,259
OTP,0,20101221,093405,5264,8
OTP,0,20101221,093405,5260,229
OTP,0,20101221,093405,5260,100
OTP,0,20101221,093411,5260,4
MTELEKOM,0,20101221,093434,525,4937
MTELEKOM,0,20101221,093447,524,2000
MOL,0,20101221,093453,19665,20
MOL,0,20101221,093454,19665,36
MOL,0,20101221,093454,19665,42
OTP,0,20101221,093458,5264,19
OTP,0,20101221,093458,5255,66
MTELEKOM,0,20101221,093504,523,1880
MTELEKOM,0,20101221,093504,523,300
MTELEKOM,0,20101221,093504,523,15
MTELEKOM,0,20101221,093504,523,1000
MTELEKOM,0,20101221,093504,523,3990
MTELEKOM,0,20101221,093504,523,7655
MOL,0,20101221,093512,19650,200
RABA,0,20101221,093518,810,300
BUX1112,0,20101221,093551,21999,1
BUX1112,0,20101221,093551,21999,1
BUX1112,0,20101221,093611,21999,1
PANNERGY,0,20101221,093624,918,125
BUX1112,0,20101221,093641,21999,2
RFV,0,20101221,093647,8500,10
GENESIS,0,20101221,093654,196,447
MTELEKOM,0,20101221,093705,524,3000
MTELEKOM,0,20101221,093705,524,1000
BUX1112,0,20101221,093731,21999,5
BUX1112,0,20101221,093731,21998,3
PANNERGY,0,20101221,093758,915,200
RICHTER,0,20101221,093803,42195,16
MTELEKOM,0,20101221,093815,525,63
MTELEKOM,0,20101221,093815,525,237
ZWACK,0,20101221,093826,13150,100
PHYLAXIA,0,20101221,093834,46,100
RABA,0,20101221,093845,809,130
RABA,0,20101221,093849,810,100
ECONET,0,20101221,093903,91,1000
RABA,0,20101221,093904,809,70
OTP,0,20101221,093911,5255,200
BUX1112,0,20101221,093911,21990,1
MTELEKOM,0,20101221,093915,525,296
MTELEKOM,0,20101221,093915,525,504
PANNERGY,0,20101221,093930,918,375
BUX1112,0,20101221,093931,21990,1
BUX1112,0,20101221,093939,21990,3
BUX1112,0,20101221,093939,21988,3
BUX1112,0,20101221,093939,21987,5
MOL,0,20101221,093945,19630,69
PANNERGY,0,20101221,093950,919,125
MTELEKOM,0,20101221,093950,525,533
MOL,0,20101221,094005,19625,10
MTELEKOM,0,20101221,094025,525,963
MTELEKOM,0,20101221,094025,525,37
MTELEKOM,0,20101221,094031,525,963
MTELEKOM,0,20101221,094031,525,200
MOL,0,20101221,094045,19630,10
PANNERGY,0,20101221,094051,919,50
OTP,0,20101221,094100,5255,114
OTP,0,20101221,094100,5255,238
OTP,0,20101221,094111,5258,270
KEG,0,20101221,094131,143,48
MOL,0,20101221,094140,19630,34
MOL,0,20101221,094140,19630,16
MOL,0,20101221,094148,19630,100
MOL,0,20101221,094201,19630,4
PFLAX,0,20101221,094216,481,104
PFLAX,0,20101221,094216,481,147
MOL,0,20101221,094216,19630,30
MOL,0,20101221,094222,19630,150
ECONET,0,20101221,094226,90,2100
MOL,0,20101221,094228,19630,20
MTELEKOM,0,20101221,094230,525,500
MOL,0,20101221,094236,19630,130
MTELEKOM,0,20101221,094236,525,337
MTELEKOM,0,20101221,094236,525,663
MOL,0,20101221,094240,19630,20
MTELEKOM,0,20101221,094243,525,100
OTP,0,20101221,094301,5258,5
RABA,0,20101221,094306,809,200
EGIS,0,20101221,094306,20360,5
MOL,0,20101221,094310,19630,130
OTP,0,20101221,094321,5260,55
MOL,0,20101221,094322,19630,150
MOL,0,20101221,094331,19630,20
PANNERGY,0,20101221,094340,911,100
PANNERGY,0,20101221,094340,910,23
PANNERGY,0,20101221,094340,910,200
PANNERGY,0,20101221,094340,910,200
PANNERGY,0,20101221,094340,910,500
PANNERGY,0,20101221,094340,910,477
OTP,0,20101221,094406,5257,216
MTELEKOM,0,20101221,094408,526,2000
BUX1112,0,20101221,094430,21980,1
RABA,0,20101221,094433,809,100
MOL,0,20101221,094532,19630,130
MOL,0,20101221,094533,19630,647
MOL,0,20101221,094533,19630,150
MOL,0,20101221,094536,19630,73
BUX1112,0,20101221,094539,21967,1
BUX1112,0,20101221,094539,21967,1
BUX1112,0,20101221,094539,21960.5,1
BUX1112,0,20101221,094539,21960,1
BUX1112,0,20101221,094539,21955,1
MOL,0,20101221,094540,19630,127
OTP,0,20101221,094543,5255,15
MOL,0,20101221,094602,19645,140
MOL,0,20101221,094602,19650,160
BUX1112,0,20101221,094617,21980,1
MOL,0,20101221,094651,19640,5
MOL,0,20101221,094651,19640,495
OTP,0,20101221,094653,5255,25
OTP,0,20101221,094653,5253,140
OTP,0,20101221,094653,5253,13
OTP,0,20101221,094703,5253,49
MOL,0,20101221,094714,19640,377
MOL,0,20101221,094716,19640,123
BUX1112,0,20101221,094734,21980,3
MTELEKOM,0,20101221,094737,525,137
MTELEKOM,0,20101221,094737,525,100
MTELEKOM,0,20101221,094737,525,3763
MOL,0,20101221,094812,19630,50
MOL,0,20101221,094812,19630,50
MOL,0,20101221,094812,19640,200
MOL,0,20101221,094812,19645,100
MOL,0,20101221,094812,19645,50
MOL,0,20101221,094812,19650,62
MOL,0,20101221,094812,19650,100
MOL,0,20101221,094812,19650,50
MOL,0,20101221,094812,19650,200
MOL,0,20101221,094812,19650,10
MOL,0,20101221,094812,19650,5
MOL,0,20101221,094812,19650,123
MOL,0,20101221,094816,19650,877
MOL,0,20101221,094821,19650,123
MOL,0,20101221,094824,19650,115
MOL,0,20101221,094824,19680,85
OTP,0,20101221,094824,5253,270
MOL,0,20101221,094827,19680,50
MTELEKOM,0,20101221,094828,525,237
MTELEKOM,0,20101221,094828,525,763
OTP,0,20101221,094828,5256,1
OTP,0,20101221,094828,5259,4
MOL,0,20101221,094834,19680,373
MOL,0,20101221,094834,19680,127
MOL,0,20101221,094834,19680,73
MOL,0,20101221,094834,19680,10
MOL,0,20101221,094834,19690,30
MOL,0,20101221,094834,19690,195
MOL,0,20101221,094834,19690,10
MOL,0,20101221,094834,19695,5
MOL,0,20101221,094834,19695,100
MOL,0,20101221,094834,19695,77
MOL,0,20101221,094836,19695,123
MOL,0,20101221,094836,19700,200
MOL,0,20101221,094836,19700,50
MOL,0,20101221,094836,19700,23
MOL,0,20101221,094836,19700,20
MOL,0,20101221,094836,19700,14
MOL,0,20101221,094836,19700,33
OTP,0,20101221,094836,5257,20
OTP,0,20101221,094836,5253,22
MOL,0,20101221,094843,19705,6
MOL,0,20101221,094843,19720,50
MOL,0,20101221,094844,19700,37
MOL,0,20101221,094844,19700,13
BUX1112,0,20101221,094851,21956,3
BUX1112,0,20101221,094851,21956,2
BUX1112,0,20101221,094851,21955,5
BUX1112,0,20101221,094851,21953,1
BUX1112,0,20101221,094851,21953,1
BUX1112,0,20101221,094851,21952.5,1
BUX1112,0,20101221,094851,21952.5,7
OTP,0,20101221,094901,5253,49
GENESIS,0,20101221,094915,195,240
RICHTER,0,20101221,094934,42180,2
MOL,0,20101221,094936,19720,38
MOL,0,20101221,094936,19720,42
OTP,0,20101221,094941,5253,97
OTP,0,20101221,094941,5253,218
OTP,0,20101221,094941,5252,200
FOTEX,0,20101221,094953,390,81
FOTEX,0,20101221,094953,390,100
GENESIS,0,20101221,094957,194,288
GENESIS,0,20101221,094957,199,12
MOL,0,20101221,095016,19720,7
CSEPEL,0,20101221,095027,260,40
CSEPEL,0,20101221,095027,256,140
CSEPEL,0,20101221,095027,252,400
CSEPEL,0,20101221,095027,250,700
CSEPEL,0,20101221,095027,250,320
OTP,0,20101221,095029,5251,19
OTP,0,20101221,095029,5250,81
OTP,0,20101221,095029,5250,19
OTP,0,20101221,095029,5250,10
OTP,0,20101221,095029,5250,200
OTP,0,20101221,095029,5250,71
MTELEKOM,0,20101221,095035,525,1000
OTP,0,20101221,095035,5250,929
OTP,0,20101221,095035,5250,400
OTP,0,20101221,095035,5250,2
GENESIS,0,20101221,095040,199,1
MTELEKOM,0,20101221,095044,525,513
GENESIS,0,20101221,095050,191,1
RABA,0,20101221,095108,809,70
MTELEKOM,0,20101221,095110,525,1000
OTP,0,20101221,095116,5250,18
OTP,0,20101221,095132,5251,2
FHB,0,20101221,095135,968,221
FHB,0,20101221,095135,969,779
OTP,0,20101221,095141,5260,7
GENESIS,0,20101221,095150,199,30
KEG,0,20101221,095153,144,250
KEG,0,20101221,095153,144,464
RICHTER,0,20101221,095203,42165,13
RICHTER,0,20101221,095203,42200,2
MOL,0,20101221,095209,19720,3
MOL,0,20101221,095209,19720,97
MOL,0,20101221,095211,19720,3
MOL,0,20101221,095224,19740,18
MOL,0,20101221,095224,19740,16
MOL,0,20101221,095224,19745,5
MOL,0,20101221,095224,19745,50
MOL,0,20101221,095224,19750,10
MOL,0,20101221,095224,19750,100
MOL,0,20101221,095224,19750,100
MOL,0,20101221,095224,19750,100
RICHTER,0,20101221,095227,42250,21
RICHTER,0,20101221,095227,42350,38
RICHTER,0,20101221,095227,42350,35
BUX1112,0,20101221,095228,21980,10
OTP,0,20101221,095241,5260,4000
MOL,0,20101221,095241,19760,10
MOL,0,20101221,095241,19770,4
MOL,0,20101221,095241,19775,4
MOL,0,20101221,095241,19790,22
BUX1112,0,20101221,095250,21980,1
MOL,0,20101221,095252,19750,50
MOL,0,20101221,095254,19790,78
MOL,0,20101221,095254,19790,22
MOL,0,20101221,095257,19790,8
BUX1112,0,20101221,095259,21980,3
BUX1112,0,20101221,095259,21990,1
BUX1112,0,20101221,095259,22000,5
BUX1112,0,20101221,095259,22018,5
BUX1112,0,20101221,095259,22019.5,1
BUX1112,0,20101221,095259,22019.5,1
BUX1112,0,20101221,095259,22027,3
BUX1112,0,20101221,095259,22028,3
BUX1112,0,20101221,095259,22030,3
MOL,0,20101221,095302,19790,50
MOL,0,20101221,095303,19795,100
MOL,0,20101221,095303,19795,5
MOL,0,20101221,095303,19795,10
MOL,0,20101221,095303,19800,28
MOL,0,20101221,095303,19800,6
MOL,0,20101221,095303,19800,7
MOL,0,20101221,095303,19800,444
MOL,0,20101221,095313,19800,151
MOL,0,20101221,095325,19800,39
FOTEX,0,20101221,095326,390,600
OTP,0,20101221,095334,5253,90
MOL,0,20101221,095345,19800,116
MTELEKOM,0,20101221,095348,525,600
OTP,0,20101221,095357,5253,50
CSEPEL,0,20101221,095405,269,10
EGIS,0,20101221,095410,20360,30
EGIS,0,20101221,095410,20380,19
MTELEKOM,0,20101221,095415,526,2000
SYNERGON,0,20101221,095419,492,5000
RABA,0,20101221,095446,809,80
RABA,0,20101221,095446,809,120
RABA,0,20101221,095446,810,480
RABA,0,20101221,095446,810,418
RABA,0,20101221,095446,810,76
EGIS,0,20101221,095451,20380,11
EGIS,0,20101221,095451,20380,5
EGIS,0,20101221,095451,20390,5
MOL,0,20101221,095512,19820,40
OTP,0,20101221,095521,5255,2
OTP,0,20101221,095521,5253,2
MOL,0,20101221,095524,19820,8
MOL,0,20101221,095524,19800,92
OTP,0,20101221,095528,5253,29
MOL,0,20101221,095541,19800,100
MOL,0,20101221,095547,19800,10
PANNERGY,0,20101221,095553,910,23
MTELEKOM,0,20101221,095603,525,1000
RICHTER,0,20101221,095605,42280,1
DANUBIUS,0,20101221,095610,4380,6
PANNERGY,0,20101221,095612,910,300
BUX1112,0,20101221,095617,22005,6
SYNERGON,0,20101221,095625,493,280
OTP,0,20101221,095637,5253,20
MTELEKOM,0,20101221,095749,525,44
PANNERGY,0,20101221,095802,910,300
RICHTER,0,20101221,095808,42245,15
MOL,0,20101221,095828,19780,2
CSEPEL,0,20101221,095839,251,1703
PANNERGY,0,20101221,095842,910,177
MOL,0,20101221,095854,19780,180
MOL,0,20101221,095908,19750,50
OTP,0,20101221,095912,5260,156
OTP,0,20101221,095924,5256,20
FHB,0,20101221,095932,969,1140
FHB,0,20101221,095947,969,81
FHB,0,20101221,095947,970,419
FHB,0,20101221,095948,970,581
FHB,0,20101221,095948,970,100
EGIS,0,20101221,100021,20300,50
RABA,0,20101221,100054,810,38
MOL,0,20101221,100107,19750,1
MOL,0,20101221,100115,19710,5
BUX1112,0,20101221,100148,22002,5
BUX1112,0,20101221,100148,22001,5
MOL,0,20101221,100153,19750,29
MOL,0,20101221,100153,19750,121
MOL,0,20101221,100155,19750,29
OTP,0,20101221,100214,5260,88
MTELEKOM,0,20101221,100218,526,150
OTP,0,20101221,100219,5260,25
MOL,0,20101221,100227,19750,8
PANNERGY,0,20101221,100254,915,217
HUMET,0,20101221,100301,9,8075
HUMET,0,20101221,100301,9,1311
EGIS,0,20101221,100305,20380,21
MOL,0,20101221,100309,19760,5
MOL,0,20101221,100343,19760,29
MOL,0,20101221,100345,19760,12
MOL,0,20101221,100420,19760,50
OTP,0,20101221,100501,5260,57
MOL,0,20101221,100515,19755,45
MOL,0,20101221,100515,19760,138
MOL,0,20101221,100515,19760,5
MOL,0,20101221,100515,19790,3
MOL,0,20101221,100515,19790,9
OTP,0,20101221,100535,5259,95
TVK,0,20101221,100602,3330,17
TVK,0,20101221,100602,3325,56
FHB,0,20101221,100630,968,40
PANNERGY,0,20101221,100646,915,83
EGIS,0,20101221,100656,20305,21
EGIS,0,20101221,100656,20300,49
MOL,0,20101221,100659,19750,142
MOL,0,20101221,100659,19750,28
ZWACK,0,20101221,100701,13110,3
ZWACK,0,20101221,100701,13105,4
ZWACK,0,20101221,100701,13100,1
MOL,0,20101221,100708,19750,1
MOL,0,20101221,100708,19750,129
MOL,0,20101221,100718,19750,20
MOL,0,20101221,100732,19750,1
MOL,0,20101221,100734,19750,21
OTP,0,20101221,100738,5260,100
PANNERGY,0,20101221,100739,916,220
OTP,0,20101221,100755,5260,106
MTELEKOM,0,20101221,100755,526,850
MTELEKOM,0,20101221,100755,526,200
MTELEKOM,0,20101221,100755,526,837
OTP,0,20101221,100803,5260,461
OTP,0,20101221,100803,5260,39
PANNERGY,0,20101221,100806,915,500
OTP,0,20101221,100807,5256,200
PANNERGY,0,20101221,100848,916,54
MOL,0,20101221,100853,19710,5
EGIS,0,20101221,100902,20300,125
DANUBIUS,0,20101221,100938,4380,9
MTELEKOM,0,20101221,100955,526,500
MOL,0,20101221,101101,19730,20
MOL,0,20101221,101101,19750,28
MOL,0,20101221,101101,19750,113
MOL,0,20101221,101101,19750,5
MOL,0,20101221,101101,19750,10
MOL,0,20101221,101101,19750,2
PANNERGY,0,20101221,101112,916,55
MOL,0,20101221,101112,19765,43
MOL,0,20101221,101112,19750,22
MOL,0,20101221,101112,19710,40
MOL,0,20101221,101112,19710,20
MOL,0,20101221,101112,19710,5
MOL,0,20101221,101112,19700,20
OTP,0,20101221,101113,5256,20
RICHTER,0,20101221,101123,42205,20
RICHTER,0,20101221,101123,42200,85
OTP,0,20101221,101128,5256,140
FOTEX,0,20101221,101146,390,219
FOTEX,0,20101221,101146,393,81
OTP,0,20101221,101212,5260,1000
OTP,0,20101221,101212,5260,1151
OTP,0,20101221,101217,5260,6
RICHTER,0,20101221,101218,42175,15
OTP,0,20101221,101218,5260,200
OTP,0,20101221,101219,5260,200
OTP,0,20101221,101220,5260,443
PHYLAXIA,0,20101221,101225,45,50
PHYLAXIA,0,20101221,101225,45,1800
PHYLAXIA,0,20101221,101225,45,1000
PHYLAXIA,0,20101221,101225,45,1300
PHYLAXIA,0,20101221,101225,45,3350
RICHTER,0,20101221,101239,42200,5
MTELEKOM,0,20101221,101302,525,80
OTP,0,20101221,101308,5260,150
RICHTER,0,20101221,101308,42200,13
ZWACK,0,20101221,101317,13170,20
MTELEKOM,0,20101221,101322,525,3420
ZWACK,0,20101221,101328,13100,1
ZWACK,0,20101221,101328,13100,20
ZWACK,0,20101221,101328,13100,9
MOL,0,20101221,101408,19700,173
MTELEKOM,0,20101221,101414,526,400
OTP,0,20101221,101428,5260,407
OTP,0,20101221,101428,5260,200
OTP,0,20101221,101428,5260,500
OTP,0,20101221,101433,5260,1000
RICHTER,0,20101221,101434,42200,4
OTP,0,20101221,101438,5260,500
OTP,0,20101221,101440,5260,393
OTP,0,20101221,101459,5260,107
MTELEKOM,0,20101221,101502,526,80
MTELEKOM,0,20101221,101502,525,20000
OTP,0,20101221,101511,5260,384
OTP,0,20101221,101511,5260,381
OTP,0,20101221,101513,5261,450
OTP,0,20101221,101515,5260,198
OTP,0,20101221,101524,5260,24
OTP,0,20101221,101534,5260,278
OTP,0,20101221,101534,5260,222
MTELEKOM,0,20101221,101551,525,1000
DANUBIUS,0,20101221,101613,4350,15
OTP,0,20101221,101614,5260,700
MTELEKOM,0,20101221,101617,525,1100
BUX1112,0,20101221,101625,21981,10
MTELEKOM,0,20101221,101629,525,1000
OTP,0,20101221,101635,5260,78
MTELEKOM,0,20101221,101649,525,1000
MOL,0,20101221,101651,19720,14
MTELEKOM,0,20101221,101653,525,900
MTELEKOM,0,20101221,101654,525,5000
MTELEKOM,0,20101221,101713,526,137
RICHTER,0,20101221,101718,42150,25
RICHTER,0,20101221,101718,42150,5
RICHTER,0,20101221,101718,42115,5
RICHTER,0,20101221,101718,42115,315
CSEPEL,0,20101221,101729,269,10
OTP,0,20101221,101748,5261,545
OTP,0,20101221,101802,5261,170
OTP,0,20101221,101802,5260,722
OTP,0,20101221,101802,5260,108
OTP,0,20101221,101802,5260,500
OTP,0,20101221,101803,5260,500
OTP,0,20101221,101803,5260,892
PANNERGY,0,20101221,101807,915,287
OTP,0,20101221,101917,5260,108
OTP,0,20101221,101922,5260,92
MOL,0,20101221,101930,19725,20
KARPOT,0,20101221,101934,445,1400
OTP,0,20101221,101943,5260,251
BUX1112,0,20101221,101943,22000,2
RICHTER,0,20101221,102001,42160,14
OTP,0,20101221,102002,5260,10
SYNERGON,0,20101221,102007,491,1000
PANNERGY,0,20101221,102008,915,713
PANNERGY,0,20101221,102008,916,871
OTP,0,20101221,102017,5260,169
OTP,0,20101221,102038,5260,140
MTELEKOM,0,20101221,102049,525,160
MTELEKOM,0,20101221,102049,526,56
MTELEKOM,0,20101221,102049,526,6000
MTELEKOM,0,20101221,102049,526,1377
MOL,0,20101221,102124,19720,42
RABA,0,20101221,102156,808,240
RABA,0,20101221,102156,809,60
PHYLAXIA,0,20101221,102217,45,2000
MTELEKOM,0,20101221,102221,525,740
MTELEKOM,0,20101221,102221,525,5000
MTELEKOM,0,20101221,102221,525,10000
EGIS,0,20101221,102310,20360,15
EGIS,0,20101221,102317,20380,17
PANNERGY,0,20101221,102321,917,900
MOL,0,20101221,102354,19705,32
MTELEKOM,0,20101221,102426,525,129
DANUBIUS,0,20101221,102535,4320,20
DANUBIUS,0,20101221,102535,4305,9
MTELEKOM,0,20101221,102548,525,190
DANUBIUS,0,20101221,102553,4305,29
MTELEKOM,0,20101221,102616,524,2800
MOL,0,20101221,102710,19705,8
PANNERGY,0,20101221,102721,918,500
PANNERGY,0,20101221,102721,919,68
PANNERGY,0,20101221,102721,919,100
PANNERGY,0,20101221,102721,919,800
PANNERGY,0,20101221,102721,920,46
PANNERGY,0,20101221,102721,920,286
MOL,0,20101221,102724,19710,40
OTP,0,20101221,102734,5258,149
BUX1112,0,20101221,102752,22005,2
BUX1112,0,20101221,102752,22010,1
BUX1112,0,20101221,102752,22010,2
MOL,0,20101221,102755,19705,98
OTP,0,20101221,102808,5260,176
RICHTER,0,20101221,102808,42160,15
MOL,0,20101221,102823,19755,3
MTELEKOM,0,20101221,102837,525,600
ZWACK,0,20101221,102842,13100,91
MOL,0,20101221,102851,19755,8
RFV,0,20101221,102904,8411,30
BUX1112,0,20101221,102906,22010,1
MOL,0,20101221,102926,19765,32
MTELEKOM,0,20101221,102926,525,71
MTELEKOM,0,20101221,102926,525,494
BUX1112,0,20101221,103017,22010,7
BUX1112,0,20101221,103019,22010,8
BUX1112,0,20101221,103020,22010,9
OTP,0,20101221,103115,5259,100
KEG,0,20101221,103117,144,200
OTP,0,20101221,103242,5260,5
OTP,0,20101221,103242,5260,2
OTP,0,20101221,103242,5260,220
OTP,0,20101221,103242,5260,520
OTP,0,20101221,103313,5261,55
OTP,0,20101221,103313,5260,645
OTP,0,20101221,103317,5260,20
ELMU,0,20101221,103343,27025,10
ELMU,0,20101221,103343,27000,6
OTP,0,20101221,103422,5262,40
OTP,0,20101221,103431,5260,100
HUMET,0,20101221,103438,9,26500
FOTEX,0,20101221,103443,390,290
OTP,0,20101221,103457,5262,20
MOL,0,20101221,103502,19750,8
RICHTER,0,20101221,103517,42195,50
ECONET,0,20101221,103541,90,2000
MOL,0,20101221,103550,19750,10
MOL,0,20101221,103606,19750,20
MOL,0,20101221,103637,19750,2
PANNERGY,0,20101221,103644,917,16
PANNERGY,0,20101221,103644,917,400
PANNERGY,0,20101221,103644,916,584
DANUBIUS,0,20101221,103656,4400,49
MOL,0,20101221,103657,19750,45
MOL,0,20101221,103720,19750,8
MOL,0,20101221,103720,19705,44
MOL,0,20101221,103720,19700,48
MTELEKOM,0,20101221,103756,524,80
OTP,0,20101221,103804,5262,144
OTP,0,20101221,103804,5261,88
OTP,0,20101221,103804,5260,268
RICHTER,0,20101221,103824,42140,13
ECONET,0,20101221,103832,90,300
ECONET,0,20101221,103832,90,200
SYNERGON,0,20101221,103853,490,60
OTP,0,20101221,103857,5262,400
MOL,0,20101221,103938,19755,3
MOL,0,20101221,104012,19730,35
RABA,0,20101221,104020,809,12
OTP,0,20101221,104045,5260,200
BUX1112,0,20101221,104103,22005,1
OTP,0,20101221,104129,5260,20
OTP,0,20101221,104129,5260,1980
RICHTER,0,20101221,104140,42120,1
RICHTER,0,20101221,104140,42120,3
RICHTER,0,20101221,104140,42115,2
RICHTER,0,20101221,104140,42115,40
RICHTER,0,20101221,104140,42110,50
RICHTER,0,20101221,104140,42105,50
HUMET,0,20101221,104203,9,5000
RICHTER,0,20101221,104204,42120,2
OTP,0,20101221,104308,5263,135
EGIS,0,20101221,104310,20290,5
HUMET,0,20101221,104311,10,5000
MOL,0,20101221,104314,19765,10
OTP,0,20101221,104349,5261,40
OTP,0,20101221,104349,5260,20
OTP,0,20101221,104349,5260,55
BUX1112,0,20101221,104350,22000,10
MOL,0,20101221,104432,19775,5
KEG,0,20101221,104525,144,500
KEG,0,20101221,104525,145,700
OTP,0,20101221,104540,5260,20
OTP,0,20101221,104552,5260,500
OTP,0,20101221,104552,5260,500
OTP,0,20101221,104552,5260,500
OTP,0,20101221,104555,5260,425
OTP,0,20101221,104610,5258,1
OTP,0,20101221,104610,5256,1
BUX1112,0,20101221,104627,21991,1
MOL,0,20101221,104632,19775,5
MOL,0,20101221,104632,19780,1
MOL,0,20101221,104632,19780,44
MOL,0,20101221,104636,19780,6
MOL,0,20101221,104636,19780,29
OTP,0,20101221,104652,5256,24
OTP,0,20101221,104652,5256,26
OTP,0,20101221,104712,5260,50
RICHTER,0,20101221,104713,42190,14
MTELEKOM,0,20101221,104718,525,111
MOL,0,20101221,104718,19780,21
MOL,0,20101221,104724,19785,2
ELMU,0,20101221,104736,27300,4
OTP,0,20101221,104749,5256,34
EGIS,0,20101221,104817,20285,2
OTP,0,20101221,104821,5258,126
OTP,0,20101221,104821,5259,4
OTP,0,20101221,104821,5260,25
OTP,0,20101221,104821,5260,500
OTP,0,20101221,104831,5260,1000
MOL,0,20101221,104832,19745,1
MOL,0,20101221,104832,19710,2
OTP,0,20101221,104841,5260,100
OTP,0,20101221,104841,5260,245
MTELEKOM,0,20101221,104857,524,2000
RABA,0,20101221,104922,807,240
RABA,0,20101221,104922,806,120
OTP,0,20101221,104922,5256,50
BUX1112,0,20101221,104948,21991,3
BUX1112,0,20101221,105018,21990,1
BUX1112,0,20101221,105031,21990,4
PANNERGY,0,20101221,105036,918,27
OTP,0,20101221,105043,5260,510
MTELEKOM,0,20101221,105056,525,370
BUX1112,0,20101221,105109,21990,5
RICHTER,0,20101221,105128,42155,13
BUX1112,0,20101221,105130,21990,1
FHB,0,20101221,105130,969,80
BUX1112,0,20101221,105134,21986,1
BUX1112,0,20101221,105134,21985,5
BUX1112,0,20101221,105134,21981,1
BUX1112,0,20101221,105134,21980.5,1
BUX1112,0,20101221,105134,21980,1
RABA,0,20101221,105142,806,62
BUX1112,0,20101221,105159,21980,1
ANY,0,20101221,105224,714,100
ANY,0,20101221,105224,713,78
ANY,0,20101221,105224,713,302
MTELEKOM,0,20101221,105244,525,3905
OTP,0,20101221,105249,5258,23
PANNERGY,0,20101221,105359,918,500
OTP,0,20101221,105507,5255,1
MOL,0,20101221,105519,19730,34
KEG,0,20101221,105529,143,152
KEG,0,20101221,105529,143,562
PANNERGY,0,20101221,105554,916,916
PANNERGY,0,20101221,105554,915,84
ECONET,0,20101221,105612,90,100
ECONET,0,20101221,105612,90,900
RICHTER,0,20101221,105738,42160,8
MTELEKOM,0,20101221,105744,525,180
PANNERGY,0,20101221,105746,918,473
PANNERGY,0,20101221,105746,918,137
DANUBIUS,0,20101221,105805,4400,38
MTELEKOM,0,20101221,105807,524,10
MTELEKOM,0,20101221,105807,524,185
MTELEKOM,0,20101221,105807,524,350
MTELEKOM,0,20101221,105807,524,80
MTELEKOM,0,20101221,105807,524,2315
RICHTER,0,20101221,105808,42190,6
RICHTER,0,20101221,105808,42190,5
OTP,0,20101221,105813,5260,160
OTP,0,20101221,105829,5257,76
MTELEKOM,0,20101221,105840,524,200
MTELEKOM,0,20101221,105923,524,200
MOL,0,20101221,105946,19760,6
MOL,0,20101221,105946,19775,2
MOL,0,20101221,105946,19780,50
MOL,0,20101221,105946,19780,40
MTELEKOM,0,20101221,110011,525,4940
MTELEKOM,0,20101221,110011,525,1000
MTELEKOM,0,20101221,110011,525,240
MTELEKOM,0,20101221,110011,525,1820
OTP,0,20101221,110033,5258,47
RICHTER,0,20101221,110043,42180,3
RICHTER,0,20101221,110046,42180,9
RICHTER,0,20101221,110046,42190,1
RICHTER,0,20101221,110046,42200,50
RICHTER,0,20101221,110046,42200,50
OTP,0,20101221,110100,5257,23
MOL,0,20101221,110100,19780,2
MOL,0,20101221,110109,19785,3
MOL,0,20101221,110109,19785,21
RICHTER,0,20101221,110112,42200,3
RICHTER,0,20101221,110112,42200,70
MOL,0,20101221,110131,19765,5
OTP,0,20101221,110132,5257,50
MTELEKOM,0,20101221,110213,525,128
MTELEKOM,0,20101221,110232,525,3120
MTELEKOM,0,20101221,110244,525,2000
EGIS,0,20101221,110250,20280,5
EGIS,0,20101221,110310,20285,2
FOTEX,0,20101221,110359,390,200
DANUBIUS,0,20101221,110402,4400,10
RFV,0,20101221,110433,8411,6
MOL,0,20101221,110443,19780,31
MOL,0,20101221,110458,19785,19
MOL,0,20101221,110458,19790,30
MOL,0,20101221,110458,19790,10
MOL,0,20101221,110458,19790,6
MOL,0,20101221,110458,19790,15
MOL,0,20101221,110458,19790,10
MOL,0,20101221,110458,19795,15
MOL,0,20101221,110458,19795,100
MOL,0,20101221,110458,19795,190
MTELEKOM,0,20101221,110504,525,1140
MOL,0,20101221,110512,19795,60
MOL,0,20101221,110512,19800,35
MOL,0,20101221,110512,19800,5
MOL,0,20101221,110514,19800,45
MOL,0,20101221,110514,19800,10
MOL,0,20101221,110514,19800,20
MOL,0,20101221,110514,19800,17
MOL,0,20101221,110514,19800,63
MOL,0,20101221,110514,19800,100
MTELEKOM,0,20101221,110547,524,225
MTELEKOM,0,20101221,110547,524,275
MOL,0,20101221,110601,19795,9
SYNERGON,0,20101221,110612,491,700
MTELEKOM,0,20101221,110619,524,100
SYNERGON,0,20101221,110641,490,400
TVK,0,20101221,110651,3325,27
MTELEKOM,0,20101221,110654,524,100
MTELEKOM,0,20101221,110654,524,25
MTELEKOM,0,20101221,110655,524,75
MTELEKOM,0,20101221,110655,524,495
MTELEKOM,0,20101221,110656,524,75
KEG,0,20101221,110707,144,300
FOTEX,0,20101221,110708,390,510
MOL,0,20101221,110716,19795,4
FOTEX,0,20101221,110737,390,490
SYNERGON,0,20101221,110747,492,130
SYNERGON,0,20101221,110809,493,120
SYNERGON,0,20101221,110809,494,500
SYNERGON,0,20101221,110809,495,350
MOL,0,20101221,110831,19795,25
OTP,0,20101221,110919,5259,108
OTP,0,20101221,110928,5260,23
RICHTER,0,20101221,110929,42185,12
RICHTER,0,20101221,110929,42200,48
MOL,0,20101221,110930,19795,31
DANUBIUS,0,20101221,110938,4400,100
RABA,0,20101221,111029,808,6
PVALTO,0,20101221,111106,1400,51
RABA,0,20101221,111134,808,82
OTP,0,20101221,111140,5260,62
OTP,0,20101221,111140,5260,500
OTP,0,20101221,111140,5260,500
OTP,0,20101221,111140,5260,30
OTP,0,20101221,111140,5260,111
OTP,0,20101221,111150,5263,115
PHYLAXIA,0,20101221,111234,46,10
GENESIS,0,20101221,111246,198,250
RABA,0,20101221,111310,807,61
RABA,0,20101221,111310,807,4272
RICHTER,0,20101221,111313,42200,7
RABA,0,20101221,111339,807,2
MTELEKOM,0,20101221,111346,524,11950
OTP,0,20101221,111356,5261,139
OTP,0,20101221,111356,5261,79
MTELEKOM,0,20101221,111417,525,10000
MTELEKOM,0,20101221,111430,525,1792
MTELEKOM,0,20101221,111430,525,260
OTP,0,20101221,111500,5261,9
OTP,0,20101221,111500,5261,65
OTP,0,20101221,111500,5261,43
OTP,0,20101221,111500,5260,457
KEG,0,20101221,111527,144,695
OTP,0,20101221,111528,5260,40
EGIS,0,20101221,111545,20220,50
EGIS,0,20101221,111545,20215,25
EGIS,0,20101221,111545,20210,10
EGIS,0,20101221,111545,20205,24
EGIS,0,20101221,111545,20200,10
MOL,0,20101221,111620,19790,27
MOL,0,20101221,111620,19790,23
OTP,0,20101221,111630,5260,383
MOL,0,20101221,111632,19790,6
RICHTER,0,20101221,111713,42295,6
MTELEKOM,0,20101221,111718,525,13
MTELEKOM,0,20101221,111718,525,11
FHB,0,20101221,111820,972,111
GENESIS,0,20101221,111839,198,190
FHB,0,20101221,111918,972,300
MTELEKOM,0,20101221,111931,525,89
MTELEKOM,0,20101221,111931,525,1000
MTELEKOM,0,20101221,111931,525,1000
MTELEKOM,0,20101221,111931,525,300
MTELEKOM,0,20101221,111931,525,7611
MTELEKOM,0,20101221,111933,525,2389
MTELEKOM,0,20101221,111933,525,12
MTELEKOM,0,20101221,111934,525,1703
MTELEKOM,0,20101221,111934,524,87
OTP,0,20101221,112006,5262,3000
GENESIS,0,20101221,112010,198,1000
OTP,0,20101221,112021,5260,1000
MTELEKOM,0,20101221,112031,524,1410
RICHTER,0,20101221,112150,42165,1
OTP,0,20101221,112221,5263,250
OTP,0,20101221,112221,5263,500
OTP,0,20101221,112221,5263,250
EGIS,0,20101221,112310,20285,20
OTP,0,20101221,112325,5263,250
AAA,0,20101221,112338,215,400
AAA,0,20101221,112338,218,500
AAA,0,20101221,112338,220,5000
MTELEKOM,0,20101221,112416,525,1000
MOL,0,20101221,112429,19735,23
MOL,0,20101221,112452,19735,6
GENESIS,0,20101221,112553,198,75
FOTEX,0,20101221,112603,390,150
KARPOT,0,20101221,112615,440,86
RICHTER,0,20101221,112636,42165,11
AAA,0,20101221,112637,222,1100
AAA,0,20101221,112647,222,300
PANNERGY,0,20101221,112654,915,166
PANNERGY,0,20101221,112654,915,100
PANNERGY,0,20101221,112706,915,500
OTP,0,20101221,112748,5264,94
RABA,0,20101221,112801,807,59
RICHTER,0,20101221,112840,42200,2
RABA,0,20101221,112841,806,41
MTELEKOM,0,20101221,112935,524,700
PANNERGY,0,20101221,112948,915,66
RICHTER,0,20101221,112950,42210,9
PHYLAXIA,0,20101221,112959,45,2150
PHYLAXIA,0,20101221,112959,45,5000
PHYLAXIA,0,20101221,112959,45,1000
PHYLAXIA,0,20101221,112959,45,18407
MOL,0,20101221,113051,19780,10
MOL,0,20101221,113051,19780,27
OTP,0,20101221,113104,5263,100
MOL,0,20101221,113117,19790,14
MOL,0,20101221,113117,19790,15
OTP,0,20101221,113131,5262,500
RABA,0,20101221,113152,808,18
MTELEKOM,0,20101221,113316,524,200
MTELEKOM,0,20101221,113324,525,5000
RICHTER,0,20101221,113416,42190,2
PANNERGY,0,20101221,113419,915,31
RFV,0,20101221,113421,8411,5
OTP,0,20101221,113435,5262,200
OTP,0,20101221,113441,5263,200
PHYLAXIA,0,20101221,113442,45,1000
OTP,0,20101221,113444,5262,500
OTP,0,20101221,113444,5262,200
OTP,0,20101221,113444,5262,94
OTP,0,20101221,113530,5260,917
OTP,0,20101221,113530,5260,75
OTP,0,20101221,113532,5261,5
OTP,0,20101221,113550,5260,225
OTP,0,20101221,113550,5260,218
PFLAX,0,20101221,113611,482,67
OTP,0,20101221,113618,5259,87
OTP,0,20101221,113618,5260,57
PANNERGY,0,20101221,113619,915,300
RABA,0,20101221,113636,806,71
OTP,0,20101221,113718,5260,56
MOL,0,20101221,113818,19780,26
MOL,0,20101221,113818,19780,7
PFLAX,0,20101221,113908,490,25
PFLAX,0,20101221,113908,498,107
PFLAX,0,20101221,113908,499,500
MOL,0,20101221,113945,19795,27
BUX1112,0,20101221,114012,21985,1
OTP,0,20101221,114035,5257,27
OTP,0,20101221,114035,5257,2473
ZWACK,0,20101221,114041,13170,48
MOL,0,20101221,114143,19790,25
RICHTER,0,20101221,114144,42200,22
RICHTER,0,20101221,114144,42190,78
BUX1112,0,20101221,114218,21998,1
RICHTER,0,20101221,114236,42190,20
RICHTER,0,20101221,114236,42190,12
RICHTER,0,20101221,114236,42165,8
RICHTER,0,20101221,114236,42160,92
RICHTER,0,20101221,114236,42160,5
RICHTER,0,20101221,114236,42150,23
OTP,0,20101221,114259,5260,1
RICHTER,0,20101221,114313,42185,10
OTP,0,20101221,114314,5260,108
EGIS,0,20101221,114315,20280,3
RICHTER,0,20101221,114317,42185,1
MTELEKOM,0,20101221,114342,525,147
MTELEKOM,0,20101221,114343,525,4104
OTP,0,20101221,114402,5256,88
OTP,0,20101221,114402,5256,100
OTP,0,20101221,114402,5256,22
RICHTER,0,20101221,114408,42150,139
MOL,0,20101221,114523,19790,1
OTP,0,20101221,114545,5256,30
PFLAX,0,20101221,114605,511,77
MOL,0,20101221,114622,19750,98
RABA,0,20101221,114649,807,50
MTELEKOM,0,20101221,114718,525,92
RICHTER,0,20101221,114758,42150,100
RICHTER,0,20101221,114758,42180,100
EGIS,0,20101221,114837,20175,4
OTP,0,20101221,114942,5259,345
MOL,0,20101221,115015,19765,9
MTELEKOM,0,20101221,115047,524,890
OTP,0,20101221,115048,5259,36
MTELEKOM,0,20101221,115201,523,1857
MTELEKOM,0,20101221,115201,523,300
MTELEKOM,0,20101221,115201,523,100
MTELEKOM,0,20101221,115201,523,243
OTP,0,20101221,115242,5259,45
OTP,0,20101221,115242,5260,519
OTP,0,20101221,115247,5258,13
BUX1112,0,20101221,115255,21998,1
BUX1112,0,20101221,115255,21999,1
BUX1112,0,20101221,115255,21999,1
OTP,0,20101221,115257,5258,150
MOL,0,20101221,115305,19775,24
MOL,0,20101221,115334,19775,1
OTP,0,20101221,115354,5258,100
RABA,0,20101221,115404,806,450
RICHTER,0,20101221,115418,42160,10
OTP,0,20101221,115420,5258,20
MOL,0,20101221,115447,19770,7
RICHTER,0,20101221,115547,42180,2
RICHTER,0,20101221,115622,42180,98
PHYLAXIA,0,20101221,115647,45,1300
BUX1112,0,20101221,115651,21999,2
OTP,0,20101221,115751,5260,95
MOL,0,20101221,115805,19770,9
MOL,0,20101221,115805,19725,1
OTP,0,20101221,115902,5260,50
EGIS,0,20101221,115922,20200,30
OTP,0,20101221,115952,5259,50
RICHTER,0,20101221,120144,42190,2
MTELEKOM,0,20101221,120218,524,91
MOL,0,20101221,120218,19770,37
OTP,0,20101221,120248,5260,13
EGIS,0,20101221,120315,20270,4
EGIS,0,20101221,120322,20275,2
OTP,0,20101221,120349,5259,1
OTP,0,20101221,120349,5259,9
BUX1112,0,20101221,120457,22000,4
BUX1112,0,20101221,120457,22000,10
BUX1112,0,20101221,120457,22000,16
OTP,0,20101221,120506,5259,69
OTP,0,20101221,120506,5256,4
OTP,0,20101221,120506,5255,43
PANNERGY,0,20101221,120512,915,50
MOL,0,20101221,120534,19750,4
MOL,0,20101221,120534,19750,19
MTELEKOM,0,20101221,120540,523,500
MTELEKOM,0,20101221,120602,524,60
RICHTER,0,20101221,120642,42180,2
OTP,0,20101221,120724,5260,115
MOL,0,20101221,120818,19750,3
BUX1112,0,20101221,120935,22000,1
MOL,0,20101221,121004,19770,13
MTELEKOM,0,20101221,121012,524,3959
MTELEKOM,0,20101221,121012,524,1041
RABA,0,20101221,121033,807,300
RABA,0,20101221,121033,806,1256
OTP,0,20101221,121034,5257,20
RICHTER,0,20101221,121116,42150,1
RICHTER,0,20101221,121116,42140,1
RICHTER,0,20101221,121116,42125,4
OTP,0,20101221,121129,5255,687
OTP,0,20101221,121129,5255,146
BUX1112,0,20101221,121147,22000,3
BUX1112,0,20101221,121147,22000,10
OTP,0,20101221,121149,5253,30
OTP,0,20101221,121149,5253,169
OTP,0,20101221,121149,5253,75
OTP,0,20101221,121149,5251,25
OTP,0,20101221,121149,5251,110
OTP,0,20101221,121149,5250,30
OTP,0,20101221,121149,5250,1
OTP,0,20101221,121149,5250,10
OTP,0,20101221,121231,5250,15
PANNERGY,0,20101221,121247,915,89
RICHTER,0,20101221,121313,42160,10
MOL,0,20101221,121318,19790,5
OTP,0,20101221,121327,5250,5
OTP,0,20101221,121407,5246,20
BUX1112,0,20101221,121446,22001,5
BUX1112,0,20101221,121446,22000,2
OTP,0,20101221,121557,5246,68
OTP,0,20101221,121557,5246,100
OTP,0,20101221,121557,5245,5000
OTP,0,20101221,121557,5245,190
RABA,0,20101221,121607,806,444
BUX1112,0,20101221,121617,21990,1
BUX1112,0,20101221,121617,21987,1
BUX1112,0,20101221,121617,21985,3
MOL,0,20101221,121618,19785,23
MOL,0,20101221,121618,19785,55
MOL,0,20101221,121618,19780,21
OTP,0,20101221,121622,5246,20
OTP,0,20101221,121659,5248,41
MTELEKOM,0,20101221,121718,524,18
MTELEKOM,0,20101221,121718,524,66
MTELEKOM,0,20101221,121718,524,200
PANNERGY,0,20101221,121722,914,200
PANNERGY,0,20101221,121722,914,100
PANNERGY,0,20101221,121734,914,400
PANNERGY,0,20101221,121734,913,100
PANNERGY,0,20101221,121734,913,200
PANNERGY,0,20101221,121734,911,1000
PANNERGY,0,20101221,121734,911,200
PANNERGY,0,20101221,121734,911,1600
PANNERGY,0,20101221,121734,910,3300
PANNERGY,0,20101221,121734,910,100
PANNERGY,0,20101221,121734,910,1000
PANNERGY,0,20101221,121734,910,1000
MTELEKOM,0,20101221,121845,524,286
OTP,0,20101221,121907,5242,107
OTP,0,20101221,121907,5240,200
OTP,0,20101221,121907,5240,100
KEG,0,20101221,121915,144,500
OTP,0,20101221,121952,5239,31
OTP,0,20101221,121952,5240,93
OTP,0,20101221,121952,5240,407
OTP,0,20101221,121958,5240,56
OTP,0,20101221,122002,5239,50
KEG,0,20101221,122009,143,300
MTELEKOM,0,20101221,122039,524,750
OTP,0,20101221,122042,5239,9
OTP,0,20101221,122044,5237,200
OTP,0,20101221,122046,5235,20
OTP,0,20101221,122047,5231,80
OTP,0,20101221,122047,5231,60
OTP,0,20101221,122048,5230,81
PANNERGY,0,20101221,122101,909,63
PANNERGY,0,20101221,122101,909,100
PANNERGY,0,20101221,122101,909,237
RICHTER,0,20101221,122126,42150,100
BUX1112,0,20101221,122155,21985,6
MTELEKOM,0,20101221,122214,524,300
OTP,0,20101221,122222,5235,50
PANNERGY,0,20101221,122319,909,200
MTELEKOM,0,20101221,122420,524,3398
MTELEKOM,0,20101221,122424,525,2240
OTP,0,20101221,122425,5240,2
MTELEKOM,0,20101221,122431,524,5000
KEG,0,20101221,122441,143,3138
KEG,0,20101221,122441,143,1000
KEG,0,20101221,122441,143,40
KEG,0,20101221,122441,143,14500
KEG,0,20101221,122441,143,1322
MTELEKOM,0,20101221,122456,524,5000
KEG,0,20101221,122510,143,378
MOL,0,20101221,122516,19735,21
KEG,0,20101221,122528,143,172
KEG,0,20101221,122528,144,1505
KEG,0,20101221,122528,144,323
MTELEKOM,0,20101221,122548,524,1000
RICHTER,0,20101221,122603,42145,9
OTP,0,20101221,122612,5240,8
RICHTER,0,20101221,122619,42160,100
OTP,0,20101221,122652,5238,20
OTP,0,20101221,122856,5240,27
OTP,0,20101221,122929,5241,17
OTP,0,20101221,122929,5240,487
OTP,0,20101221,122934,5240,13
OTP,0,20101221,122936,5240,35
MOL,0,20101221,123009,19775,20
MOL,0,20101221,123011,19780,1
MOL,0,20101221,123011,19780,5
MOL,0,20101221,123037,19780,20
MOL,0,20101221,123038,19775,1
MOL,0,20101221,123038,19775,196
RABA,0,20101221,123048,806,56
EGIS,0,20101221,123106,20200,23
OTP,0,20101221,123122,5240,452
KEG,0,20101221,123126,144,427
OTP,0,20101221,123133,5243,378
RABA,0,20101221,123206,806,210
MTELEKOM,0,20101221,123218,525,95
OTP,0,20101221,123228,5240,122
KEG,0,20101221,123306,144,1000
KEG,0,20101221,123320,144,500
OTP,0,20101221,123321,5240,88
OTP,0,20101221,123321,5240,66
OTP,0,20101221,123321,5240,1095
RICHTER,0,20101221,123349,42130,2
OTP,0,20101221,123404,5243,37
MOL,0,20101221,123417,19725,11
MTELEKOM,0,20101221,123512,524,500
MOL,0,20101221,123539,19725,38
MOL,0,20101221,123539,19720,62
OTP,0,20101221,123624,5246,32
OTP,0,20101221,123624,5246,1000
OTP,0,20101221,123655,5244,210
OTP,0,20101221,123655,5240,5
MTELEKOM,0,20101221,123747,524,642
BUX1112,0,20101221,123809,21981,2
MOL,0,20101221,123831,19725,16
MTELEKOM,0,20101221,123848,524,300
RABA,0,20101221,123937,805,79
MOL,0,20101221,123940,19725,4
MOL,0,20101221,123941,19725,16
MTELEKOM,0,20101221,124041,523,257
MTELEKOM,0,20101221,124041,523,30
MTELEKOM,0,20101221,124041,523,163
RICHTER,0,20101221,124110,42130,10
KEG,0,20101221,124225,144,1
OTP,0,20101221,124311,5240,12
OTP,0,20101221,124311,5240,98
RICHTER,0,20101221,124313,42195,12
EGIS,0,20101221,124316,20275,4
BUX1112,0,20101221,124328,21999.5,1
KEG,0,20101221,124331,145,80
KEG,0,20101221,124331,145,1820
OTP,0,20101221,124435,5239,42
KEG,0,20101221,124445,144,1
PHYLAXIA,0,20101221,124537,45,2300
MOL,0,20101221,124640,19750,16
MTELEKOM,0,20101221,124713,524,89
PHYLAXIA,0,20101221,124720,45,1000
KEG,0,20101221,124757,145,1
FREESOFT,0,20101221,124836,1950,6200
OTP,0,20101221,124840,5249,24
RICHTER,0,20101221,124913,42165,7
RICHTER,0,20101221,124943,42150,100
RICHTER,0,20101221,124943,42150,100
RABA,0,20101221,125122,806,100
MOL,0,20101221,125203,19740,20
MOL,0,20101221,125203,19720,10
RICHTER,0,20101221,125226,42130,3
OTP,0,20101221,125324,5249,56
OTP,0,20101221,125324,5249,65
OTP,0,20101221,125324,5250,700
OTP,0,20101221,125324,5250,1249
OTP,0,20101221,125324,5250,1930
RABA,0,20101221,125333,806,74
FHB,0,20101221,125438,970,220
FHB,0,20101221,125438,970,250
FHB,0,20101221,125438,970,99
FHB,0,20101221,125438,970,25
FHB,0,20101221,125530,970,1975
FHB,0,20101221,125530,970,319
FHB,0,20101221,125536,970,363
FREESOFT,0,20101221,125543,1990,140
MOL,0,20101221,125546,19735,19
DANUBIUS,0,20101221,125621,4400,29
FHB,0,20101221,125636,970,792
MTELEKOM,0,20101221,125636,524,50
RICHTER,0,20101221,125711,42150,10
PHYLAXIA,0,20101221,125744,45,500
RICHTER,0,20101221,125813,42195,12
MOL,0,20101221,125818,19730,1
OTP,0,20101221,125822,5249,95
KEG,0,20101221,125834,144,71
KEG,0,20101221,125834,144,1000
KEG,0,20101221,125834,142,20
KEG,0,20101221,125834,142,500
KEG,0,20101221,125834,142,900
KEG,0,20101221,125834,142,80
KEG,0,20101221,125834,142,1000
KEG,0,20101221,125834,141,1000
KEG,0,20101221,125834,141,2000
KEG,0,20101221,125834,141,800
KEG,0,20101221,125834,141,1000
KEG,0,20101221,125834,141,1702
KEG,0,20101221,125834,141,800
KEG,0,20101221,125834,141,1000
KEG,0,20101221,125834,140,358
KEG,0,20101221,125834,140,500
KEG,0,20101221,125834,140,3000
KEG,0,20101221,125834,140,7000
KEG,0,20101221,125834,140,800
KEG,0,20101221,125834,140,2000
KEG,0,20101221,125834,140,500
KEG,0,20101221,125834,140,800
KEG,0,20101221,125834,140,3000
KEG,0,20101221,125834,140,1000
KEG,0,20101221,125834,140,19169
EGIS,0,20101221,125838,20185,30
EGIS,0,20101221,125838,20180,5
EGIS,0,20101221,125838,20180,20
EGIS,0,20101221,125838,20175,6
EGIS,0,20101221,125838,20175,39
EGIS,0,20101221,125838,20170,20
EGIS,0,20101221,125838,20170,15
EGIS,0,20101221,125838,20170,1
RICHTER,0,20101221,125842,42150,32
OTP,0,20101221,125931,5249,65
GENESIS,0,20101221,125942,199,157
GENESIS,0,20101221,125942,199,53
KEG,0,20101221,125955,142,100
KEG,0,20101221,130018,142,1700
KEG,0,20101221,130018,143,2000
KEG,0,20101221,130018,143,1000
KEG,0,20101221,130018,143,300
OTP,0,20101221,130026,5247,66
MTELEKOM,0,20101221,130036,524,1919
MTELEKOM,0,20101221,130036,524,18081
MTELEKOM,0,20101221,130036,523,477
MTELEKOM,0,20101221,130036,523,100
EGIS,0,20101221,130041,20170,14
EGIS,0,20101221,130041,20160,15
EGIS,0,20101221,130041,20160,20
EGIS,0,20101221,130041,20160,11
MTELEKOM,0,20101221,130043,523,1342
MTELEKOM,0,20101221,130043,524,1908
EGIS,0,20101221,130054,20160,4
EGIS,0,20101221,130054,20160,46
FHB,0,20101221,130137,970,95
MTELEKOM,0,20101221,130218,524,114
MOL,0,20101221,130223,19745,20
OTP,0,20101221,130224,5246,3
OTP,0,20101221,130242,5247,91
OTP,0,20101221,130242,5249,106
PHYLAXIA,0,20101221,130246,45,2050
PHYLAXIA,0,20101221,130248,45,242329
PHYLAXIA,0,20101221,130248,46,489
PHYLAXIA,0,20101221,130248,46,1057
PHYLAXIA,0,20101221,130248,46,100
PHYLAXIA,0,20101221,130248,46,404
PHYLAXIA,0,20101221,130300,45,60000
FHB,0,20101221,130304,970,697
EGIS,0,20101221,130321,20265,6
EGIS,0,20101221,130327,20270,32
BUX1112,0,20101221,130430,21981,3
BUX1112,0,20101221,130430,21980,1
RICHTER,0,20101221,130528,42155,11
MOL,0,20101221,130704,19740,19
RICHTER,0,20101221,130813,42160,3
MOL,0,20101221,130818,19745,32
OTP,0,20101221,130852,5243,132
OTP,0,20101221,130852,5243,55
MOL,0,20101221,130959,19745,1
PANNERGY,0,20101221,131024,914,900
RICHTER,0,20101221,131038,42160,5
MOL,0,20101221,131122,19740,19
MOL,0,20101221,131122,19720,31
RICHTER,0,20101221,131155,42160,92
RICHTER,0,20101221,131155,42195,74
RICHTER,0,20101221,131155,42200,34
MOL,0,20101221,131225,19720,10
OTP,0,20101221,131325,5249,119
OTP,0,20101221,131325,5248,500
ECONET,0,20101221,131342,90,100
ECONET,0,20101221,131342,90,100
ECONET,0,20101221,131342,90,500
ECONET,0,20101221,131342,90,4000
ECONET,0,20101221,131342,90,10000
ECONET,0,20101221,131342,90,10
ECONET,0,20101221,131342,90,2770
ECONET,0,20101221,131342,90,670
EGIS,0,20101221,131354,20280,4
MTELEKOM,0,20101221,131403,523,1228
BUX1112,0,20101221,131409,21980,1
EGIS,0,20101221,131421,20280,3
EGIS,0,20101221,131421,20280,2
FHB,0,20101221,131521,971,40
FHB,0,20101221,131521,970,80
OTP,0,20101221,131609,5248,65
EGIS,0,20101221,131613,20175,10
MTELEKOM,0,20101221,131638,523,772
MTELEKOM,0,20101221,131638,523,228
EGIS,0,20101221,131638,20160,10
OTP,0,20101221,131648,5249,115
MTELEKOM,0,20101221,131718,524,114
FHB,0,20101221,131915,970,100
LINAMAR,0,20101221,131940,2570,170
OTP,0,20101221,132019,5249,1000
MTELEKOM,0,20101221,132055,524,2000
ECONET,0,20101221,132132,91,500
ECONET,0,20101221,132132,91,1200
ECONET,0,20101221,132132,91,4400
ECONET,0,20101221,132132,91,5000
ECONET,0,20101221,132132,91,4000
ECONET,0,20101221,132132,91,2000
ECONET,0,20101221,132132,91,480
OTP,0,20101221,132150,5250,400
OTP,0,20101221,132151,5250,88
MOL,0,20101221,132215,19740,19
OTP,0,20101221,132243,5250,400
RICHTER,0,20101221,132244,42150,8
RICHTER,0,20101221,132244,42150,2
OTP,0,20101221,132258,5250,80
KEG,0,20101221,132317,142,1000
EGIS,0,20101221,132320,20270,10
OTP,0,20101221,132324,5250,147
EGIS,0,20101221,132327,20275,2
MOL,0,20101221,132355,19735,1
RABA,0,20101221,132432,806,1826
OTP,0,20101221,132439,5250,66
BUX1112,0,20101221,132458,21980,5
MOL,0,20101221,132516,19740,5
MOL,0,20101221,132537,19740,10
RABA,0,20101221,132543,807,60
MOL,0,20101221,132544,19745,13
PANNERGY,0,20101221,132549,915,911
OTP,0,20101221,132636,5249,13
EGIS,0,20101221,132638,20275,1
SYNERGON,0,20101221,132652,493,1600
ECONET,0,20101221,132736,91,7400
OTP,0,20101221,132808,5250,13
OTP,0,20101221,132809,5249,40
RICHTER,0,20101221,132814,42170,11
MOL,0,20101221,132816,19740,15
OTP,0,20101221,132851,5249,70
MTELEKOM,0,20101221,133032,523,373
RABA,0,20101221,133102,807,477
ANY,0,20101221,133116,719,65
ANY,0,20101221,133116,719,35
MOL,0,20101221,133133,19745,5
SYNERGON,0,20101221,133204,494,200
SYNERGON,0,20101221,133204,495,400
RABA,0,20101221,133205,806,1174
MTELEKOM,0,20101221,133218,524,116
MOL,0,20101221,133221,19740,19
MOL,0,20101221,133221,19740,55
MOL,0,20101221,133221,19720,6
GSPARK,0,20101221,133236,782,77
GSPARK,0,20101221,133236,781,9
OTP,0,20101221,133304,5249,82
RICHTER,0,20101221,133318,42190,15
OTP,0,20101221,133320,5249,15
OTP,0,20101221,133327,5250,400
MTELEKOM,0,20101221,133333,524,130
OTP,0,20101221,133407,5250,65
FHB,0,20101221,133410,971,120
FHB,0,20101221,133410,970,20
BUX1112,0,20101221,133456,21980,1
BUX1112,0,20101221,133456,21980,1
MTELEKOM,0,20101221,133642,524,200
OTP,0,20101221,133730,5250,1411
OTP,0,20101221,133730,5250,135
OTP,0,20101221,133730,5250,10
OTP,0,20101221,133730,5250,40
OTP,0,20101221,133730,5250,67
OTP,0,20101221,133730,5253,337
SYNERGON,0,20101221,133815,495,19
SYNERGON,0,20101221,133815,495,150
SYNERGON,0,20101221,133815,495,51
MOL,0,20101221,133912,19720,19
OTP,0,20101221,133916,5251,66
OTP,0,20101221,133916,5251,22
RICHTER,0,20101221,133935,42185,2
OTP,0,20101221,133940,5251,10
OTP,0,20101221,133959,5251,73
RABA,0,20101221,134021,806,500
OTP,0,20101221,134024,5251,63
OTP,0,20101221,134024,5249,707
RABA,0,20101221,134044,806,4
OTP,0,20101221,134151,5250,5
OTP,0,20101221,134257,5251,300
RICHTER,0,20101221,134309,42155,8
MOL,0,20101221,134323,19745,10
KEG,0,20101221,134431,142,1010
RABA,0,20101221,134442,806,72
OTP,0,20101221,134509,5251,30
OTP,0,20101221,134509,5253,50
MOL,0,20101221,134630,19745,20
MOL,0,20101221,134656,19745,169
MTELEKOM,0,20101221,134718,524,109
MOL,0,20101221,134740,19740,3
RICHTER,0,20101221,134813,42165,180
OTP,0,20101221,134841,5251,68
OTP,0,20101221,134841,5250,88
OTP,0,20101221,134841,5249,1610
RABA,0,20101221,134946,806,250
PANNERGY,0,20101221,134958,915,100
RICHTER,0,20101221,135125,42155,2
RICHTER,0,20101221,135127,42155,10
ZWACK,0,20101221,135141,13150,15
OTP,0,20101221,135205,5249,40
MOL,0,20101221,135215,19740,10
MOL,0,20101221,135225,19745,21
MOL,0,20101221,135323,19745,9
MOL,0,20101221,135323,19745,21
MOL,0,20101221,135450,19740,6
OTP,0,20101221,135622,5253,1
OTP,0,20101221,135642,5255,49
FOTEX,0,20101221,135728,389,200
FOTEX,0,20101221,135728,388,20
RICHTER,0,20101221,135731,42190,5
OTP,0,20101221,135742,5251,69
OTP,0,20101221,135742,5250,740
OTP,0,20101221,135742,5249,1423
RICHTER,0,20101221,135823,42190,4
ECONET,0,20101221,140023,91,300
MOL,0,20101221,140029,19740,9
OTP,0,20101221,140033,5246,72
GSPARK,0,20101221,140129,781,80
RABA,0,20101221,140134,806,700
MTELEKOM,0,20101221,140218,524,96
KEG,0,20101221,140219,142,700
KEG,0,20101221,140227,142,290
KEG,0,20101221,140227,142,210
OTP,0,20101221,140228,5249,48
RABA,0,20101221,140416,806,550
KEG,0,20101221,140437,141,100
MTELEKOM,0,20101221,140441,523,399
MTELEKOM,0,20101221,140441,523,200
MTELEKOM,0,20101221,140441,523,401
RICHTER,0,20101221,140528,42150,11
MOL,0,20101221,140632,19735,21
OTP,0,20101221,140648,5245,3
OTP,0,20101221,140648,5245,10
KEG,0,20101221,140743,142,290
KEG,0,20101221,140743,142,660
PANNERGY,0,20101221,140749,913,2000
OTP,0,20101221,140811,5249,100
BUX1112,0,20101221,140833,21998,1
RICHTER,0,20101221,140833,42160,12
KEG,0,20101221,140931,141,300
MTELEKOM,0,20101221,140957,523,79
MTELEKOM,0,20101221,140957,523,100
MTELEKOM,0,20101221,140957,523,821
MTELEKOM,0,20101221,141043,524,900
MOL,0,20101221,141120,19725,1
OTP,0,20101221,141134,5248,15
RABA,0,20101221,141142,805,41
RABA,0,20101221,141142,804,6
RABA,0,20101221,141142,803,1200
RABA,0,20101221,141142,802,3
OTP,0,20101221,141149,5249,111
OTP,0,20101221,141222,5248,49
OTP,0,20101221,141242,5244,1
MOL,0,20101221,141328,19740,39
MOL,0,20101221,141412,19740,10
RICHTER,0,20101221,141430,42155,1
RICHTER,0,20101221,141430,42170,23
MOL,0,20101221,141440,19740,23
OTP,0,20101221,141457,5249,150
MTELEKOM,0,20101221,141530,524,150
BUX1112,0,20101221,141542,21980,1
OTP,0,20101221,141607,5249,50
RICHTER,0,20101221,141626,42170,10
MTELEKOM,0,20101221,141652,523,179
MTELEKOM,0,20101221,141652,523,100
MTELEKOM,0,20101221,141652,523,200
MTELEKOM,0,20101221,141653,523,99
EGIS,0,20101221,141657,20200,37
EGIS,0,20101221,141658,20200,1
EGIS,0,20101221,141658,20275,6
FHB,0,20101221,141659,972,200
FHB,0,20101221,141659,973,100
FHB,0,20101221,141659,973,200
FHB,0,20101221,141728,973,320
KEG,0,20101221,141756,141,1000
MTELEKOM,0,20101221,141818,523,80
OTP,0,20101221,141853,5250,5
OTP,0,20101221,141853,5250,15
OTP,0,20101221,142000,5250,12
PANNERGY,0,20101221,142104,912,54
RABA,0,20101221,142115,806,450
KEG,0,20101221,142121,140,3000
RICHTER,0,20101221,142136,42155,13
PHYLAXIA,0,20101221,142138,46,100
OTP,0,20101221,142156,5248,57
KEG,0,20101221,142200,140,2831
KEG,0,20101221,142200,140,2980
KEG,0,20101221,142200,140,1000
KEG,0,20101221,142200,140,714
KEG,0,20101221,142200,140,500
KEG,0,20101221,142200,140,1000
KEG,0,20101221,142200,140,475
MOL,0,20101221,142207,19740,19
MOL,0,20101221,142207,19740,5
GSPARK,0,20101221,142239,781,111
GSPARK,0,20101221,142239,780,9
OTP,0,20101221,142321,5249,22
OTP,0,20101221,142321,5244,36
MOL,0,20101221,142328,19740,5
MOL,0,20101221,142328,19740,25
MOL,0,20101221,142328,19740,1
FHB,0,20101221,142328,973,180
FHB,0,20101221,142328,974,100
FHB,0,20101221,142328,974,200
FHB,0,20101221,142328,974,210
FHB,0,20101221,142328,975,100
FHB,0,20101221,142328,975,230
FHB,0,20101221,142328,975,225
FHB,0,20101221,142328,975,255
MTELEKOM,0,20101221,142428,523,942
BUX1112,0,20101221,142438,21999,10
BUX1112,0,20101221,142438,22000,15
BUX1112,0,20101221,142447,22000,35
BUX1112,0,20101221,142447,22000,1
BUX1112,0,20101221,142501,22000,14
MTELEKOM,0,20101221,142502,524,1000
BUX1112,0,20101221,142510,22000,20
BUX1112,0,20101221,142519,22000,1
OTP,0,20101221,142532,5250,1914
BUX1112,0,20101221,142542,22000,15
OTP,0,20101221,142543,5250,1000
OTP,0,20101221,142601,5255,4
OTP,0,20101221,142601,5255,3
OTP,0,20101221,142601,5263,10
PANNERGY,0,20101221,142605,911,111
OTP,0,20101221,142617,5250,1
BUX1112,0,20101221,142621,22000,1
RICHTER,0,20101221,142641,42150,10
RICHTER,0,20101221,142641,42150,50
RICHTER,0,20101221,142641,42150,2
KEG,0,20101221,142642,140,500
BUX1112,0,20101221,142644,22008,1
BUX1112,0,20101221,142644,22009,3
BUX1112,0,20101221,142644,22010,1
BUX1112,0,20101221,142644,22010,5
RICHTER,0,20101221,142702,42130,1
MTELEKOM,0,20101221,142708,523,9058
BUX1112,0,20101221,142710,22010,5
MTELEKOM,0,20101221,142711,523,100
MOL,0,20101221,142814,19740,9
OTP,0,20101221,142829,5260,104
ANY,0,20101221,142857,719,3
ANY,0,20101221,142857,718,77
RABA,0,20101221,142902,806,1000
BUX1112,0,20101221,142915,22019,2
BUX1112,0,20101221,142915,22019,1
BUX1112,0,20101221,142915,22019.5,1
MTELEKOM,0,20101221,142918,523,842
MTELEKOM,0,20101221,142918,523,2617
MTELEKOM,0,20101221,142918,523,575
ANY,0,20101221,142930,718,343
FOTEX,0,20101221,142933,387,800
MOL,0,20101221,142938,19745,10
BUX1112,0,20101221,142947,22020,10
FOTEX,0,20101221,142949,387,200
FOTEX,0,20101221,143011,387,185
MOL,0,20101221,143039,19750,16
OTP,0,20101221,143044,5260,200
ANY,0,20101221,143134,717,58
ANY,0,20101221,143134,715,19
OTP,0,20101221,143201,5258,10
MOL,0,20101221,143204,19745,12
MOL,0,20101221,143204,19700,1
PANNERGY,0,20101221,143224,911,1000
PANNERGY,0,20101221,143224,911,110
PANNERGY,0,20101221,143224,910,600
PANNERGY,0,20101221,143224,910,500
PANNERGY,0,20101221,143224,910,1792
MTELEKOM,0,20101221,143236,523,5966
FOTEX,0,20101221,143254,387,5000
GENESIS,0,20101221,143314,194,190
RICHTER,0,20101221,143328,42135,6
OTP,0,20101221,143403,5260,75
OTP,0,20101221,143443,5260,61
OTP,0,20101221,143443,5259,200
KEG,0,20101221,143447,141,1000
RICHTER,0,20101221,143452,42135,1
EGIS,0,20101221,143501,20200,50
OTP,0,20101221,143535,5258,10
PANNERGY,0,20101221,143600,911,125
PANNERGY,0,20101221,143637,911,32
RICHTER,0,20101221,143638,42135,4
MTELEKOM,0,20101221,143642,523,340
BUX1112,0,20101221,143654,22005,5
BUX1112,0,20101221,143654,22000,9
KEG,0,20101221,143726,141,500
RICHTER,0,20101221,143736,42130,3
MTELEKOM,0,20101221,143758,523,1000
MOL,0,20101221,143803,19720,22
MTELEKOM,0,20101221,143806,522,205
OTP,0,20101221,143835,5259,84
BUX1112,0,20101221,143903,22000,11
MTELEKOM,0,20101221,143917,522,384
MOL,0,20101221,143917,19715,27
MTELEKOM,0,20101221,143929,523,1337
KEG,0,20101221,143942,141,500
KEG,0,20101221,143942,141,120
PANNERGY,0,20101221,144031,913,500
PANNERGY,0,20101221,144031,914,280
PANNERGY,0,20101221,144031,915,900
PANNERGY,0,20101221,144031,916,400
PANNERGY,0,20101221,144031,917,200
PANNERGY,0,20101221,144031,917,200
EGIS,0,20101221,144041,20200,10
PANNERGY,0,20101221,144115,917,20
OTP,0,20101221,144149,5250,85
RICHTER,0,20101221,144149,42130,31
RICHTER,0,20101221,144149,42130,7
OTP,0,20101221,144203,5259,9
MTELEKOM,0,20101221,144203,523,58
BUX1112,0,20101221,144224,22024.5,1
BUX1112,0,20101221,144224,22025,2
BUX1112,0,20101221,144243,22026,1
BUX1112,0,20101221,144243,22027,5
BUX1112,0,20101221,144243,22029,5
BUX1112,0,20101221,144243,22039,1
BUX1112,0,20101221,144243,22045,2
BUX1112,0,20101221,144243,22045,1
BUX1112,0,20101221,144249,22045,7
PANNERGY,0,20101221,144328,917,180
PANNERGY,0,20101221,144328,918,195
PANNERGY,0,20101221,144328,918,800
PANNERGY,0,20101221,144328,918,100
PANNERGY,0,20101221,144328,919,200
PANNERGY,0,20101221,144328,919,500
PANNERGY,0,20101221,144328,920,1714
PANNERGY,0,20101221,144328,920,400
PANNERGY,0,20101221,144328,920,55
PANNERGY,0,20101221,144328,920,100
PANNERGY,0,20101221,144328,920,290
PANNERGY,0,20101221,144328,921,2466
RICHTER,0,20101221,144413,42130,3
MOL,0,20101221,144418,19720,6
MOL,0,20101221,144418,19745,20
MTELEKOM,0,20101221,144429,523,500
PHYLAXIA,0,20101221,144438,45,4397
OTP,0,20101221,144453,5250,100
MTELEKOM,0,20101221,144453,523,1765
MTELEKOM,0,20101221,144453,523,5000
OTP,0,20101221,144457,5249,25
OTP,0,20101221,144515,5249,61
OTP,0,20101221,144527,5249,11
KEG,0,20101221,144533,141,880
BUX1112,0,20101221,144548,22044.5,2
BUX1112,0,20101221,144548,22045,2
BUX1112,0,20101221,144548,22045,2
BUX1112,0,20101221,144548,22046,6
BUX1112,0,20101221,144548,22049,1
BUX1112,0,20101221,144548,22049,1
BUX1112,0,20101221,144548,22049,1
BUX1112,0,20101221,144548,22049,1
BUX1112,0,20101221,144548,22049.5,1
BUX1112,0,20101221,144548,22050,1
BUX1112,0,20101221,144548,22050,7
RICHTER,0,20101221,144556,42125,5
MTELEKOM,0,20101221,144617,523,4715
RICHTER,0,20101221,144620,42125,13
PHYLAXIA,0,20101221,144654,46,4000
OTP,0,20101221,144714,5250,50
OTP,0,20101221,144800,5250,100
MTELEKOM,0,20101221,144828,523,2000
OTP,0,20101221,144921,5249,2
OTP,0,20101221,144925,5249,4
OTP,0,20101221,144925,5246,88
OTP,0,20101221,144925,5244,82
MOL,0,20101221,144951,19725,29
MOL,0,20101221,144951,19705,103
MOL,0,20101221,144951,19700,9
MOL,0,20101221,144951,19700,30
MOL,0,20101221,144951,19700,250
MOL,0,20101221,145041,19720,79
MOL,0,20101221,145051,19745,10
MOL,0,20101221,145051,19745,3
MOL,0,20101221,145051,19745,33
MOL,0,20101221,145051,19750,84
MOL,0,20101221,145051,19750,8
MOL,0,20101221,145051,19750,7
MOL,0,20101221,145051,19750,150
MOL,0,20101221,145115,19750,10
MOL,0,20101221,145126,19755,10
MOL,0,20101221,145126,19765,10
MOL,0,20101221,145126,19770,40
MOL,0,20101221,145126,19770,24
MOL,0,20101221,145126,19780,16
MOL,0,20101221,145142,19775,95
MOL,0,20101221,145143,19775,103
MOL,0,20101221,145154,19760,20
MTELEKOM,0,20101221,145257,523,180
MTELEKOM,0,20101221,145257,524,185
MTELEKOM,0,20101221,145257,524,100
MTELEKOM,0,20101221,145257,524,485
FREESOFT,0,20101221,145307,1950,75
OTP,0,20101221,145343,5245,70
OTP,0,20101221,145343,5250,750
OTP,0,20101221,145416,5254,116
OTP,0,20101221,145416,5250,180
PANNUNION,0,20101221,145419,135,500
MOL,0,20101221,145436,19770,200
MOL,0,20101221,145443,19775,170
MOL,0,20101221,145446,19775,51
RICHTER,0,20101221,145453,42130,8
RICHTER,0,20101221,145453,42125,1
MOL,0,20101221,145454,19780,9
MOL,0,20101221,145454,19780,25
MOL,0,20101221,145454,19785,10
MOL,0,20101221,145454,19785,10
MOL,0,20101221,145454,19790,10
MOL,0,20101221,145454,19790,50
MOL,0,20101221,145454,19790,23
MOL,0,20101221,145454,19790,20
MOL,0,20101221,145522,19760,10
MOL,0,20101221,145532,19760,2
MOL,0,20101221,145532,19760,3
MOL,0,20101221,145532,19750,5
RABA,0,20101221,145539,806,50
EGIS,0,20101221,145541,20200,3
FOTEX,0,20101221,145547,386,720
RICHTER,0,20101221,145553,42125,2
RICHTER,0,20101221,145553,42125,6
KEG,0,20101221,145555,141,600
OTP,0,20101221,145556,5244,49
PHYLAXIA,0,20101221,145606,45,2103
PHYLAXIA,0,20101221,145650,44,4397
OTP,0,20101221,145659,5247,4
MTELEKOM,0,20101221,145701,523,5000
OTP,0,20101221,145723,5247,2
OTP,0,20101221,145723,5245,3
RICHTER,0,20101221,145728,42125,10
BUX1112,0,20101221,145738,22024,10
BUX1112,0,20101221,145738,22025,25
BUX1112,0,20101221,145741,22030,7
MTELEKOM,0,20101221,145756,523,33700
RABA,0,20101221,145817,805,750
EGIS,0,20101221,145823,20200,22
BUX1112,0,20101221,145826,22030,8
OTP,0,20101221,145839,5248,1200
MOL,0,20101221,145840,19750,23
RABA,0,20101221,145841,805,27
RABA,0,20101221,145841,808,3
OTP,0,20101221,145845,5250,704
ANY,0,20101221,145913,715,77
ANY,0,20101221,145913,714,413
OTP,0,20101221,145932,5255,1150
RICHTER,0,20101221,145944,42125,67
OTP,0,20101221,145954,5250,296
OTP,0,20101221,145954,5244,132
OTP,0,20101221,145954,5243,722
PHYLAXIA,0,20101221,150007,45,3000
MOL,0,20101221,150020,19775,10
RABA,0,20101221,150032,805,2700
MTELEKOM,0,20101221,150049,523,5000
MTELEKOM,0,20101221,150049,523,400
MOL,0,20101221,150109,19780,140
MTELEKOM,0,20101221,150111,523,400
MTELEKOM,0,20101221,150111,523,5000
MOL,0,20101221,150122,19760,34
MOL,0,20101221,150122,19750,67
MOL,0,20101221,150122,19750,145
OTP,0,20101221,150129,5250,20
PHYLAXIA,0,20101221,150140,44,603
PHYLAXIA,0,20101221,150140,44,3000
PHYLAXIA,0,20101221,150140,44,147
MOL,0,20101221,150149,19750,100
SYNERGON,0,20101221,150329,491,247
SYNERGON,0,20101221,150329,490,510
SYNERGON,0,20101221,150329,490,243
MTELEKOM,0,20101221,150356,524,1515
MTELEKOM,0,20101221,150356,524,900
MTELEKOM,0,20101221,150356,524,5000
MTELEKOM,0,20101221,150356,524,200
MTELEKOM,0,20101221,150356,524,5000
MTELEKOM,0,20101221,150356,524,5000
MTELEKOM,0,20101221,150356,524,9
MTELEKOM,0,20101221,150356,524,32376
BUX1112,0,20101221,150407,22025,7
RICHTER,0,20101221,150410,42125,23
MTELEKOM,0,20101221,150420,524,50
RICHTER,0,20101221,150421,42115,3
KEG,0,20101221,150503,141,70
KEG,0,20101221,150503,141,230
MTELEKOM,0,20101221,150521,524,2574
MTELEKOM,0,20101221,150521,524,15000
MTELEKOM,0,20101221,150521,524,17426
MTELEKOM,0,20101221,150634,523,300
RICHTER,0,20101221,150637,42110,2
RICHTER,0,20101221,150637,42110,74
RICHTER,0,20101221,150645,42115,16
RICHTER,0,20101221,150645,42125,77
RABA,0,20101221,150654,804,250
EBGOLD,0,20101221,150657,2922,260
MTELEKOM,0,20101221,150734,524,500
OTP,0,20101221,150737,5256,134
OTP,0,20101221,150737,5257,44
OTP,0,20101221,150737,5258,25
OTP,0,20101221,150737,5259,900
OTP,0,20101221,150737,5260,897
PANNERGY,0,20101221,150737,916,1000
KARPOT,0,20101221,150758,440,114
PHYLAXIA,0,20101221,150832,44,2853
PHYLAXIA,0,20101221,150832,44,3000
PHYLAXIA,0,20101221,150832,44,1300
PHYLAXIA,0,20101221,150832,44,9400
PHYLAXIA,0,20101221,150832,44,10000
PHYLAXIA,0,20101221,150832,44,1000
PHYLAXIA,0,20101221,150832,44,10350
PHYLAXIA,0,20101221,150832,44,4240
PHYLAXIA,0,20101221,150832,44,600
PHYLAXIA,0,20101221,150832,44,500
PHYLAXIA,0,20101221,150832,44,680
PHYLAXIA,0,20101221,150832,44,3000
PHYLAXIA,0,20101221,150832,44,2000
PHYLAXIA,0,20101221,150832,44,3000
PHYLAXIA,0,20101221,150832,44,8077
FOTEX,0,20101221,150832,386,280
FOTEX,0,20101221,150832,386,400
RICHTER,0,20101221,150840,42125,7
RICHTER,0,20101221,150840,42110,26
RICHTER,0,20101221,150840,42110,10
OTP,0,20101221,150900,5260,103
KARPOT,0,20101221,150922,435,100
EGIS,0,20101221,150925,20190,14
EGIS,0,20101221,150925,20185,5
EGIS,0,20101221,150925,20170,245
EGIS,0,20101221,150926,20200,58
OTP,0,20101221,150932,5263,90
OTP,0,20101221,150932,5263,887
OTP,0,20101221,150947,5261,130
OTP,0,20101221,150947,5260,897
OTP,0,20101221,150951,5260,73
KARPOT,0,20101221,150954,430,100
PANNUNION,0,20101221,150957,135,50
OTP,0,20101221,151004,5260,927
OTP,0,20101221,151008,5260,73
OTP,0,20101221,151013,5260,927
OTP,0,20101221,151015,5260,73
OTP,0,20101221,151016,5262,5000
MOL,0,20101221,151020,19755,36
MOL,0,20101221,151020,19750,146
MOL,0,20101221,151020,19750,8
EGIS,0,20101221,151026,20165,5
EGIS,0,20101221,151026,20165,10
EGIS,0,20101221,151026,20160,50
OTP,0,20101221,151029,5260,927
OTP,0,20101221,151032,5260,4000
OTP,0,20101221,151037,5260,73
EGIS,0,20101221,151041,20200,17
OTP,0,20101221,151041,5263,113
OTP,0,20101221,151041,5263,500
EGIS,0,20101221,151043,20200,8
OTP,0,20101221,151047,5260,2000
ECONET,0,20101221,151048,90,500
OTP,0,20101221,151048,5264,22
MOL,0,20101221,151056,19760,37
MOL,0,20101221,151056,19765,10
MOL,0,20101221,151056,19770,20
MOL,0,20101221,151056,19775,15
MOL,0,20101221,151056,19795,4
MOL,0,20101221,151056,19795,14
MOL,0,20101221,151056,19795,20
MOL,0,20101221,151056,19795,40
MOL,0,20101221,151056,19795,100
MOL,0,20101221,151056,19795,20
MOL,0,20101221,151056,19800,80
MOL,0,20101221,151056,19800,100
MOL,0,20101221,151056,19800,5
MOL,0,20101221,151056,19800,10
MOL,0,20101221,151056,19800,69
MOL,0,20101221,151056,19800,21
MOL,0,20101221,151056,19800,30
MOL,0,20101221,151056,19800,56
MOL,0,20101221,151056,19800,49
GENESIS,0,20101221,151058,197,250
MOL,0,20101221,151100,19795,155
MOL,0,20101221,151100,19800,125
KARPOT,0,20101221,151104,424,787
OTP,0,20101221,151114,5260,2000
KEG,0,20101221,151117,141,20
KEG,0,20101221,151117,141,980
OTP,0,20101221,151126,5260,2000
GENESIS,0,20101221,151129,198,30
OTP,0,20101221,151158,5265,5
KEG,0,20101221,151158,142,340
KEG,0,20101221,151158,142,110
MOL,0,20101221,151203,19800,126
MOL,0,20101221,151203,19800,15
MOL,0,20101221,151203,19800,10
MOL,0,20101221,151203,19800,4
MOL,0,20101221,151203,19800,95
PFLAX,0,20101221,151204,511,67
PFLAX,0,20101221,151204,512,99
PFLAX,0,20101221,151204,513,200
PFLAX,0,20101221,151204,514,134
GENESIS,0,20101221,151222,197,90
MTELEKOM,0,20101221,151251,524,748
MOL,0,20101221,151305,19755,149
RICHTER,0,20101221,151312,42130,25
BUX1112,0,20101221,151312,22030,8
BUX1112,0,20101221,151312,22030,3
OTP,0,20101221,151317,5262,55
OTP,0,20101221,151338,5262,91
OTP,0,20101221,151338,5262,88
OTP,0,20101221,151338,5261,500
OTP,0,20101221,151338,5260,321
RICHTER,0,20101221,151350,42120,70
RICHTER,0,20101221,151350,42115,1
RICHTER,0,20101221,151350,42110,5
RICHTER,0,20101221,151350,42110,24
RICHTER,0,20101221,151410,42125,1
RICHTER,0,20101221,151411,42110,16
RICHTER,0,20101221,151426,42125,21
RICHTER,0,20101221,151451,42130,10
OTP,0,20101221,151500,5260,60
RICHTER,0,20101221,151601,42130,65
RICHTER,0,20101221,151637,42125,75
EGIS,0,20101221,151741,20170,6
EGIS,0,20101221,151741,20155,30
EGIS,0,20101221,151741,20150,5
EGIS,0,20101221,151741,20115,250
EGIS,0,20101221,151741,20115,19
EGIS,0,20101221,151742,20265,5
EGIS,0,20101221,151753,20265,58
OTP,0,20101221,151834,5260,49
MOL,0,20101221,151917,19795,20
MOL,0,20101221,151917,19800,80
MOL,0,20101221,151919,19800,75
MOL,0,20101221,151919,19800,25
MOL,0,20101221,151919,19800,24
MOL,0,20101221,151919,19800,5
MOL,0,20101221,151926,19810,10
MOL,0,20101221,151945,19815,15
MOL,0,20101221,151945,19820,3
MOL,0,20101221,151945,19820,50
OTP,0,20101221,151947,5260,1070
OTP,0,20101221,151947,5260,300
OTP,0,20101221,151947,5260,268
OTP,0,20101221,151949,5260,1362
OTP,0,20101221,152003,5260,138
BUX1112,0,20101221,152003,22037.5,4
BUX1112,0,20101221,152003,22039,2
BUX1112,0,20101221,152003,22040,8
RICHTER,0,20101221,152041,42130,50
OTP,0,20101221,152119,5260,100
OTP,0,20101221,152119,5260,174
OTP,0,20101221,152119,5260,726
MOL,0,20101221,152126,19825,20
MOL,0,20101221,152126,19840,12
MOL,0,20101221,152126,19840,4
MOL,0,20101221,152126,19840,26
MOL,0,20101221,152135,19840,18
MOL,0,20101221,152135,19845,5
MOL,0,20101221,152135,19845,50
MOL,0,20101221,152135,19845,30
MOL,0,20101221,152135,19850,147
MOL,0,20101221,152135,19850,53
MOL,0,20101221,152135,19850,6
MOL,0,20101221,152135,19850,1
MOL,0,20101221,152137,19850,99
MOL,0,20101221,152137,19850,50
MOL,0,20101221,152137,19850,5
MOL,0,20101221,152137,19850,25
MOL,0,20101221,152145,19860,15
MOL,0,20101221,152145,19880,10
MOL,0,20101221,152145,19885,50
OTP,0,20101221,152152,5260,1274
OTP,0,20101221,152152,5260,1362
OTP,0,20101221,152152,5260,1000
MTELEKOM,0,20101221,152157,523,300
MTELEKOM,0,20101221,152157,523,2926
MTELEKOM,0,20101221,152157,523,500
MTELEKOM,0,20101221,152157,523,210
RICHTER,0,20101221,152200,42165,55
RICHTER,0,20101221,152200,42165,24
RICHTER,0,20101221,152200,42170,46
RICHTER,0,20101221,152201,42120,100
OTP,0,20101221,152201,5260,50
OTP,0,20101221,152201,5260,950
MTELEKOM,0,20101221,152201,523,1064
MOL,0,20101221,152203,19870,10
MOL,0,20101221,152204,19890,6
MOL,0,20101221,152204,19890,5
MOL,0,20101221,152204,19890,53
MOL,0,20101221,152204,19890,6
MOL,0,20101221,152204,19890,2
MOL,0,20101221,152204,19895,28
MOL,0,20101221,152216,19890,30
MOL,0,20101221,152216,19890,270
PANNERGY,0,20101221,152226,914,500
MOL,0,20101221,152229,19890,30
MOL,0,20101221,152229,19890,50
MOL,0,20101221,152229,19890,20
OTP,0,20101221,152240,5260,1050
OTP,0,20101221,152245,5260,1000
OTP,0,20101221,152247,5260,950
MOL,0,20101221,152248,19890,200
MOL,0,20101221,152248,19895,212
RICHTER,0,20101221,152254,42115,5
RICHTER,0,20101221,152254,42110,19
OTP,0,20101221,152255,5260,1000
MTELEKOM,0,20101221,152302,524,1326
MTELEKOM,0,20101221,152302,524,5000
MTELEKOM,0,20101221,152302,524,3674
BUX1112,0,20101221,152306,22045,4
MTELEKOM,0,20101221,152311,524,200
MOL,0,20101221,152314,19890,10
MOL,0,20101221,152314,19895,190
MTELEKOM,0,20101221,152326,524,1126
MTELEKOM,0,20101221,152326,524,5000
MTELEKOM,0,20101221,152326,524,5000
MTELEKOM,0,20101221,152326,524,13874
MTELEKOM,0,20101221,152336,524,1126
MTELEKOM,0,20101221,152336,524,2874
MTELEKOM,0,20101221,152338,524,2126
MTELEKOM,0,20101221,152342,524,1874
MTELEKOM,0,20101221,152346,524,8126
OTP,0,20101221,152348,5260,50
MTELEKOM,0,20101221,152349,524,6874
MTELEKOM,0,20101221,152353,524,4000
MOL,0,20101221,152354,19860,100
MOL,0,20101221,152354,19850,150
MTELEKOM,0,20101221,152358,524,1000
MTELEKOM,0,20101221,152428,524,1000
MTELEKOM,0,20101221,152435,524,9000
OTP,0,20101221,152458,5261,100
OTP,0,20101221,152502,5263,5
OTP,0,20101221,152502,5265,95
OTP,0,20101221,152510,5265,110
OTP,0,20101221,152510,5265,500
OTP,0,20101221,152510,5265,390
OTP,0,20101221,152511,5261,64
OTP,0,20101221,152534,5260,236
MOL,0,20101221,152538,19850,10
EGIS,0,20101221,152541,20270,10
OTP,0,20101221,152542,5261,30
EGIS,0,20101221,152547,20275,7
MOL,0,20101221,152548,19850,161
MOL,0,20101221,152549,19850,39
MOL,0,20101221,152549,19870,23
OTP,0,20101221,152553,5261,26
RICHTER,0,20101221,152606,42170,4
MOL,0,20101221,152619,19880,10
MOL,0,20101221,152619,19885,50
MOL,0,20101221,152619,19890,50
MOL,0,20101221,152624,19850,10
MTELEKOM,0,20101221,152627,524,1000
MOL,0,20101221,152631,19895,70
MOL,0,20101221,152631,19900,30
MTELEKOM,0,20101221,152647,524,200
MOL,0,20101221,152647,19850,20
MOL,0,20101221,152652,19830,10
MTELEKOM,0,20101221,152707,523,1500
MOL,0,20101221,152718,19850,10
OTP,0,20101221,152728,5261,119
OTP,0,20101221,152728,5260,2881
MOL,0,20101221,152730,19850,10
OTP,0,20101221,152738,5260,119
OTP,0,20101221,152738,5260,881
RICHTER,0,20101221,152742,42170,6
RICHTER,0,20101221,152742,42130,50
RICHTER,0,20101221,152742,42110,41
RICHTER,0,20101221,152742,42110,10
RICHTER,0,20101221,152742,42110,100
RICHTER,0,20101221,152742,42105,80
RICHTER,0,20101221,152742,42105,30
RICHTER,0,20101221,152742,42100,3
RICHTER,0,20101221,152742,42100,25
RICHTER,0,20101221,152742,42100,200
RICHTER,0,20101221,152742,42100,2
RICHTER,0,20101221,152742,42100,15
OTP,0,20101221,152746,5260,610
OTP,0,20101221,152751,5260,64
OTP,0,20101221,152759,5260,336
BUX1112,0,20101221,152806,22045,2
OTP,0,20101221,152806,5260,1164
OTP,0,20101221,152807,5260,1336
BUX1112,0,20101221,152809,22045,1
OTP,0,20101221,152809,5260,1500
OTP,0,20101221,152812,5260,450
OTP,0,20101221,152813,5260,664
OTP,0,20101221,152814,5260,386
MOL,0,20101221,152815,19850,10
OTP,0,20101221,152818,5260,1114
OTP,0,20101221,152823,5260,500
OTP,0,20101221,152826,5260,886
OTP,0,20101221,152826,5260,1114
BUX1112,0,20101221,152831,22045,2
OTP,0,20101221,152832,5260,1000
BUX1112,0,20101221,152834,22046,1
BUX1112,0,20101221,152834,22047,1
BUX1112,0,20101221,152834,22048,1
OTP,0,20101221,152838,5260,886
OTP,0,20101221,152843,5260,1114
GSPARK,0,20101221,152845,780,1409
OTP,0,20101221,152855,5260,500
OTP,0,20101221,152901,5260,386
MOL,0,20101221,152921,19865,4
MOL,0,20101221,152956,19865,42
MOL,0,20101221,152956,19850,8
BUX1112,0,20101221,153010,22044,1
BUX1112,0,20101221,153010,22047.5,1
BUX1112,0,20101221,153010,22048,24
BUX1112,0,20101221,153010,22049,3
BUX1112,0,20101221,153010,22050,6
BUX1112,0,20101221,153010,22050,35
PHYLAXIA,0,20101221,153036,45,1397
PHYLAXIA,0,20101221,153036,45,603
PANNERGY,0,20101221,153051,915,20
OTP,0,20101221,153137,5262,100
MOL,0,20101221,153201,19850,42
MOL,0,20101221,153201,19850,8
RABA,0,20101221,153213,806,600
RABA,0,20101221,153213,807,250
RABA,0,20101221,153213,808,197
RABA,0,20101221,153213,809,200
RABA,0,20101221,153213,809,13
OTP,0,20101221,153227,5262,85
OTP,0,20101221,153243,5260,515
MOL,0,20101221,153257,19855,40
MOL,0,20101221,153258,19860,100
OTP,0,20101221,153312,5260,35
MOL,0,20101221,153313,19865,2
MOL,0,20101221,153337,19865,5
OTP,0,20101221,153339,5267,5
MOL,0,20101221,153406,19870,50
RICHTER,0,20101221,153412,42140,28
RICHTER,0,20101221,153412,42170,97
EGIS,0,20101221,153434,20180,86
MOL,0,20101221,153507,19880,10
MOL,0,20101221,153507,19880,52
MOL,0,20101221,153510,19885,50
MOL,0,20101221,153515,19890,20
MOL,0,20101221,153515,19890,10
MOL,0,20101221,153515,19895,12
MOL,0,20101221,153515,19900,120
MOL,0,20101221,153515,19900,30
MOL,0,20101221,153515,19900,20
MOL,0,20101221,153515,19900,100
MOL,0,20101221,153515,19900,14
MOL,0,20101221,153515,19900,30
MOL,0,20101221,153515,19900,3
MOL,0,20101221,153515,19900,2
MOL,0,20101221,153515,19900,50
MOL,0,20101221,153515,19900,15
MOL,0,20101221,153515,19900,45
MOL,0,20101221,153524,19900,140
MOL,0,20101221,153524,19900,10
SYNERGON,0,20101221,153528,491,753
MTELEKOM,0,20101221,153540,524,3800
MTELEKOM,0,20101221,153540,525,2322
MTELEKOM,0,20101221,153540,525,12000
MTELEKOM,0,20101221,153540,525,300
MTELEKOM,0,20101221,153540,525,4250
MTELEKOM,0,20101221,153540,525,2328
BUX1112,0,20101221,153546,22049,3
MOL,0,20101221,153547,19900,10
MTELEKOM,0,20101221,153606,524,1000
BUX1112,0,20101221,153608,22049,2
FHB,0,20101221,153616,974,100
MOL,0,20101221,153633,19900,140
MOL,0,20101221,153633,19900,43
MOL,0,20101221,153633,19900,50
MOL,0,20101221,153635,19900,192
MOL,0,20101221,153635,19900,75
MOL,0,20101221,153640,19900,5
MOL,0,20101221,153649,19900,70
RICHTER,0,20101221,153701,42150,100
PANNERGY,0,20101221,153722,915,100
OTP,0,20101221,153722,5261,100
MTELEKOM,0,20101221,153752,524,9000
OTP,0,20101221,153801,5261,50
RABA,0,20101221,153803,809,100
EBGOLD,0,20101221,153806,2915,60
OTP,0,20101221,153809,5261,10
OTP,0,20101221,153844,5263,2000
BUX1112,0,20101221,153900,22025.5,1
RICHTER,0,20101221,153903,42150,100
RICHTER,0,20101221,153915,42150,5
BUX1112,0,20101221,153923,22040,15
MTELEKOM,0,20101221,153926,524,1000
RICHTER,0,20101221,153934,42170,3
MTELEKOM,0,20101221,153937,524,1000
MTELEKOM,0,20101221,153942,524,3000
MTELEKOM,0,20101221,153950,524,4510
MOL,0,20101221,153955,19880,50
RICHTER,0,20101221,154000,42175,50
RICHTER,0,20101221,154032,42150,50
RICHTER,0,20101221,154032,42150,50
OTP,0,20101221,154033,5267,7
OTP,0,20101221,154033,5267,3
OTP,0,20101221,154033,5267,180
OTP,0,20101221,154033,5268,100
OTP,0,20101221,154033,5269,180
OTP,0,20101221,154033,5269,980
EGIS,0,20101221,154045,20270,10
FHB,0,20101221,154048,974,20
FHB,0,20101221,154048,974,100
FHB,0,20101221,154048,975,80
EGIS,0,20101221,154056,20275,10
OTP,0,20101221,154057,5269,20
OTP,0,20101221,154057,5270,10
OTP,0,20101221,154057,5270,970
OTP,0,20101221,154057,5270,30
OTP,0,20101221,154057,5273,4
OTP,0,20101221,154107,5267,208
OTP,0,20101221,154107,5266,1000
KEG,0,20101221,154111,142,150
OTP,0,20101221,154114,5270,1500
OTP,0,20101221,154126,5266,15
MTELEKOM,0,20101221,154128,524,1000
RICHTER,0,20101221,154129,42150,100
OTP,0,20101221,154144,5270,500
RICHTER,0,20101221,154150,42140,30
RICHTER,0,20101221,154150,42170,20
OTP,0,20101221,154202,5273,46
OTP,0,20101221,154202,5273,154
OTP,0,20101221,154237,5270,3
EBGOLD,0,20101221,154243,2916,34
OTP,0,20101221,154247,5272,15
MTELEKOM,0,20101221,154251,524,2010
OTP,0,20101221,154302,5272,135
OTP,0,20101221,154302,5270,765
MTELEKOM,0,20101221,154308,524,2480
MTELEKOM,0,20101221,154308,524,5000
MTELEKOM,0,20101221,154314,524,2520
OTP,0,20101221,154332,5271,180
MOL,0,20101221,154335,19890,50
MOL,0,20101221,154335,19890,50
MOL,0,20101221,154338,19895,390
MOL,0,20101221,154344,19895,10
MOL,0,20101221,154346,19900,30
MOL,0,20101221,154346,19900,10
MOL,0,20101221,154346,19900,150
MOL,0,20101221,154346,19900,50
MOL,0,20101221,154349,19900,30
MOL,0,20101221,154350,19900,210
MOL,0,20101221,154350,19900,240
EBGOLD,0,20101221,154350,2916,41
BUX1112,0,20101221,154351,22049,7
BUX1112,0,20101221,154351,22049,3
MOL,0,20101221,154356,19900,50
OTP,0,20101221,154403,5273,72
OTP,0,20101221,154403,5273,100
OTP,0,20101221,154403,5277,500
OTP,0,20101221,154403,5278,30
OTP,0,20101221,154403,5278,500
OTP,0,20101221,154403,5278,310
OTP,0,20101221,154403,5279,210
OTP,0,20101221,154403,5279,19
OTP,0,20101221,154403,5279,500
OTP,0,20101221,154403,5280,2759
OTP,0,20101221,154411,5275,500
OTP,0,20101221,154411,5280,1500
MOL,0,20101221,154414,19900,20
BUX1112,0,20101221,154418,22048,1
BUX1112,0,20101221,154418,22049,2
OTP,0,20101221,154422,5272,19
MOL,0,20101221,154438,19900,100
BUX1112,0,20101221,154453,22049,5
BUX1112,0,20101221,154453,22049,1
BUX1112,0,20101221,154453,22050,19
MOL,0,20101221,154500,19905,3
MOL,0,20101221,154504,19905,51
RICHTER,0,20101221,154514,42150,50
RICHTER,0,20101221,154514,42150,8
MOL,0,20101221,154514,19910,120
OTP,0,20101221,154518,5276,490
MOL,0,20101221,154519,19910,140
MOL,0,20101221,154523,19915,50
MOL,0,20101221,154523,19920,50
MOL,0,20101221,154523,19920,109
RICHTER,0,20101221,154524,42150,35
OTP,0,20101221,154540,5276,2
BUX1112,0,20101221,154542,22050,46
BUX1112,0,20101221,154542,22050,2
BUX1112,0,20101221,154542,22050,1
BUX1112,0,20101221,154542,22050,22
BUX1112,0,20101221,154542,22050,4
BUX1112,0,20101221,154542,22050,1
BUX1112,0,20101221,154542,22050,2
BUX1112,0,20101221,154542,22050,1
BUX1112,0,20101221,154542,22050,2
RICHTER,0,20101221,154547,42150,7
OTP,0,20101221,154550,5276,12
OTP,0,20101221,154550,5275,78
RICHTER,0,20101221,154556,42150,50
RICHTER,0,20101221,154605,42150,43
MOL,0,20101221,154606,19910,50
RICHTER,0,20101221,154614,42170,80
BUX1112,0,20101221,154617,22054.5,1
BUX1112,0,20101221,154617,22055,2
OTP,0,20101221,154618,5279,200
OTP,0,20101221,154618,5279,500
OTP,0,20101221,154618,5279,200
OTP,0,20101221,154618,5280,100
OTP,0,20101221,154620,5280,1500
MTELEKOM,0,20101221,154625,523,200
MTELEKOM,0,20101221,154625,523,1500
MTELEKOM,0,20101221,154625,523,300
MTELEKOM,0,20101221,154625,523,300
MTELEKOM,0,20101221,154625,523,700
OTP,0,20101221,154633,5280,2141
OTP,0,20101221,154633,5280,300
OTP,0,20101221,154633,5280,120
OTP,0,20101221,154633,5280,425
OTP,0,20101221,154633,5280,300
OTP,0,20101221,154633,5280,550
OTP,0,20101221,154633,5280,15
OTP,0,20101221,154633,5280,149
MOL,0,20101221,154635,19930,3
MOL,0,20101221,154635,19930,50
MOL,0,20101221,154635,19935,20
MOL,0,20101221,154635,19940,110
MOL,0,20101221,154635,19940,2
OTP,0,20101221,154636,5280,51
OTP,0,20101221,154636,5280,634
BUX1112,0,20101221,154642,22055,1
BUX1112,0,20101221,154645,22055,19
MOL,0,20101221,154645,19945,75
MOL,0,20101221,154645,19945,30
MOL,0,20101221,154645,19945,20
RICHTER,0,20101221,154646,42155,86
MOL,0,20101221,154647,19950,6
MOL,0,20101221,154647,19950,10
MOL,0,20101221,154647,19950,35
MOL,0,20101221,154647,19950,100
MOL,0,20101221,154647,19950,20
MOL,0,20101221,154647,19950,10
MOL,0,20101221,154647,19950,226
MOL,0,20101221,154647,19950,4
MOL,0,20101221,154647,19950,84
MOL,0,20101221,154651,19950,153
MOL,0,20101221,154651,19950,66
MOL,0,20101221,154712,19945,3
MOL,0,20101221,154712,19945,47
MOL,0,20101221,154716,19945,3
MOL,0,20101221,154716,19950,497
OTP,0,20101221,154738,5279,400
OTP,0,20101221,154738,5279,500
OTP,0,20101221,154738,5280,100
RICHTER,0,20101221,154744,42170,100
RICHTER,0,20101221,154744,42175,50
RICHTER,0,20101221,154744,42185,90
RICHTER,0,20101221,154744,42200,150
RICHTER,0,20101221,154744,42200,50
PANNERGY,0,20101221,154754,915,200
PANNERGY,0,20101221,154804,915,5
MOL,0,20101221,154804,19950,3
MOL,0,20101221,154804,19950,10
MOL,0,20101221,154804,19965,28
MOL,0,20101221,154804,19965,50
MOL,0,20101221,154804,19970,50
MOL,0,20101221,154804,19970,5
MOL,0,20101221,154804,19970,50
MOL,0,20101221,154804,19970,80
MOL,0,20101221,154817,19950,100
OTP,0,20101221,154822,5278,3000
MOL,0,20101221,154824,19950,50
OTP,0,20101221,154838,5279,500
OTP,0,20101221,154838,5279,100
OTP,0,20101221,154838,5279,100
OTP,0,20101221,154838,5280,266
OTP,0,20101221,154838,5280,2000
OTP,0,20101221,154838,5280,1500
MOL,0,20101221,154844,19970,80
OTP,0,20101221,154848,5280,534
MOL,0,20101221,154849,19970,10
BUX1112,0,20101221,154852,22055,27
MOL,0,20101221,154853,19955,545
MTELEKOM,0,20101221,154854,523,300
MOL,0,20101221,154856,19970,10
MOL,0,20101221,154856,19975,12
MOL,0,20101221,154856,19975,15
MOL,0,20101221,154856,19975,50
MTELEKOM,0,20101221,154903,523,1000
OTP,0,20101221,154909,5275,1100
OTP,0,20101221,154916,5275,20
MOL,0,20101221,154927,19980,6
MOL,0,20101221,154927,19980,13
MOL,0,20101221,154927,19980,2
MOL,0,20101221,154927,19980,300
MOL,0,20101221,154927,19980,10
MOL,0,20101221,154927,19985,7
MOL,0,20101221,154927,19985,262
MOL,0,20101221,154927,19955,20
MOL,0,20101221,154937,19955,1
RICHTER,0,20101221,154959,42220,100
TVK,0,20101221,155003,3370,20
TVK,0,20101221,155003,3395,72
TVK,0,20101221,155003,3400,6
MOL,0,20101221,155017,19960,100
MOL,0,20101221,155024,19960,100
MOL,0,20101221,155024,19955,524
MOL,0,20101221,155024,19955,376
MOL,0,20101221,155031,19960,100
MOL,0,20101221,155037,19960,30
MOL,0,20101221,155037,19960,70
MOL,0,20101221,155041,19960,30
MOL,0,20101221,155052,19975,56
RICHTER,0,20101221,155056,42225,5
MOL,0,20101221,155108,19960,10
MOL,0,20101221,155117,19970,5
MOL,0,20101221,155117,19970,45
MOL,0,20101221,155122,19960,5
FHB,0,20101221,155131,975,35
FHB,0,20101221,155131,976,745
OTP,0,20101221,155145,5280,19
MOL,0,20101221,155146,19970,15
MOL,0,20101221,155146,19975,85
MOL,0,20101221,155151,19975,50
RICHTER,0,20101221,155154,42200,50
FHB,0,20101221,155156,977,180
MOL,0,20101221,155202,19975,9
MOL,0,20101221,155202,19980,100
MOL,0,20101221,155202,19980,20
MOL,0,20101221,155202,19985,71
OTP,0,20101221,155237,5280,115
MOL,0,20101221,155240,19980,100
MOL,0,20101221,155240,19985,6
MOL,0,20101221,155240,19985,40
MOL,0,20101221,155240,19985,90
MOL,0,20101221,155240,19990,60
MOL,0,20101221,155240,19990,5
MOL,0,20101221,155240,19990,92
MTELEKOM,0,20101221,155250,524,5000
MTELEKOM,0,20101221,155250,524,4806
MTELEKOM,0,20101221,155258,524,194
MTELEKOM,0,20101221,155303,524,4806
MOL,0,20101221,155304,19970,10
BUX1112,0,20101221,155308,22069.5,2
BUX1112,0,20101221,155308,22070,1
BUX1112,0,20101221,155308,22070,1
MTELEKOM,0,20101221,155312,524,5194
MTELEKOM,0,20101221,155315,524,1806
MOL,0,20101221,155316,19970,10
MOL,0,20101221,155320,19970,38
MOL,0,20101221,155320,19960,55
MTELEKOM,0,20101221,155323,524,5000
OTP,0,20101221,155341,5277,234
MTELEKOM,0,20101221,155344,524,3194
MTELEKOM,0,20101221,155344,524,1000
MTELEKOM,0,20101221,155344,524,5000
MOL,0,20101221,155359,19910,70
OTP,0,20101221,155405,5279,19
OTP,0,20101221,155405,5280,281
MOL,0,20101221,155407,19910,130
MOL,0,20101221,155407,19910,7
OTP,0,20101221,155414,5277,45
OTP,0,20101221,155414,5275,5
FHB,0,20101221,155438,972,100
FHB,0,20101221,155438,972,180
FHB,0,20101221,155438,971,140
ZWACK,0,20101221,155443,13150,19
ZWACK,0,20101221,155443,13165,20
ZWACK,0,20101221,155443,13170,32
OTP,0,20101221,155449,5278,1400
FHB,0,20101221,155457,972,2000
OTP,0,20101221,155512,5275,797
RICHTER,0,20101221,155524,42210,1
BUX1112,0,20101221,155545,22065,3
BUX1112,0,20101221,155545,22070,1
BUX1112,0,20101221,155545,22070,2
BUX1112,0,20101221,155545,22070.5,4
BUX1112,0,20101221,155545,22074.5,1
BUX1112,0,20101221,155545,22074.5,64
EGIS,0,20101221,155546,20275,4
OTP,0,20101221,155546,5271,150
MOL,0,20101221,155548,19965,100
BUX1112,0,20101221,155606,22074,3
BUX1112,0,20101221,155606,22074.5,11
BUX1112,0,20101221,155606,22075,11
OTP,0,20101221,155619,5275,88
OTP,0,20101221,155628,5271,170
OTP,0,20101221,155628,5271,88
OTP,0,20101221,155628,5270,1000
OTP,0,20101221,155629,5270,142
OTP,0,20101221,155646,5270,30
ZWACK,0,20101221,155716,13170,29
MOL,0,20101221,155723,19910,27
MTELEKOM,0,20101221,155737,523,6194
RICHTER,0,20101221,155739,42200,20
OTP,0,20101221,155748,5270,200
RICHTER,0,20101221,155750,42160,50
MOL,0,20101221,155803,19950,10
OTP,0,20101221,155809,5272,120
RICHTER,0,20101221,155813,42180,34
RICHTER,0,20101221,155813,42200,30
RICHTER,0,20101221,155813,42200,116
MOL,0,20101221,155816,19950,95
MOL,0,20101221,155817,19950,105
MOL,0,20101221,155830,19950,100
MOL,0,20101221,155839,19950,63
MOL,0,20101221,155848,19910,13
MOL,0,20101221,155848,19900,7
OTP,0,20101221,155900,5270,350
OTP,0,20101221,155904,5270,10
OTP,0,20101221,155909,5270,410
OTP,0,20101221,155909,5267,40
OTP,0,20101221,155909,5261,714
OTP,0,20101221,155909,5261,88
OTP,0,20101221,155909,5260,54
OTP,0,20101221,155909,5260,5
OTP,0,20101221,155911,5260,1689
OTP,0,20101221,155916,5270,1000
FOTEX,0,20101221,155924,386,60
OTP,0,20101221,155926,5270,169
OTP,0,20101221,155926,5270,262
OTP,0,20101221,155927,5270,684
OTP,0,20101221,155933,5270,316
BUX1112,0,20101221,155953,22065,5
BUX1112,0,20101221,155953,22060,3
BUX1112,0,20101221,155956,22060,1
OTP,0,20101221,160002,5270,684
MOL,0,20101221,160002,19910,40
MOL,0,20101221,160002,19910,334
MOL,0,20101221,160002,19900,6
BUX1112,0,20101221,160022,22060,1
OTP,0,20101221,160026,5270,1051
MOL,0,20101221,160031,19910,10
BUX1112,0,20101221,160051,22059,1
BUX1112,0,20101221,160155,22051,5
MOL,0,20101221,160202,19910,10
MTELEKOM,0,20101221,160214,524,1485
OTP,0,20101221,160305,5261,1
OTP,0,20101221,160308,5261,40
PANNERGY,0,20101221,160316,915,375
PANNERGY,0,20101221,160316,915,1625
MOL,0,20101221,160316,19910,10
PANNUNION,0,20101221,160318,131,400
OTP,0,20101221,160359,5261,47
OTP,0,20101221,160359,5261,3
OTP,0,20101221,160424,5261,137
OTP,0,20101221,160452,5270,500
MTELEKOM,0,20101221,160522,524,3515
MTELEKOM,0,20101221,160522,524,5000
MTELEKOM,0,20101221,160522,524,10000
MTELEKOM,0,20101221,160522,524,200
MTELEKOM,0,20101221,160528,524,6285
MTELEKOM,0,20101221,160531,524,3715
MTELEKOM,0,20101221,160531,524,10000
MTELEKOM,0,20101221,160533,524,1285
MOL,0,20101221,160533,19910,90
MOL,0,20101221,160533,19855,10
MTELEKOM,0,20101221,160536,524,3715
FHB,0,20101221,160537,972,3250
MTELEKOM,0,20101221,160540,524,10000
MOL,0,20101221,160540,19930,10
MTELEKOM,0,20101221,160543,524,1285
MTELEKOM,0,20101221,160543,524,10000
MTELEKOM,0,20101221,160546,524,13715
MOL,0,20101221,160547,19855,48
MOL,0,20101221,160547,19850,10
MOL,0,20101221,160547,19850,500
MOL,0,20101221,160547,19850,142
MOL,0,20101221,160559,19900,13
MOL,0,20101221,160559,19900,27
MOL,0,20101221,160602,19900,40
OTP,0,20101221,160603,5266,288
OTP,0,20101221,160613,5271,4
OTP,0,20101221,160613,5275,5
OTP,0,20101221,160613,5277,3
MOL,0,20101221,160614,19900,190
MOL,0,20101221,160621,19855,50
OTP,0,20101221,160702,5261,30
MTELEKOM,0,20101221,160703,524,200
MTELEKOM,0,20101221,160703,524,15000
MTELEKOM,0,20101221,160705,524,5000
MTELEKOM,0,20101221,160707,524,5000
MTELEKOM,0,20101221,160709,524,4800
MOL,0,20101221,160709,19880,71
MOL,0,20101221,160724,19900,20
MOL,0,20101221,160725,19900,10
MOL,0,20101221,160725,19920,3
MTELEKOM,0,20101221,160731,524,200
MTELEKOM,0,20101221,160731,524,4800
MOL,0,20101221,160733,19900,15
MTELEKOM,0,20101221,160736,524,5200
MTELEKOM,0,20101221,160736,524,5052
KEG,0,20101221,160739,142,470
MOL,0,20101221,160800,19930,10
MTELEKOM,0,20101221,160814,524,1233
MTELEKOM,0,20101221,160814,524,5000
MTELEKOM,0,20101221,160814,524,3767
MTELEKOM,0,20101221,160826,524,1233
MTELEKOM,0,20101221,160826,524,100
MOL,0,20101221,160831,19900,10
OTP,0,20101221,160843,5271,35
RABA,0,20101221,160859,806,1500
BUX1112,0,20101221,160902,22050,3
MOL,0,20101221,160914,19930,17
MOL,0,20101221,160914,19935,38
MOL,0,20101221,160914,19935,3
BUX1112,0,20101221,160915,22031,1
BUX1112,0,20101221,160915,22021,5
BUX1112,0,20101221,160915,22020.5,4
MOL,0,20101221,160921,19940,10
MOL,0,20101221,160921,19940,25
MOL,0,20101221,160921,19945,20
MOL,0,20101221,160921,19945,125
MOL,0,20101221,160921,19950,687
MOL,0,20101221,160921,19950,20
MOL,0,20101221,160921,19950,10
OTP,0,20101221,160959,5277,49
OTP,0,20101221,160959,5277,15
OTP,0,20101221,160959,5278,81
OTP,0,20101221,161005,5274,2
OTP,0,20101221,161011,5274,289
OTP,0,20101221,161011,5265,11
BUX1112,0,20101221,161011,22050,2
BUX1112,0,20101221,161011,22051,13
ANY,0,20101221,161015,715,150
RABA,0,20101221,161016,807,300
RICHTER,0,20101221,161016,42150,38
MOL,0,20101221,161020,19965,20
MOL,0,20101221,161020,19970,20
MOL,0,20101221,161020,19980,50
MOL,0,20101221,161020,19980,50
MOL,0,20101221,161020,19950,100
MOL,0,20101221,161029,19985,200
MOL,0,20101221,161029,19985,50
MOL,0,20101221,161029,19985,40
MOL,0,20101221,161029,19985,2
MOL,0,20101221,161038,19985,3
MOL,0,20101221,161038,19990,247
RABA,0,20101221,161050,806,18
BUX1112,0,20101221,161107,22051,2
MOL,0,20101221,161108,19990,161
MOL,0,20101221,161108,19990,679
MOL,0,20101221,161108,19990,30
MOL,0,20101221,161108,19990,50
MOL,0,20101221,161108,19990,5
MOL,0,20101221,161108,19990,75
MOL,0,20101221,161120,19980,24
MOL,0,20101221,161120,19990,16
MOL,0,20101221,161122,19990,109
