<TICKER>,<PER>,<DTYYYYMMDD>,<TIME>,<CLOSE>,<VOLUME>
ANY,0,20101201,090024,700,91
ANY,0,20101201,090024,700,9
EGIS,0,20101201,090024,19120,3
FOTEX,0,20101201,090024,396,6
FOTEX,0,20101201,090024,396,290
FOTEX,0,20101201,090024,396,71
FOTEX,0,20101201,090024,396,250
HUMET,0,20101201,090024,9,10000
HUMET,0,20101201,090024,9,1000
HUMET,0,20101201,090024,9,24000
HUMET,0,20101201,090024,9,47000
HUMET,0,20101201,090024,9,28000
HUMET,0,20101201,090024,9,29724
HUMET,0,20101201,090024,9,15000
HUMET,0,20101201,090024,9,1276
HUMET,0,20101201,090024,9,37000
HUMET,0,20101201,090024,9,11724
HUMET,0,20101201,090024,9,500
HUMET,0,20101201,090024,9,2000
HUMET,0,20101201,090024,9,2000
HUMET,0,20101201,090024,9,50000
HUMET,0,20101201,090024,9,776
HUMET,0,20101201,090024,9,200
MOL,0,20101201,090024,18790,50
MOL,0,20101201,090024,18790,200
MOL,0,20101201,090024,18790,25
MOL,0,20101201,090024,18790,854
MOL,0,20101201,090024,18790,5
MOL,0,20101201,090024,18790,2
MOL,0,20101201,090024,18790,10
MOL,0,20101201,090024,18790,50
MOL,0,20101201,090024,18790,804
MOL,0,20101201,090024,18790,25
MOL,0,20101201,090024,18790,6
MOL,0,20101201,090024,18790,4
MOL,0,20101201,090024,18790,64
MOL,0,20101201,090024,18790,197
MOL,0,20101201,090024,18790,40
MOL,0,20101201,090024,18790,263
MOL,0,20101201,090024,18790,50
MOL,0,20101201,090024,18790,53
MOL,0,20101201,090024,18790,29
MOL,0,20101201,090024,18790,40
MOL,0,20101201,090024,18790,200
MTELEKOM,0,20101201,090024,555,10
MTELEKOM,0,20101201,090024,555,100
MTELEKOM,0,20101201,090024,555,100
MTELEKOM,0,20101201,090024,555,200
MTELEKOM,0,20101201,090024,555,183
MTELEKOM,0,20101201,090024,555,360
MTELEKOM,0,20101201,090024,555,100
MTELEKOM,0,20101201,090024,555,1000
MTELEKOM,0,20101201,090024,555,500
MTELEKOM,0,20101201,090024,555,400
MTELEKOM,0,20101201,090024,555,650
MTELEKOM,0,20101201,090024,555,170
MTELEKOM,0,20101201,090024,555,1000
MTELEKOM,0,20101201,090024,555,170
MTELEKOM,0,20101201,090024,555,100
MTELEKOM,0,20101201,090024,555,2000
MTELEKOM,0,20101201,090024,555,600
MTELEKOM,0,20101201,090024,555,500
MTELEKOM,0,20101201,090024,555,100
MTELEKOM,0,20101201,090024,555,500
MTELEKOM,0,20101201,090024,555,1000
MTELEKOM,0,20101201,090024,555,1500
MTELEKOM,0,20101201,090024,555,1000
MTELEKOM,0,20101201,090024,555,1000
MTELEKOM,0,20101201,090024,555,11757
MTELEKOM,0,20101201,090024,555,320
OTP,0,20101201,090024,5030,8
OTP,0,20101201,090024,5030,192
OTP,0,20101201,090024,5030,400
OTP,0,20101201,090024,5030,1
OTP,0,20101201,090024,5030,160
OTP,0,20101201,090024,5030,1
OTP,0,20101201,090024,5030,2000
OTP,0,20101201,090024,5030,100
OTP,0,20101201,090024,5030,150
OTP,0,20101201,090024,5030,3955
OTP,0,20101201,090024,5030,100
OTP,0,20101201,090024,5030,4000
OTP,0,20101201,090024,5030,15
OTP,0,20101201,090024,5030,250
OTP,0,20101201,090024,5030,2000
OTP,0,20101201,090024,5030,1000
OTP,0,20101201,090024,5030,5
OTP,0,20101201,090024,5030,530
OTP,0,20101201,090024,5030,60
OTP,0,20101201,090024,5030,81
OTP,0,20101201,090024,5030,219
OTP,0,20101201,090024,5030,30
OTP,0,20101201,090024,5030,751
OTP,0,20101201,090024,5030,109
OTP,0,20101201,090024,5030,140
OTP,0,20101201,090024,5030,60
OTP,0,20101201,090024,5030,200
OTP,0,20101201,090024,5030,200
OTP,0,20101201,090024,5030,40
OTP,0,20101201,090024,5030,200
OTP,0,20101201,090024,5030,80
OTP,0,20101201,090024,5030,50
OTP,0,20101201,090024,5030,19
OTP,0,20101201,090024,5030,211
OTP,0,20101201,090024,5030,1000
OTP,0,20101201,090024,5030,500
OTP,0,20101201,090024,5030,289
OTP,0,20101201,090024,5030,370
OTP,0,20101201,090024,5030,10
OTP,0,20101201,090024,5030,3000
OTP,0,20101201,090024,5030,20
OTP,0,20101201,090024,5030,10
OTP,0,20101201,090024,5030,1301
OTP,0,20101201,090024,5030,699
OTP,0,20101201,090024,5030,200
OTP,0,20101201,090024,5030,50
OTP,0,20101201,090024,5030,26
OTP,0,20101201,090024,5030,150
OTP,0,20101201,090024,5030,16
OTP,0,20101201,090024,5030,295
OTP,0,20101201,090024,5030,55
OTP,0,20101201,090024,5030,40
OTP,0,20101201,090024,5030,969
PANNERGY,0,20101201,090024,841,50
PANNERGY,0,20101201,090024,841,398
PANNERGY,0,20101201,090024,841,52
PANNUNION,0,20101201,090024,158,10
PHYLAXIA,0,20101201,090024,46,40
PHYLAXIA,0,20101201,090024,46,50
PHYLAXIA,0,20101201,090024,46,910
RICHTER,0,20101201,090024,43650,1
RICHTER,0,20101201,090024,43650,10
RICHTER,0,20101201,090024,43650,2
RICHTER,0,20101201,090024,43650,9
RICHTER,0,20101201,090024,43650,7
RICHTER,0,20101201,090024,43650,50
RICHTER,0,20101201,090024,43650,100
RICHTER,0,20101201,090024,43650,20
RICHTER,0,20101201,090024,43650,145
RICHTER,0,20101201,090024,43650,2
RICHTER,0,20101201,090024,43650,30
RICHTER,0,20101201,090024,43650,7
RICHTER,0,20101201,090024,43650,5
RICHTER,0,20101201,090024,43650,5
RICHTER,0,20101201,090024,43650,50
RICHTER,0,20101201,090024,43650,40
RICHTER,0,20101201,090024,43650,17
RICHTER,0,20101201,090024,43650,23
RICHTER,0,20101201,090024,43650,27
SYNERGON,0,20101201,090024,502,430
TVK,0,20101201,090024,3430,46
BUX1012,0,20101201,090036,20900,1
BUX1012,0,20101201,090036,20900,5
BUX1012,0,20101201,090036,20900,5
BUX1012,0,20101201,090036,20900,4
BUX1012,0,20101201,090036,20900,4
BUX1012,0,20101201,090036,20900,1
BUX1012,0,20101201,090036,20900,9
BUX1012,0,20101201,090036,20900,1
BUX1012,0,20101201,090036,20900,2
BUX1012,0,20101201,090036,20900,53
BUX1012,0,20101201,090036,20900,40
BUX1012,0,20101201,090036,20900,7
BUX1012,0,20101201,090036,20900,2
BUX1012,0,20101201,090036,20900,1
BUX1012,0,20101201,090036,20900,10
BUX1012,0,20101201,090036,20900,5
BUX1012,0,20101201,090036,20900,1
BUX1012,0,20101201,090036,20900,4
BUX1012,0,20101201,090036,20900,6
SYNERGON,0,20101201,090201,510,4
BUX1012,0,20101201,090202,20915,5
BUX1012,0,20101201,090202,20910,3
BUX1012,0,20101201,090202,20900,2
EGIS,0,20101201,090202,19120,47
MOL,0,20101201,090207,18790,55
OTP,0,20101201,090208,5021,397
EGIS,0,20101201,090208,19100,50
OTP,0,20101201,090209,5020,39
OTP,0,20101201,090211,5020,225
BUX1012,0,20101201,090211,20930,3
BUX1012,0,20101201,090213,20930,5
OTP,0,20101201,090214,5015,26
OTP,0,20101201,090214,5012,74
BUX1012,0,20101201,090215,20930,12
BUX1012,0,20101201,090215,20900,3
OTP,0,20101201,090216,5020,1839
BUX1012,0,20101201,090217,20900,5
BUX1012,0,20101201,090218,20900,3
PANNERGY,0,20101201,090219,841,48
PANNERGY,0,20101201,090219,842,17
TVK,0,20101201,090221,3490,30
TVK,0,20101201,090221,3490,10
OTP,0,20101201,090222,5020,661
OTP,0,20101201,090223,5020,200
OTP,0,20101201,090228,5020,100
OTP,0,20101201,090233,5020,13
BUX1012,0,20101201,090233,20920,1
OTP,0,20101201,090234,5015,200
OTP,0,20101201,090234,5013,100
BUX1012,0,20101201,090234,20900,2
OTP,0,20101201,090237,5015,20
FHB,0,20101201,090238,980,620
PANNERGY,0,20101201,090242,842,283
PANNERGY,0,20101201,090242,849,58
PANNERGY,0,20101201,090242,849,200
PANNERGY,0,20101201,090242,850,200
PANNERGY,0,20101201,090242,850,100
PANNERGY,0,20101201,090242,850,159
MOL,0,20101201,090242,18785,18
MOL,0,20101201,090242,18790,10
MOL,0,20101201,090242,18800,12
MOL,0,20101201,090242,18800,140
EGIS,0,20101201,090245,19000,10
RICHTER,0,20101201,090245,43505,100
BUX1012,0,20101201,090246,20920,2
OTP,0,20101201,090246,5020,26
OTP,0,20101201,090246,5020,1000
OTP,0,20101201,090246,5020,500
OTP,0,20101201,090246,5020,200
OTP,0,20101201,090246,5020,300
OTP,0,20101201,090246,5020,200
OTP,0,20101201,090248,5020,1
BUX1012,0,20101201,090249,20920,3
BUX1012,0,20101201,090249,20900,2
OTP,0,20101201,090250,5020,50
BUX1012,0,20101201,090250,20927,1
OTP,0,20101201,090251,5020,60
BUX1012,0,20101201,090252,20930,4
RABA,0,20101201,090253,810,500
OTP,0,20101201,090257,5020,30
OTP,0,20101201,090259,5027,200
BUX1012,0,20101201,090259,20900,1
MOL,0,20101201,090302,18795,34
RICHTER,0,20101201,090302,43505,3
OTP,0,20101201,090303,5020,100
OTP,0,20101201,090303,5028,100
MTELEKOM,0,20101201,090303,554,35
MTELEKOM,0,20101201,090304,554,1639
OTP,0,20101201,090304,5028,200
MTELEKOM,0,20101201,090306,553,160
FHB,0,20101201,090310,975,105
RICHTER,0,20101201,090316,43505,200
RICHTER,0,20101201,090319,43505,4
RICHTER,0,20101201,090319,43505,6
FHB,0,20101201,090321,975,95
FHB,0,20101201,090321,975,10
OTP,0,20101201,090321,5020,10
OTP,0,20101201,090321,5020,523
OTP,0,20101201,090321,5020,477
RICHTER,0,20101201,090321,43505,14
FHB,0,20101201,090326,975,195
OTP,0,20101201,090326,5025,21
OTP,0,20101201,090326,5028,79
OTP,0,20101201,090330,5020,5
RABA,0,20101201,090330,810,975
RABA,0,20101201,090330,810,64
BUX1012,0,20101201,090331,20920,2
MTELEKOM,0,20101201,090332,551,460
OTP,0,20101201,090334,5020,318
OTP,0,20101201,090334,5020,50
OTP,0,20101201,090335,5020,632
OTP,0,20101201,090335,5027,40
OTP,0,20101201,090335,5028,328
GENESIS,0,20101201,090336,266,50
BUX1012,0,20101201,090339,20920,10
RICHTER,0,20101201,090339,43400,40
RICHTER,0,20101201,090340,43500,20
OTP,0,20101201,090341,5017,906
BUX1012,0,20101201,090343,20920,20
OTP,0,20101201,090345,5017,94
OTP,0,20101201,090345,5020,591
BUX1012,0,20101201,090345,20900,1
OTP,0,20101201,090346,5020,200
OTP,0,20101201,090348,5016,8
OTP,0,20101201,090348,5015,192
BUX1012,0,20101201,090348,20920,2
OTP,0,20101201,090350,5020,209
BUX1012,0,20101201,090352,20920,1
BUX1012,0,20101201,090355,20900,10
BUX1012,0,20101201,090355,20920,17
BUX1012,0,20101201,090355,20920,3
MOL,0,20101201,090356,18750,10
BUX1012,0,20101201,090358,20900,2
BUX1012,0,20101201,090359,20920,7
BUX1012,0,20101201,090359,20920,3
RICHTER,0,20101201,090359,43500,50
MOL,0,20101201,090401,18750,4
BUX1012,0,20101201,090401,20900,2
MTELEKOM,0,20101201,090403,552,1000
RICHTER,0,20101201,090405,43500,130
RICHTER,0,20101201,090406,43300,10
OTP,0,20101201,090406,5020,90
EGIS,0,20101201,090407,19095,7
EGIS,0,20101201,090409,19000,10
OTP,0,20101201,090410,5015,80
OTP,0,20101201,090412,5020,10
OTP,0,20101201,090412,5020,190
OTP,0,20101201,090413,5015,120
OTP,0,20101201,090413,5015,1000
OTP,0,20101201,090413,5015,20
RICHTER,0,20101201,090413,43500,10
OTP,0,20101201,090415,5015,860
OTP,0,20101201,090415,5020,260
OTP,0,20101201,090416,5020,50
OTP,0,20101201,090416,5020,41
RICHTER,0,20101201,090416,43500,50
MOL,0,20101201,090416,18790,7
RICHTER,0,20101201,090417,43500,100
RICHTER,0,20101201,090417,43500,40
BUX1012,0,20101201,090418,20900,1
BUX1012,0,20101201,090418,20900,9
MTELEKOM,0,20101201,090419,553,340
OTP,0,20101201,090420,5013,2400
OTP,0,20101201,090420,5011,100
OTP,0,20101201,090420,5011,2500
OTP,0,20101201,090421,5019,249
OTP,0,20101201,090421,5020,51
RICHTER,0,20101201,090421,43500,100
BUX1012,0,20101201,090423,20900,21
BUX1012,0,20101201,090423,20900,1
BUX1012,0,20101201,090423,20900,35
BUX1012,0,20101201,090423,20900,4
OTP,0,20101201,090428,5018,5
BUX1012,0,20101201,090428,20850.5,1
BUX1012,0,20101201,090428,20850,12
BUX1012,0,20101201,090428,20850,6
BUX1012,0,20101201,090428,20840,1
OTP,0,20101201,090431,5016,25
OTP,0,20101201,090431,5015,100
OTP,0,20101201,090431,5015,75
OTP,0,20101201,090450,5016,90
OTP,0,20101201,090450,5015,400
RICHTER,0,20101201,090457,43400,1
RICHTER,0,20101201,090457,43300,1
BUX1012,0,20101201,090503,20852,6
RICHTER,0,20101201,090505,43400,20
OTP,0,20101201,090506,5015,60
OTP,0,20101201,090506,5015,140
RABA,0,20101201,090507,810,461
RICHTER,0,20101201,090508,43300,9
RICHTER,0,20101201,090508,43155,1
EGIS,0,20101201,090509,19000,10
OTP,0,20101201,090510,5011,1400
MOL,0,20101201,090511,18750,1
MOL,0,20101201,090512,18750,2
OTP,0,20101201,090515,5010,20
MTELEKOM,0,20101201,090517,553,140
MTELEKOM,0,20101201,090522,553,60
MTELEKOM,0,20101201,090522,553,400
MOL,0,20101201,090525,18750,2
BUX1012,0,20101201,090528,20860,1
OTP,0,20101201,090530,5010,30
OTP,0,20101201,090530,5010,40
OTP,0,20101201,090530,5008,25
MTELEKOM,0,20101201,090538,552,40
BUX1012,0,20101201,090540,20860,1
OTP,0,20101201,090541,5009,100
RABA,0,20101201,090542,809,100
OTP,0,20101201,090543,5009,395
OTP,0,20101201,090543,5010,130
OTP,0,20101201,090543,5010,50
OTP,0,20101201,090543,5014,200
OTP,0,20101201,090543,5015,100
OTP,0,20101201,090543,5015,75
OTP,0,20101201,090543,5016,50
OTP,0,20101201,090544,5005,100
OTP,0,20101201,090544,5005,10
OTP,0,20101201,090546,5017,1000
OTP,0,20101201,090546,5019,400
OTP,0,20101201,090546,5019,1000
OTP,0,20101201,090546,5019,21
OTP,0,20101201,090546,5019,980
OTP,0,20101201,090546,5020,958
OTP,0,20101201,090546,5020,100
OTP,0,20101201,090546,5020,1541
OTP,0,20101201,090549,5005,14
BUX1012,0,20101201,090550,20860,5
OTP,0,20101201,090551,5010,41
OTP,0,20101201,090552,5011,100
BUX1012,0,20101201,090552,20860,3
RICHTER,0,20101201,090554,43300,200
BUX1012,0,20101201,090554,20860,1
OTP,0,20101201,090558,5011,25
OTP,0,20101201,090558,5010,99
OTP,0,20101201,090600,5005,335
OTP,0,20101201,090600,5010,101
OTP,0,20101201,090600,5015,1000
OTP,0,20101201,090600,5020,459
OTP,0,20101201,090600,5020,155
OTP,0,20101201,090600,5020,100
SYNERGON,0,20101201,090601,502,1
OTP,0,20101201,090602,5020,60
ECONET,0,20101201,090603,97,2000
RICHTER,0,20101201,090603,43300,100
OTP,0,20101201,090605,5020,100
PANNERGY,0,20101201,090607,847,50
OTP,0,20101201,090608,5020,50
BUX1012,0,20101201,090613,20870,2
FHB,0,20101201,090613,982,20
OTP,0,20101201,090614,5020,26
OTP,0,20101201,090616,5020,20
OTP,0,20101201,090618,5020,100
OTP,0,20101201,090628,5020,1000
MOL,0,20101201,090647,18740,90
MOL,0,20101201,090647,18750,95
MOL,0,20101201,090647,18750,31
MOL,0,20101201,090647,18785,80
MOL,0,20101201,090647,18790,93
MOL,0,20101201,090647,18795,266
MOL,0,20101201,090647,18800,610
MOL,0,20101201,090647,18800,200
BUX1012,0,20101201,090649,20866,4
MTELEKOM,0,20101201,090650,552,1000
OTP,0,20101201,090653,5023,22
MOL,0,20101201,090654,18800,50
MOL,0,20101201,090655,18800,200
PANNERGY,0,20101201,090658,842,250
OTP,0,20101201,090700,5025,500
BUX1012,0,20101201,090708,20892.5,1
BUX1012,0,20101201,090708,20893,1
OTP,0,20101201,090714,5021,20
OTP,0,20101201,090717,5022,75
OTP,0,20101201,090720,5022,425
OTP,0,20101201,090720,5024,20
OTP,0,20101201,090720,5025,1055
EGIS,0,20101201,090723,18990,35
EGIS,0,20101201,090723,18995,50
EGIS,0,20101201,090723,19000,80
OTP,0,20101201,090725,5025,445
OTP,0,20101201,090730,5025,15
BUX1012,0,20101201,090731,20895,2
BUX1012,0,20101201,090731,20899,5
BUX1012,0,20101201,090731,20899,1
BUX1012,0,20101201,090731,20900,1
BUX1012,0,20101201,090731,20900,1
BUX1012,0,20101201,090731,20900,5
EGIS,0,20101201,090734,19000,135
BUX1012,0,20101201,090737,20915,4
EGIS,0,20101201,090738,19000,65
OTP,0,20101201,090742,5027,75
OTP,0,20101201,090748,5027,7
OTP,0,20101201,090752,5027,39
OTP,0,20101201,090752,5025,85
OTP,0,20101201,090752,5022,50
OTP,0,20101201,090752,5021,55
OTP,0,20101201,090752,5021,410
BUX1012,0,20101201,090753,20915,1
BUX1012,0,20101201,090753,20920,2
BUX1012,0,20101201,090753,20925,1
BUX1012,0,20101201,090753,20934,2
BUX1012,0,20101201,090753,20938,1
BUX1012,0,20101201,090753,20940,4
BUX1012,0,20101201,090753,20940,15
OTP,0,20101201,090803,5021,20
MTELEKOM,0,20101201,090803,553,21
MTELEKOM,0,20101201,090804,553,179
MTELEKOM,0,20101201,090804,553,836
BUX1012,0,20101201,090805,20939.5,1
BUX1012,0,20101201,090805,20940,1
BUX1012,0,20101201,090805,20940,8
MOL,0,20101201,090815,18835,10
OTP,0,20101201,090816,5025,200
MOL,0,20101201,090820,18835,40
OTP,0,20101201,090828,5027,79
OTP,0,20101201,090828,5027,30
OTP,0,20101201,090828,5027,200
OTP,0,20101201,090830,5028,30
OTP,0,20101201,090830,5029,100
OTP,0,20101201,090830,5029,1000
OTP,0,20101201,090830,5030,3031
OTP,0,20101201,090830,5030,500
OTP,0,20101201,090830,5030,200
OTP,0,20101201,090830,5030,50
OTP,0,20101201,090830,5030,12
OTP,0,20101201,090830,5030,40
OTP,0,20101201,090830,5030,37
OTP,0,20101201,090830,5030,300
OTP,0,20101201,090831,5027,41
OTP,0,20101201,090831,5025,259
OTP,0,20101201,090831,5025,13
OTP,0,20101201,090837,5030,499
OTP,0,20101201,090837,5030,20
OTP,0,20101201,090837,5030,35
OTP,0,20101201,090837,5033,143
OTP,0,20101201,090837,5034,14
OTP,0,20101201,090837,5034,118
MOL,0,20101201,090840,18845,5
MOL,0,20101201,090840,18850,5
HUMET,0,20101201,090842,10,5000
EGIS,0,20101201,090843,19000,2
OTP,0,20101201,090851,5034,20
PANNERGY,0,20101201,090851,842,170
EGIS,0,20101201,090854,19000,33
EGIS,0,20101201,090854,19000,100
BUX1012,0,20101201,090854,20940,1
OTP,0,20101201,090900,5034,100
OTP,0,20101201,090902,5034,51
OTP,0,20101201,090907,5034,300
BUX1012,0,20101201,090908,20920,3
OTP,0,20101201,090909,5034,261
OTP,0,20101201,090909,5034,70
OTP,0,20101201,090909,5034,669
OTP,0,20101201,090909,5034,631
OTP,0,20101201,090909,5035,270
OTP,0,20101201,090909,5035,56
OTP,0,20101201,090909,5035,43
OTP,0,20101201,090909,5035,6
OTP,0,20101201,090913,5035,1132
OTP,0,20101201,090913,5035,200
FHB,0,20101201,090916,981,5
OTP,0,20101201,090919,5039,1000
OTP,0,20101201,090919,5039,100
OTP,0,20101201,090919,5040,46
OTP,0,20101201,090919,5040,120
OTP,0,20101201,090919,5040,734
MOL,0,20101201,090920,18860,2
MOL,0,20101201,090921,18860,19
OTP,0,20101201,090921,5040,1000
OTP,0,20101201,090922,5040,3266
OTP,0,20101201,090922,5040,1734
OTP,0,20101201,090922,5040,1000
OTP,0,20101201,090922,5040,200
PANNERGY,0,20101201,090924,842,80
PANNERGY,0,20101201,090924,841,120
OTP,0,20101201,090924,5040,917
OTP,0,20101201,090924,5040,83
MOL,0,20101201,090926,18860,29
BUX1012,0,20101201,090927,20938,1
BUX1012,0,20101201,090927,20940,1
BUX1012,0,20101201,090927,20942,1
BUX1012,0,20101201,090927,20920.5,10
BUX1012,0,20101201,090931,20938,4
BUX1012,0,20101201,090931,20942,15
OTP,0,20101201,090932,5040,20
EMASZ,0,20101201,090934,20590,5
BUX1012,0,20101201,090935,20920.5,3
EGIS,0,20101201,090941,19000,67
MOL,0,20101201,090941,18875,34
MOL,0,20101201,090941,18875,7
MOL,0,20101201,090941,18885,244
BUX1012,0,20101201,090942,20940,5
BUX1012,0,20101201,090944,20942,4
BUX1012,0,20101201,090944,20942.5,10
BUX1012,0,20101201,090944,20944,6
OTP,0,20101201,090949,5038,20
OTP,0,20101201,090949,5040,97
OTP,0,20101201,090949,5040,20
OTP,0,20101201,090949,5040,600
OTP,0,20101201,090949,5043,35
OTP,0,20101201,090949,5044,71
OTP,0,20101201,090949,5044,500
OTP,0,20101201,090949,5044,15
OTP,0,20101201,090949,5045,5
OTP,0,20101201,090949,5045,13
OTP,0,20101201,090949,5045,100
OTP,0,20101201,090949,5045,500
OTP,0,20101201,090949,5046,1000
OTP,0,20101201,090949,5047,80
OTP,0,20101201,090949,5048,700
OTP,0,20101201,090949,5048,1000
OTP,0,20101201,090949,5048,75
OTP,0,20101201,090949,5048,769
OTP,0,20101201,091004,5036,150
OTP,0,20101201,091004,5038,25
OTP,0,20101201,091008,5038,555
FOTEX,0,20101201,091008,396,389
OTP,0,20101201,091010,5038,20
OTP,0,20101201,091011,5038,400
BUX1012,0,20101201,091013,20925,5
BUX1012,0,20101201,091013,20920.5,25
BUX1012,0,20101201,091013,20920.5,20
EGIS,0,20101201,091017,19000,20
MTELEKOM,0,20101201,091018,553,2000
BUX1012,0,20101201,091021,20943,3
OTP,0,20101201,091023,5038,280
OTP,0,20101201,091023,5038,80
OTP,0,20101201,091026,5038,640
OTP,0,20101201,091026,5038,110
EGIS,0,20101201,091029,19005,50
EGIS,0,20101201,091029,19000,3
EGIS,0,20101201,091029,19000,100
EGIS,0,20101201,091029,19000,47
BUX1012,0,20101201,091034,20943,4
OTP,0,20101201,091036,5038,19
OTP,0,20101201,091036,5037,70
OTP,0,20101201,091036,5036,850
OTP,0,20101201,091036,5036,3
EGIS,0,20101201,091036,19000,8
OTP,0,20101201,091040,5035,25
BUX1012,0,20101201,091041,20930,2
BUX1012,0,20101201,091041,20930,1
MOL,0,20101201,091044,18865,50
MOL,0,20101201,091044,18860,21
OTP,0,20101201,091053,5035,20
OTP,0,20101201,091056,5035,50
OTP,0,20101201,091101,5035,36
OTP,0,20101201,091102,5035,69
OTP,0,20101201,091104,5030,60
MTELEKOM,0,20101201,091109,552,5000
MOL,0,20101201,091115,18850,40
MOL,0,20101201,091115,18835,10
MOL,0,20101201,091115,18800,40
MTELEKOM,0,20101201,091133,552,960
MTELEKOM,0,20101201,091133,552,2000
MOL,0,20101201,091135,18800,29
MTELEKOM,0,20101201,091135,552,2040
MTELEKOM,0,20101201,091135,552,508
BUX1012,0,20101201,091140,20930,30
BUX1012,0,20101201,091140,20925,6
BUX1012,0,20101201,091140,20925,10
BUX1012,0,20101201,091141,20925,1
BUX1012,0,20101201,091143,20925,3
MTELEKOM,0,20101201,091144,552,4452
OTP,0,20101201,091150,5025,28
OTP,0,20101201,091150,5022,82
OTP,0,20101201,091153,5029,200
BUX1012,0,20101201,091154,20916,2
MTELEKOM,0,20101201,091157,552,22
MTELEKOM,0,20101201,091157,552,2000
MOL,0,20101201,091158,18845,10
OTP,0,20101201,091201,5022,4
OTP,0,20101201,091201,5020,500
OTP,0,20101201,091201,5020,496
BUX1012,0,20101201,091203,20930,2
BUX1012,0,20101201,091206,20916,1
OTP,0,20101201,091207,5025,80
OTP,0,20101201,091207,5028,70
OTP,0,20101201,091213,5028,65
BUX1012,0,20101201,091215,20930,3
BUX1012,0,20101201,091215,20940,11
BUX1012,0,20101201,091215,20942,1
BUX1012,0,20101201,091215,20943,5
PANNERGY,0,20101201,091218,841,380
PANNERGY,0,20101201,091218,841,118
PANNERGY,0,20101201,091218,840,55
PANNERGY,0,20101201,091218,840,47
BUX1012,0,20101201,091218,20916.5,1
BUX1012,0,20101201,091220,20929,10
ANY,0,20101201,091221,690,50
KEG,0,20101201,091231,140,500
OTP,0,20101201,091234,5025,200
MOL,0,20101201,091239,18840,5
BUX1012,0,20101201,091240,20917,2
PANNERGY,0,20101201,091242,840,213
OTP,0,20101201,091252,5028,435
OTP,0,20101201,091252,5028,35
OTP,0,20101201,091252,5029,671
OTP,0,20101201,091252,5029,500
OTP,0,20101201,091252,5030,871
OTP,0,20101201,091252,5030,100
OTP,0,20101201,091252,5030,1250
OTP,0,20101201,091252,5030,70
OTP,0,20101201,091252,5030,200
BUX1012,0,20101201,091257,20940,1
BUX1012,0,20101201,091257,20942.5,1
OTP,0,20101201,091258,5030,100
OTP,0,20101201,091258,5028,25
OTP,0,20101201,091258,5025,42
OTP,0,20101201,091300,5025,15
BUX1012,0,20101201,091301,20943,2
MOL,0,20101201,091301,18840,10
MTELEKOM,0,20101201,091303,552,21
MTELEKOM,0,20101201,091304,552,1016
OTP,0,20101201,091310,5028,580
OTP,0,20101201,091312,5030,25
OTP,0,20101201,091313,5032,172
OTP,0,20101201,091314,5030,225
OTP,0,20101201,091314,5028,375
MOL,0,20101201,091325,18840,22
MOL,0,20101201,091325,18845,40
MOL,0,20101201,091325,18850,10
MOL,0,20101201,091325,18850,100
OTP,0,20101201,091325,5028,45
OTP,0,20101201,091325,5025,43
RICHTER,0,20101201,091327,43480,30
RICHTER,0,20101201,091327,43485,25
RICHTER,0,20101201,091327,43500,50
RICHTER,0,20101201,091327,43500,35
RICHTER,0,20101201,091333,43500,32
OTP,0,20101201,091334,5024,1912
KEG,0,20101201,091335,140,484
BUX1012,0,20101201,091339,20930,1
BUX1012,0,20101201,091339,20940,1
OTP,0,20101201,091340,5030,80
OTP,0,20101201,091353,5030,2855
BUX1012,0,20101201,091355,20940,2
BUX1012,0,20101201,091355,20943,1
BUX1012,0,20101201,091355,20944,7
MTELEKOM,0,20101201,091358,551,326
MTELEKOM,0,20101201,091358,551,674
MTELEKOM,0,20101201,091358,551,1826
OTP,0,20101201,091406,5030,36
KEG,0,20101201,091408,140,500
BUX1012,0,20101201,091422,20940,1
BUX1012,0,20101201,091423,20943,10
BUX1012,0,20101201,091427,20940,1
BUX1012,0,20101201,091427,20930,1
OTP,0,20101201,091433,5032,28
OTP,0,20101201,091433,5032,200
OTP,0,20101201,091434,5032,60
OTP,0,20101201,091435,5032,500
BUX1012,0,20101201,091437,20930,1
BUX1012,0,20101201,091439,20943,7
BUX1012,0,20101201,091439,20944,3
FHB,0,20101201,091445,980,298
EGIS,0,20101201,091445,18950,3
EGIS,0,20101201,091445,18905,10
EGIS,0,20101201,091445,18905,18
OTP,0,20101201,091453,5034,80
OTP,0,20101201,091453,5035,39
OTP,0,20101201,091453,5035,50
OTP,0,20101201,091453,5035,100
OTP,0,20101201,091453,5035,45
OTP,0,20101201,091453,5035,186
OTP,0,20101201,091456,5035,314
MOL,0,20101201,091500,18850,35
MTELEKOM,0,20101201,091501,551,928
EGIS,0,20101201,091501,18905,6
FHB,0,20101201,091501,980,59
OTP,0,20101201,091505,5035,167
BUX1012,0,20101201,091505,20933,1
BUX1012,0,20101201,091505,20933,1
BUX1012,0,20101201,091506,20933,3
BUX1012,0,20101201,091507,20932,3
OTP,0,20101201,091510,5035,1000
OTP,0,20101201,091510,5037,500
OTP,0,20101201,091510,5038,50
OTP,0,20101201,091510,5038,450
BUX1012,0,20101201,091510,20932,1
BUX1012,0,20101201,091510,20930,1
BUX1012,0,20101201,091510,20944,2
BUX1012,0,20101201,091512,20930,1
BUX1012,0,20101201,091512,20920,9
OTP,0,20101201,091512,5032,30
BUX1012,0,20101201,091514,20930,1
BUX1012,0,20101201,091514,20920,1
BUX1012,0,20101201,091515,20920,1
BUX1012,0,20101201,091516,20920,1
BUX1012,0,20101201,091516,20920,1
MOL,0,20101201,091517,18870,30
MOL,0,20101201,091517,18880,49
MOL,0,20101201,091517,18880,29
MOL,0,20101201,091517,18880,10
MOL,0,20101201,091517,18885,56
MOL,0,20101201,091517,18885,200
MOL,0,20101201,091517,18895,300
MOL,0,20101201,091517,18900,20
OTP,0,20101201,091520,5038,550
OTP,0,20101201,091520,5040,100
OTP,0,20101201,091520,5040,350
MOL,0,20101201,091526,18935,12
MOL,0,20101201,091526,18950,100
RICHTER,0,20101201,091528,43490,5
RICHTER,0,20101201,091528,43500,73
RICHTER,0,20101201,091528,43500,100
RICHTER,0,20101201,091528,43500,20
RICHTER,0,20101201,091528,43500,100
RICHTER,0,20101201,091528,43500,22
RICHTER,0,20101201,091531,43500,28
RICHTER,0,20101201,091531,43500,50
RICHTER,0,20101201,091531,43500,10
RICHTER,0,20101201,091531,43500,112
RICHTER,0,20101201,091532,43500,38
RICHTER,0,20101201,091532,43500,17
OTP,0,20101201,091533,5040,150
OTP,0,20101201,091533,5045,2000
OTP,0,20101201,091533,5045,30
OTP,0,20101201,091533,5048,231
OTP,0,20101201,091533,5048,1000
OTP,0,20101201,091533,5048,1000
OTP,0,20101201,091533,5048,100
OTP,0,20101201,091533,5048,200
OTP,0,20101201,091533,5048,222
OTP,0,20101201,091533,5049,20
OTP,0,20101201,091533,5049,50
OTP,0,20101201,091533,5049,5
OTP,0,20101201,091533,5049,1000
OTP,0,20101201,091533,5049,50
OTP,0,20101201,091533,5049,200
OTP,0,20101201,091533,5049,20
OTP,0,20101201,091533,5049,1000
OTP,0,20101201,091533,5049,800
OTP,0,20101201,091533,5049,1000
OTP,0,20101201,091533,5050,80
OTP,0,20101201,091533,5050,842
OTP,0,20101201,091533,5050,388
OTP,0,20101201,091533,5050,100
OTP,0,20101201,091533,5050,37
OTP,0,20101201,091533,5050,100
OTP,0,20101201,091533,5050,50
OTP,0,20101201,091533,5050,14
OTP,0,20101201,091533,5050,50
OTP,0,20101201,091533,5050,100
OTP,0,20101201,091533,5050,265
OTP,0,20101201,091533,5050,61
OTP,0,20101201,091533,5050,1000
OTP,0,20101201,091533,5050,1000
OTP,0,20101201,091533,5050,50
OTP,0,20101201,091533,5050,100
OTP,0,20101201,091533,5050,300
OTP,0,20101201,091533,5050,3885
OTP,0,20101201,091536,5037,20
RICHTER,0,20101201,091536,43505,39
OTP,0,20101201,091537,5050,6115
OTP,0,20101201,091537,5050,1000
OTP,0,20101201,091537,5050,20
OTP,0,20101201,091537,5050,48
OTP,0,20101201,091537,5050,100
OTP,0,20101201,091537,5050,100
OTP,0,20101201,091537,5050,45
RICHTER,0,20101201,091538,43505,81
RICHTER,0,20101201,091538,43505,19
OTP,0,20101201,091538,5050,72
OTP,0,20101201,091538,5037,95
RICHTER,0,20101201,091538,43505,11
RICHTER,0,20101201,091538,43500,6
MOL,0,20101201,091538,18950,35
MTELEKOM,0,20101201,091538,551,928
EGIS,0,20101201,091539,18905,6
FHB,0,20101201,091539,980,23
RICHTER,0,20101201,091543,43500,194
ETFBUXOTP,0,20101201,091544,875,300
MTELEKOM,0,20101201,091545,551,65
OTP,0,20101201,091545,5050,16
MOL,0,20101201,091545,18950,4
RICHTER,0,20101201,091546,43405,1
EGIS,0,20101201,091550,19000,150
MOL,0,20101201,091551,18950,99
OTP,0,20101201,091554,5050,200
BUX1012,0,20101201,091555,20938,2
BUX1012,0,20101201,091555,20938,3
BUX1012,0,20101201,091555,20940,1
BUX1012,0,20101201,091555,20940,1
OTP,0,20101201,091603,5050,34
OTP,0,20101201,091603,5050,166
BUX1012,0,20101201,091603,20940,1
ECONET,0,20101201,091604,97,200
OTP,0,20101201,091605,5050,1650
MOL,0,20101201,091614,18950,101
MOL,0,20101201,091614,18950,100
MOL,0,20101201,091614,18950,198
OTP,0,20101201,091615,5050,100
OTP,0,20101201,091619,5050,84
OTP,0,20101201,091619,5050,116
MOL,0,20101201,091620,18950,101
MOL,0,20101201,091620,18950,20
PANNERGY,0,20101201,091622,833,3
OTP,0,20101201,091622,5050,195
OTP,0,20101201,091622,5040,200
OTP,0,20101201,091622,5038,500
OTP,0,20101201,091622,5037,235
OTP,0,20101201,091622,5037,450
OTP,0,20101201,091622,5035,28
BUX1012,0,20101201,091623,20940,10
FHB,0,20101201,091624,980,9
EGIS,0,20101201,091624,19000,11
OTP,0,20101201,091624,5035,100
OTP,0,20101201,091631,5035,14
OTP,0,20101201,091632,5035,200
OTP,0,20101201,091632,5035,1
RABA,0,20101201,091632,809,25
RABA,0,20101201,091632,809,25
OTP,0,20101201,091634,5040,35
OTP,0,20101201,091635,5040,1
OTP,0,20101201,091635,5050,340
OTP,0,20101201,091635,5050,159
OTP,0,20101201,091635,5050,1295
BUX1012,0,20101201,091640,20940,1
OTP,0,20101201,091641,5050,20
BUX1012,0,20101201,091649,20940,5
MOL,0,20101201,091650,18950,79
EGIS,0,20101201,091650,19000,100
EGIS,0,20101201,091655,19000,20
OTP,0,20101201,091657,5052,100
OTP,0,20101201,091657,5053,20
OTP,0,20101201,091657,5053,2000
OTP,0,20101201,091658,5050,500
OTP,0,20101201,091658,5050,277
MOL,0,20101201,091701,18950,21
MOL,0,20101201,091701,18950,79
BUX1012,0,20101201,091702,20940,2
BUX1012,0,20101201,091702,20940,2
BUX1012,0,20101201,091702,20940,5
BUX1012,0,20101201,091702,20940,5
OTP,0,20101201,091705,5053,911
OTP,0,20101201,091705,5054,266
OTP,0,20101201,091705,5055,29
OTP,0,20101201,091705,5055,600
OTP,0,20101201,091705,5056,50
OTP,0,20101201,091705,5057,26
OTP,0,20101201,091705,5055,5
BUX1012,0,20101201,091706,20940,1
BUX1012,0,20101201,091707,20930,5
OTP,0,20101201,091709,5055,189
OTP,0,20101201,091710,5050,400
OTP,0,20101201,091714,5050,8
OTP,0,20101201,091714,5050,192
BUX1012,0,20101201,091716,20939,4
MTELEKOM,0,20101201,091719,552,300
OTP,0,20101201,091722,5050,14
OTP,0,20101201,091724,5052,50
OTP,0,20101201,091724,5053,10
OTP,0,20101201,091724,5050,990
OTP,0,20101201,091724,5050,1000
OTP,0,20101201,091730,5050,304
EGIS,0,20101201,091732,19000,11
OTP,0,20101201,091733,5050,111
OTP,0,20101201,091733,5050,311
RICHTER,0,20101201,091734,43500,50
RICHTER,0,20101201,091734,43500,3
RICHTER,0,20101201,091734,43500,46
OTP,0,20101201,091736,5050,50
OTP,0,20101201,091739,5050,19
OTP,0,20101201,091746,5050,300
BUX1012,0,20101201,091749,20943,1
OTP,0,20101201,091751,5050,1000
OTP,0,20101201,091759,5052,434
OTP,0,20101201,091759,5050,66
BUX1012,0,20101201,091802,20940,1
MTELEKOM,0,20101201,091804,552,22
MTELEKOM,0,20101201,091804,552,1015
BUX1012,0,20101201,091807,20940,1
BUX1012,0,20101201,091807,20930,5
OTP,0,20101201,091809,5050,143
OTP,0,20101201,091809,5050,2000
OTP,0,20101201,091809,5050,1400
RICHTER,0,20101201,091809,43500,104
BUX1012,0,20101201,091810,20930,9
OTP,0,20101201,091814,5050,1457
EGIS,0,20101201,091817,19095,8
EGIS,0,20101201,091817,19095,32
MTELEKOM,0,20101201,091821,552,604
MTELEKOM,0,20101201,091821,552,500
OTP,0,20101201,091822,5050,2000
OTP,0,20101201,091823,5050,43
OTP,0,20101201,091826,5049,20
OTP,0,20101201,091826,5050,3480
OTP,0,20101201,091827,5050,1477
BUX1012,0,20101201,091830,20943,2
BUX1012,0,20101201,091833,20942,7
BUX1012,0,20101201,091833,20943,1
OTP,0,20101201,091833,5050,500
OTP,0,20101201,091833,5050,23
OTP,0,20101201,091836,5050,477
OTP,0,20101201,091836,5050,523
BUX1012,0,20101201,091839,20925,2
BUX1012,0,20101201,091839,20922,1
BUX1012,0,20101201,091839,20921,3
BUX1012,0,20101201,091839,20920,12
BUX1012,0,20101201,091842,20920,7
OTP,0,20101201,091843,5050,404
OTP,0,20101201,091849,5050,10
OTP,0,20101201,091854,5050,2086
OTP,0,20101201,091854,5050,50
OTP,0,20101201,091855,5050,500
OTP,0,20101201,091857,5045,30
OTP,0,20101201,091857,5050,2364
OTP,0,20101201,091857,5050,250
OTP,0,20101201,091857,5050,490
BUX1012,0,20101201,091857,20930,2
BUX1012,0,20101201,091857,20943,7
BUX1012,0,20101201,091857,20945,1
BUX1012,0,20101201,091857,20945,1
OTP,0,20101201,091859,5050,396
OTP,0,20101201,091901,5050,604
OTP,0,20101201,091901,5050,695
OTP,0,20101201,091904,5050,20
MTELEKOM,0,20101201,091906,553,664
MTELEKOM,0,20101201,091906,553,336
OTP,0,20101201,091907,5050,500
OTP,0,20101201,091908,5050,181
OTP,0,20101201,091909,5049,40
OTP,0,20101201,091909,5050,819
KEG,0,20101201,091913,140,16
OTP,0,20101201,091916,5050,335
MTELEKOM,0,20101201,091924,553,500
BUX1012,0,20101201,091924,20923,1
FHB,0,20101201,091924,980,27
FHB,0,20101201,091924,980,23
OTP,0,20101201,091925,5050,200
OTP,0,20101201,091940,5051,1000
OTP,0,20101201,091940,5052,116
ANY,0,20101201,091951,685,450
OTP,0,20101201,091953,5052,1
MOL,0,20101201,091955,18945,50
MOL,0,20101201,091955,18950,100
OTP,0,20101201,092002,5052,383
OTP,0,20101201,092002,5051,617
BUX1012,0,20101201,092004,20947,1
BUX1012,0,20101201,092004,20947,1
BUX1012,0,20101201,092004,20948,2
BUX1012,0,20101201,092004,20948,3
BUX1012,0,20101201,092004,20949,5
BUX1012,0,20101201,092004,20949,1
BUX1012,0,20101201,092004,20949,2
OTP,0,20101201,092006,5055,11
MTELEKOM,0,20101201,092006,552,185
OTP,0,20101201,092007,5051,167
RICHTER,0,20101201,092007,43505,17
BUX1012,0,20101201,092009,20949,5
BUX1012,0,20101201,092009,20949,6
BUX1012,0,20101201,092009,20949,6
BUX1012,0,20101201,092009,20950,5
BUX1012,0,20101201,092009,20950,8
BUX1012,0,20101201,092009,20950,1
BUX1012,0,20101201,092009,20950,10
BUX1012,0,20101201,092009,20950,1
BUX1012,0,20101201,092009,20950,8
BUX1012,0,20101201,092009,20950,5
BUX1012,0,20101201,092009,20950,5
OTP,0,20101201,092021,5051,1
OTP,0,20101201,092021,5055,8
OTP,0,20101201,092021,5056,2
OTP,0,20101201,092021,5057,185
OTP,0,20101201,092021,5057,19
OTP,0,20101201,092021,5057,200
OTP,0,20101201,092021,5057,6
MTELEKOM,0,20101201,092024,552,315
MTELEKOM,0,20101201,092024,552,500
MTELEKOM,0,20101201,092024,552,185
OTP,0,20101201,092028,5051,500
BUX1012,0,20101201,092028,20950,30
BUX1012,0,20101201,092030,20950,2
BUX1012,0,20101201,092030,20950,48
RFV,0,20101201,092032,7700,50
BUX1012,0,20101201,092033,20950,3
BUX1012,0,20101201,092036,20950,7
OTP,0,20101201,092037,5051,5
BUX1012,0,20101201,092041,20950,2
BUX1012,0,20101201,092041,20960,5
BUX1012,0,20101201,092041,20960,2
RICHTER,0,20101201,092042,43540,3
RICHTER,0,20101201,092042,43575,2
RICHTER,0,20101201,092042,43580,1
OTP,0,20101201,092044,5057,2
OTP,0,20101201,092044,5058,1000
OTP,0,20101201,092044,5058,250
OTP,0,20101201,092044,5058,100
OTP,0,20101201,092044,5059,100
OTP,0,20101201,092044,5059,65
OTP,0,20101201,092044,5060,50
OTP,0,20101201,092044,5060,100
OTP,0,20101201,092044,5060,13
OTP,0,20101201,092044,5060,220
OTP,0,20101201,092044,5060,81
OTP,0,20101201,092044,5060,35
OTP,0,20101201,092044,5060,10
OTP,0,20101201,092044,5060,650
OTP,0,20101201,092044,5060,100
OTP,0,20101201,092044,5060,100
OTP,0,20101201,092044,5060,50
OTP,0,20101201,092044,5060,19
OTP,0,20101201,092044,5060,120
OTP,0,20101201,092044,5060,600
OTP,0,20101201,092044,5061,50
OTP,0,20101201,092044,5061,31
OTP,0,20101201,092044,5061,100
OTP,0,20101201,092044,5063,100
OTP,0,20101201,092044,5063,350
OTP,0,20101201,092044,5064,14
OTP,0,20101201,092044,5064,94
OTP,0,20101201,092044,5065,200
OTP,0,20101201,092044,5065,61
RICHTER,0,20101201,092045,43580,3
RICHTER,0,20101201,092045,43595,150
RICHTER,0,20101201,092045,43600,444
BUX1012,0,20101201,092045,20960,3
BUX1012,0,20101201,092045,20965,1
BUX1012,0,20101201,092045,20966,1
ETFBUXOTP,0,20101201,092045,876,900
MOL,0,20101201,092047,18940,20
MOL,0,20101201,092047,18950,35
OTP,0,20101201,092047,5065,630
EGIS,0,20101201,092048,19015,1
MTELEKOM,0,20101201,092048,552,195
OTP,0,20101201,092049,5060,48
MOL,0,20101201,092049,18950,12
RICHTER,0,20101201,092049,43505,4
OTP,0,20101201,092050,5065,4309
OTP,0,20101201,092050,5065,200
MOL,0,20101201,092051,18970,90
MOL,0,20101201,092051,18970,50
MOL,0,20101201,092051,18975,250
MOL,0,20101201,092051,18975,25
MOL,0,20101201,092051,18975,25
MOL,0,20101201,092051,18990,3
MOL,0,20101201,092051,18995,57
MOL,0,20101201,092051,18995,25
MOL,0,20101201,092051,18995,2
MOL,0,20101201,092051,18995,40
MOL,0,20101201,092051,19000,20
MOL,0,20101201,092051,19000,248
MOL,0,20101201,092051,19000,4
MOL,0,20101201,092051,19000,4
MOL,0,20101201,092051,19000,4
MOL,0,20101201,092051,19000,653
RICHTER,0,20101201,092051,43600,56
BUX1012,0,20101201,092052,20974,3
BUX1012,0,20101201,092053,20950,1
MOL,0,20101201,092056,19000,250
RICHTER,0,20101201,092056,43600,194
MOL,0,20101201,092057,19000,97
MOL,0,20101201,092057,19000,40
BUX1012,0,20101201,092059,20950,1
MOL,0,20101201,092101,19030,6
MOL,0,20101201,092101,19050,3
MOL,0,20101201,092101,19055,1
BUX1012,0,20101201,092102,20960,1
BUX1012,0,20101201,092102,20960,1
BUX1012,0,20101201,092102,20960,1
BUX1012,0,20101201,092103,20973,1
OTP,0,20101201,092107,5061,200
OTP,0,20101201,092107,5060,100
BUX1012,0,20101201,092109,20960,1
MTELEKOM,0,20101201,092111,553,164
MTELEKOM,0,20101201,092111,553,500
MTELEKOM,0,20101201,092111,553,1000
MTELEKOM,0,20101201,092111,553,928
BUX1012,0,20101201,092111,20973,4
BUX1012,0,20101201,092111,20974,1
BUX1012,0,20101201,092111,20975,15
BUX1012,0,20101201,092111,20975,2
BUX1012,0,20101201,092116,20975,5
RICHTER,0,20101201,092116,43670,3
RICHTER,0,20101201,092116,43700,1
OTP,0,20101201,092131,5060,2
OTP,0,20101201,092131,5060,35
OTP,0,20101201,092131,5060,30
FHB,0,20101201,092140,980,200
OTP,0,20101201,092144,5060,1933
MTELEKOM,0,20101201,092151,553,928
EGIS,0,20101201,092151,19015,6
OTP,0,20101201,092151,5059,1398
OTP,0,20101201,092152,5055,12
BUX1012,0,20101201,092152,20975,2
OTP,0,20101201,092154,5059,32
OTP,0,20101201,092155,5059,18
OTP,0,20101201,092155,5059,200
OTP,0,20101201,092155,5060,167
MTELEKOM,0,20101201,092202,554,1000
MTELEKOM,0,20101201,092202,554,500
MTELEKOM,0,20101201,092202,554,1000
MTELEKOM,0,20101201,092202,554,500
MTELEKOM,0,20101201,092202,554,634
MTELEKOM,0,20101201,092202,554,366
OTP,0,20101201,092212,5065,50
OTP,0,20101201,092212,5065,34
OTP,0,20101201,092212,5065,50
OTP,0,20101201,092212,5065,50
OTP,0,20101201,092212,5065,26
OTP,0,20101201,092212,5066,2000
OTP,0,20101201,092212,5066,10
OTP,0,20101201,092212,5067,117
OTP,0,20101201,092212,5067,2663
MTELEKOM,0,20101201,092214,554,120
OTP,0,20101201,092221,5060,32
RABA,0,20101201,092223,809,200
MOL,0,20101201,092226,19050,50
MTELEKOM,0,20101201,092228,554,1000
OTP,0,20101201,092230,5060,20
OTP,0,20101201,092232,5055,788
BUX1012,0,20101201,092234,20980,1
BUX1012,0,20101201,092234,20980,2
BUX1012,0,20101201,092234,20982,1
BUX1012,0,20101201,092234,20983,5
BUX1012,0,20101201,092234,20984,5
BUX1012,0,20101201,092234,20985,7
BUX1012,0,20101201,092234,20985,3
BUX1012,0,20101201,092234,20986,1
BUX1012,0,20101201,092234,20987,1
BUX1012,0,20101201,092234,20987,1
BUX1012,0,20101201,092234,20987,10
BUX1012,0,20101201,092234,20988,5
BUX1012,0,20101201,092234,20988,2
BUX1012,0,20101201,092234,20988,50
BUX1012,0,20101201,092234,20989,1
BUX1012,0,20101201,092234,20989,50
BUX1012,0,20101201,092234,20990,10
BUX1012,0,20101201,092234,20992,2
BUX1012,0,20101201,092234,20998,2
BUX1012,0,20101201,092234,20998,3
BUX1012,0,20101201,092234,21000,2
BUX1012,0,20101201,092234,21000,1
BUX1012,0,20101201,092234,21000,1
BUX1012,0,20101201,092234,21000,1
BUX1012,0,20101201,092234,21000,4
BUX1012,0,20101201,092234,21000,1
BUX1012,0,20101201,092234,21000,2
BUX1012,0,20101201,092234,21000,1
BUX1012,0,20101201,092234,21000,1
BUX1012,0,20101201,092234,21000,5
BUX1012,0,20101201,092235,21020,1
BUX1012,0,20101201,092235,21020,3
BUX1012,0,20101201,092235,21020,1
BUX1012,0,20101201,092235,21020,5
OTP,0,20101201,092237,5055,17
BUX1012,0,20101201,092240,21001,15
MTELEKOM,0,20101201,092241,554,2000
OTP,0,20101201,092249,5055,160
BUX1012,0,20101201,092253,21020,8
PANNERGY,0,20101201,092301,843,85
PANNERGY,0,20101201,092301,846,65
BUX1012,0,20101201,092302,21001,4
MTELEKOM,0,20101201,092308,554,22
MTELEKOM,0,20101201,092309,554,1032
BUX1012,0,20101201,092322,21017,8
OTP,0,20101201,092326,5055,35
OTP,0,20101201,092326,5055,45
OTP,0,20101201,092334,5052,500
OTP,0,20101201,092334,5052,11
OTP,0,20101201,092334,5051,310
OTP,0,20101201,092334,5051,33
OTP,0,20101201,092334,5051,146
OTP,0,20101201,092338,5051,100
MTELEKOM,0,20101201,092340,553,508
OTP,0,20101201,092346,5054,30
OTP,0,20101201,092346,5055,5
OTP,0,20101201,092346,5055,300
OTP,0,20101201,092351,5059,10
OTP,0,20101201,092356,5055,500
OTP,0,20101201,092357,5055,40
OTP,0,20101201,092358,5059,890
OTP,0,20101201,092358,5059,70
OTP,0,20101201,092358,5059,100
OTP,0,20101201,092358,5060,4898
OTP,0,20101201,092359,5055,2125
OTP,0,20101201,092359,5051,875
RICHTER,0,20101201,092403,43600,16
OTP,0,20101201,092407,5052,200
MTELEKOM,0,20101201,092409,553,2500
OTP,0,20101201,092415,5060,50
OTP,0,20101201,092415,5060,50
OTP,0,20101201,092415,5060,900
OTP,0,20101201,092415,5060,4100
OTP,0,20101201,092415,5060,1000
MOL,0,20101201,092417,19010,6
MOL,0,20101201,092417,19005,4
MTELEKOM,0,20101201,092420,553,500
MTELEKOM,0,20101201,092435,553,1450
MTELEKOM,0,20101201,092440,553,508
RABA,0,20101201,092443,809,775
RABA,0,20101201,092443,810,4225
OTP,0,20101201,092449,5065,2000
OTP,0,20101201,092449,5065,500
PHYLAXIA,0,20101201,092502,45,60
OTP,0,20101201,092505,5055,50
OTP,0,20101201,092505,5052,60
OTP,0,20101201,092506,5060,2000
MTELEKOM,0,20101201,092506,553,1014
MTELEKOM,0,20101201,092506,553,78
OTP,0,20101201,092512,5067,2337
GENESIS,0,20101201,092514,260,11
RABA,0,20101201,092515,810,120
MOL,0,20101201,092518,19000,10
MOL,0,20101201,092518,19005,40
BUX1012,0,20101201,092520,21010,1
BUX1012,0,20101201,092520,21001,2
OTP,0,20101201,092521,5060,500
OTP,0,20101201,092521,5060,400
OTP,0,20101201,092521,5060,1100
MOL,0,20101201,092524,19025,10
BUX1012,0,20101201,092524,21001,1
OTP,0,20101201,092528,5065,19
OTP,0,20101201,092528,5068,2000
OTP,0,20101201,092528,5068,28
OTP,0,20101201,092528,5068,155
OTP,0,20101201,092528,5068,20
OTP,0,20101201,092528,5069,50
OTP,0,20101201,092528,5069,100
OTP,0,20101201,092528,5069,200
OTP,0,20101201,092528,5069,100
OTP,0,20101201,092528,5069,50
OTP,0,20101201,092528,5069,8
FOTEX,0,20101201,092530,395,200
FOTEX,0,20101201,092530,395,59
OTP,0,20101201,092533,5065,100
BUX1012,0,20101201,092536,21001,1
PANNERGY,0,20101201,092537,840,100
MTELEKOM,0,20101201,092538,553,3908
MTELEKOM,0,20101201,092538,553,509
OTP,0,20101201,092540,5060,100
BUX1012,0,20101201,092540,21001,7
BUX1012,0,20101201,092540,21001,8
BUX1012,0,20101201,092540,21001,1
BUX1012,0,20101201,092540,21000,4
BUX1012,0,20101201,092540,21000,1
RICHTER,0,20101201,092543,43680,10
RICHTER,0,20101201,092543,43685,108
RICHTER,0,20101201,092543,43690,50
RICHTER,0,20101201,092543,43700,11
OTP,0,20101201,092545,5067,300
OTP,0,20101201,092545,5069,10
MOL,0,20101201,092545,19035,50
MOL,0,20101201,092545,19035,10
MOL,0,20101201,092545,19040,100
MOL,0,20101201,092545,19050,140
OTP,0,20101201,092545,5060,3000
BUX1012,0,20101201,092546,21005,1
PANNERGY,0,20101201,092547,840,628
BUX1012,0,20101201,092548,21000,1
BUX1012,0,20101201,092551,21000,2
RICHTER,0,20101201,092552,43700,12
RICHTER,0,20101201,092552,43700,18
BUX1012,0,20101201,092554,21015,1
PANNERGY,0,20101201,092559,846,35
FOTEX,0,20101201,092600,395,141
FOTEX,0,20101201,092600,395,300
FOTEX,0,20101201,092600,396,670
OTP,0,20101201,092601,5070,10
OTP,0,20101201,092601,5070,400
OTP,0,20101201,092601,5070,175
OTP,0,20101201,092601,5070,195
OTP,0,20101201,092601,5070,5
OTP,0,20101201,092601,5070,25
OTP,0,20101201,092601,5070,200
OTP,0,20101201,092601,5070,250
OTP,0,20101201,092601,5070,2631
OTP,0,20101201,092601,5070,700
OTP,0,20101201,092601,5070,409
OTP,0,20101201,092601,5070,100
OTP,0,20101201,092604,5061,35
MOL,0,20101201,092606,19050,16
OTP,0,20101201,092607,5070,491
OTP,0,20101201,092607,5070,100
OTP,0,20101201,092607,5070,1532
OTP,0,20101201,092607,5070,100
OTP,0,20101201,092607,5070,100
OTP,0,20101201,092607,5070,1000
OTP,0,20101201,092607,5070,75
MOL,0,20101201,092607,19050,139
MOL,0,20101201,092607,19050,111
BUX1012,0,20101201,092609,21014,1
OTP,0,20101201,092609,5061,1000
MOL,0,20101201,092615,19050,89
MOL,0,20101201,092615,19050,6
MOL,0,20101201,092615,19050,60
OTP,0,20101201,092616,5070,100
PANNERGY,0,20101201,092619,849,50
OTP,0,20101201,092629,5073,200
OTP,0,20101201,092629,5073,2098
OTP,0,20101201,092632,5070,100
MTELEKOM,0,20101201,092633,552,1500
OTP,0,20101201,092634,5070,4800
OTP,0,20101201,092634,5070,200
OTP,0,20101201,092634,5070,50
RICHTER,0,20101201,092636,43700,2
RICHTER,0,20101201,092636,43700,25
RICHTER,0,20101201,092636,43700,50
RICHTER,0,20101201,092636,43700,17
BUX1012,0,20101201,092637,21001,1
OTP,0,20101201,092637,5074,902
ECONET,0,20101201,092638,97,3000
PANNERGY,0,20101201,092639,850,15
MOL,0,20101201,092640,19025,50
MOL,0,20101201,092640,19005,560
MOL,0,20101201,092640,19000,240
MOL,0,20101201,092640,19000,6
OTP,0,20101201,092641,5074,98
OTP,0,20101201,092641,5074,50
OTP,0,20101201,092641,5075,100
OTP,0,20101201,092641,5075,20
OTP,0,20101201,092641,5075,532
OTP,0,20101201,092641,5075,468
OTP,0,20101201,092641,5075,1000
OTP,0,20101201,092641,5075,200
OTP,0,20101201,092641,5076,50
OTP,0,20101201,092641,5076,1000
OTP,0,20101201,092641,5077,1000
OTP,0,20101201,092641,5077,50
OTP,0,20101201,092641,5077,50
OTP,0,20101201,092641,5077,500
OTP,0,20101201,092641,5078,50
OTP,0,20101201,092641,5078,1000
OTP,0,20101201,092641,5079,200
OTP,0,20101201,092641,5079,200
OTP,0,20101201,092641,5079,100
OTP,0,20101201,092641,5079,1000
OTP,0,20101201,092641,5079,100
OTP,0,20101201,092641,5080,1000
OTP,0,20101201,092641,5080,500
OTP,0,20101201,092641,5080,30
OTP,0,20101201,092641,5080,10
OTP,0,20101201,092641,5080,1000
OTP,0,20101201,092641,5080,110
OTP,0,20101201,092641,5080,20
OTP,0,20101201,092641,5080,25
OTP,0,20101201,092641,5080,337
OTP,0,20101201,092641,5080,663
MOL,0,20101201,092642,19055,49
MOL,0,20101201,092642,19055,1
OTP,0,20101201,092643,5080,537
OTP,0,20101201,092643,5075,2463
MTELEKOM,0,20101201,092643,551,1253
MTELEKOM,0,20101201,092643,551,300
MTELEKOM,0,20101201,092643,551,2000
MTELEKOM,0,20101201,092643,551,3083
MOL,0,20101201,092646,19050,5
MOL,0,20101201,092646,19050,295
MOL,0,20101201,092646,19005,205
OTP,0,20101201,092649,5075,5
OTP,0,20101201,092649,5071,95
MOL,0,20101201,092649,19005,355
OTP,0,20101201,092651,5072,50
BUX1012,0,20101201,092653,21000,6
OTP,0,20101201,092655,5080,2000
OTP,0,20101201,092656,5082,1
MOL,0,20101201,092656,19005,380
MOL,0,20101201,092658,18920,200
OTP,0,20101201,092659,5082,100
OTP,0,20101201,092700,5081,30
OTP,0,20101201,092700,5081,12
OTP,0,20101201,092700,5080,50
OTP,0,20101201,092702,5080,1908
OTP,0,20101201,092703,5082,15
FHB,0,20101201,092703,976,100
FHB,0,20101201,092703,975,1
OTP,0,20101201,092704,5082,684
OTP,0,20101201,092704,5084,100
OTP,0,20101201,092704,5084,50
OTP,0,20101201,092704,5085,100
OTP,0,20101201,092704,5085,200
OTP,0,20101201,092704,5085,5000
OTP,0,20101201,092705,5085,20
OTP,0,20101201,092706,5085,50
OTP,0,20101201,092707,5085,196
MOL,0,20101201,092710,19000,120
MOL,0,20101201,092710,19000,500
BUX1012,0,20101201,092711,21000,2
MOL,0,20101201,092711,19000,500
MOL,0,20101201,092715,19000,380
OTP,0,20101201,092716,5082,20
KEG,0,20101201,092716,138,140
KEG,0,20101201,092716,138,775
KEG,0,20101201,092716,137,473
MOL,0,20101201,092718,19000,50
OTP,0,20101201,092718,5082,686
OTP,0,20101201,092718,5085,500
OTP,0,20101201,092718,5085,1000
OTP,0,20101201,092718,5087,50
OTP,0,20101201,092718,5087,4320
OTP,0,20101201,092718,5080,2000
OTP,0,20101201,092718,5080,100
BUX1012,0,20101201,092719,21001,1
OTP,0,20101201,092721,5087,1480
OTP,0,20101201,092721,5088,100
OTP,0,20101201,092721,5088,100
OTP,0,20101201,092721,5088,100
OTP,0,20101201,092721,5089,8220
OTP,0,20101201,092723,5080,897
OTP,0,20101201,092724,5080,103
OTP,0,20101201,092724,5089,1897
BUX1012,0,20101201,092729,21001,5
BUX1012,0,20101201,092731,21015,2
BUX1012,0,20101201,092731,21015,3
RABA,0,20101201,092732,805,125
OTP,0,20101201,092732,5088,365
PANNERGY,0,20101201,092733,841,3
RABA,0,20101201,092734,810,194
OTP,0,20101201,092735,5085,2000
FHB,0,20101201,092739,979,29
FHB,0,20101201,092739,980,47
FHB,0,20101201,092739,980,24
OTP,0,20101201,092739,5088,1500
MTELEKOM,0,20101201,092740,552,2000
BUX1012,0,20101201,092742,21005,5
MOL,0,20101201,092743,19000,10
OTP,0,20101201,092744,5080,220
OTP,0,20101201,092745,5080,915
BUX1012,0,20101201,092748,21005.5,5
BUX1012,0,20101201,092748,21005,2
OTP,0,20101201,092753,5082,100
OTP,0,20101201,092800,5082,31
OTP,0,20101201,092803,5082,19
OTP,0,20101201,092805,5080,200
OTP,0,20101201,092805,5082,181
OTP,0,20101201,092805,5085,459
OTP,0,20101201,092805,5085,1819
OTP,0,20101201,092806,5085,50
OTP,0,20101201,092806,5085,131
OTP,0,20101201,092806,5086,15
OTP,0,20101201,092806,5087,209
OTP,0,20101201,092807,5080,10
MTELEKOM,0,20101201,092808,553,21
MTELEKOM,0,20101201,092809,553,115
OTP,0,20101201,092816,5080,10
OTP,0,20101201,092816,5080,10
MTELEKOM,0,20101201,092819,554,629
MTELEKOM,0,20101201,092819,554,272
OTP,0,20101201,092822,5080,50
OTP,0,20101201,092825,5080,20
OTP,0,20101201,092825,5080,400
BUX1012,0,20101201,092832,21015,2
BUX1012,0,20101201,092832,21019,1
BUX1012,0,20101201,092833,21010,1
OTP,0,20101201,092840,5086,1000
OTP,0,20101201,092841,5085,30
MOL,0,20101201,092842,18990,4
OTP,0,20101201,092844,5086,4
OTP,0,20101201,092847,5087,51
OTP,0,20101201,092847,5087,200
OTP,0,20101201,092847,5087,49
OTP,0,20101201,092847,5087,451
OTP,0,20101201,092847,5087,50
OTP,0,20101201,092847,5088,250
OTP,0,20101201,092847,5088,1249
OTP,0,20101201,092849,5086,100
OTP,0,20101201,092850,5086,6
OTP,0,20101201,092852,5088,5
OTP,0,20101201,092858,5085,414
OTP,0,20101201,092858,5080,120
OTP,0,20101201,092858,5080,30
OTP,0,20101201,092858,5080,50
BUX1012,0,20101201,092858,21019,2
BUX1012,0,20101201,092900,21019,3
BUX1012,0,20101201,092906,21029,1
BUX1012,0,20101201,092906,21030,5
BUX1012,0,20101201,092906,21032,9
BUX1012,0,20101201,092906,21032,1
BUX1012,0,20101201,092906,21033,12
OTP,0,20101201,092907,5085,86
OTP,0,20101201,092907,5085,64
OTP,0,20101201,092910,5085,200
RABA,0,20101201,092910,811,100
RABA,0,20101201,092910,812,100
OTP,0,20101201,092912,5080,1450
OTP,0,20101201,092912,5080,200
OTP,0,20101201,092912,5080,350
BUX1012,0,20101201,092913,21030,49
BUX1012,0,20101201,092913,21020,7
BUX1012,0,20101201,092913,21005,18
BUX1012,0,20101201,092913,21000,9
BUX1012,0,20101201,092913,21000,30
BUX1012,0,20101201,092913,21000,2
BUX1012,0,20101201,092917,21000,5
OTP,0,20101201,092917,5080,200
BUX1012,0,20101201,092918,21000,5
BUX1012,0,20101201,092921,21000,75
OTP,0,20101201,092922,5080,540
OTP,0,20101201,092922,5080,460
OTP,0,20101201,092922,5080,300
OTP,0,20101201,092922,5080,50
BUX1012,0,20101201,092930,21000,25
BUX1012,0,20101201,092931,21000,4
OTP,0,20101201,092931,5080,20
BUX1012,0,20101201,092933,21000,171
BUX1012,0,20101201,092933,21000,100
MOL,0,20101201,092934,18990,13
MOL,0,20101201,092934,18990,22
EGIS,0,20101201,092935,19095,18
EGIS,0,20101201,092935,19095,6
OTP,0,20101201,092936,5081,30
OTP,0,20101201,092936,5080,20
BUX1012,0,20101201,092936,20980.5,1
BUX1012,0,20101201,092936,20980,2
OTP,0,20101201,092940,5080,150
OTP,0,20101201,092940,5080,50
ORC,0,20101201,092940,2050,8
MTELEKOM,0,20101201,092941,554,100
BUX1012,0,20101201,092943,20980.5,1
OTP,0,20101201,092944,5080,1950
OTP,0,20101201,092944,5080,1050
MOL,0,20101201,092944,18930,5
OTP,0,20101201,092948,5080,250
MOL,0,20101201,092949,18990,28
MOL,0,20101201,092949,18995,50
MOL,0,20101201,092949,18995,22
OTP,0,20101201,092951,5080,200
OTP,0,20101201,092951,5080,200
OTP,0,20101201,092951,5076,20
OTP,0,20101201,092951,5076,20
OTP,0,20101201,092955,5076,500
OTP,0,20101201,092957,5076,200
OTP,0,20101201,093001,5076,15
OTP,0,20101201,093004,5080,1000
MOL,0,20101201,093005,18950,10
MOL,0,20101201,093005,18995,5
BUX1012,0,20101201,093007,20999,5
BUX1012,0,20101201,093007,21000,95
BUX1012,0,20101201,093007,21000,5
OTP,0,20101201,093014,5080,600
OTP,0,20101201,093014,5080,100
RICHTER,0,20101201,093015,43670,2
OTP,0,20101201,093016,5076,20
BUX1012,0,20101201,093019,20981,1
OTP,0,20101201,093023,5076,100
MOL,0,20101201,093023,18930,15
MOL,0,20101201,093023,18925,10
MOL,0,20101201,093023,18920,50
MOL,0,20101201,093023,18920,270
OTP,0,20101201,093025,5080,90
OTP,0,20101201,093025,5080,100
OTP,0,20101201,093025,5080,100
OTP,0,20101201,093025,5080,50
OTP,0,20101201,093025,5080,660
MOL,0,20101201,093026,18920,100
OTP,0,20101201,093028,5080,340
RICHTER,0,20101201,093028,43600,108
RICHTER,0,20101201,093031,43600,10
OTP,0,20101201,093033,5077,20
OTP,0,20101201,093033,5076,125
RICHTER,0,20101201,093034,43600,66
RICHTER,0,20101201,093034,43600,30
BOOK,0,20101201,093036,480,73
RICHTER,0,20101201,093037,43600,12
RICHTER,0,20101201,093037,43600,96
RICHTER,0,20101201,093037,43600,50
EGIS,0,20101201,093037,19015,3
OTP,0,20101201,093039,5075,1398
BUX1012,0,20101201,093044,20981,4
MTELEKOM,0,20101201,093044,553,200
MTELEKOM,0,20101201,093044,553,1500
OTP,0,20101201,093045,5076,10
OTP,0,20101201,093046,5076,40
MTELEKOM,0,20101201,093047,553,840
OTP,0,20101201,093049,5076,5
OTP,0,20101201,093049,5079,30
OTP,0,20101201,093049,5080,965
BUX1012,0,20101201,093050,20980,1
OTP,0,20101201,093054,5075,52
OTP,0,20101201,093054,5075,785
OTP,0,20101201,093055,5075,561
OTP,0,20101201,093055,5080,35
OTP,0,20101201,093055,5080,1773
OTP,0,20101201,093055,5080,139
RICHTER,0,20101201,093056,43600,2
RICHTER,0,20101201,093102,43670,1
RICHTER,0,20101201,093102,43690,50
RICHTER,0,20101201,093102,43695,108
RICHTER,0,20101201,093102,43695,108
RICHTER,0,20101201,093102,43700,5
RICHTER,0,20101201,093104,43700,25
BUX1012,0,20101201,093105,20980,2
OTP,0,20101201,093112,5070,1000
OTP,0,20101201,093112,5070,398
OTP,0,20101201,093113,5070,1000
MTELEKOM,0,20101201,093113,552,1000
MTELEKOM,0,20101201,093115,553,2629
MTELEKOM,0,20101201,093115,553,5169
MOL,0,20101201,093117,18950,100
MTELEKOM,0,20101201,093117,553,2202
MTELEKOM,0,20101201,093117,552,2000
MTELEKOM,0,20101201,093117,552,24
MTELEKOM,0,20101201,093117,552,300
MTELEKOM,0,20101201,093117,552,643
OTP,0,20101201,093124,5070,102
OTP,0,20101201,093129,5070,1154
OTP,0,20101201,093129,5070,5
OTP,0,20101201,093130,5070,86
MOL,0,20101201,093130,18930,15
MOL,0,20101201,093130,18920,3
OTP,0,20101201,093133,5064,330
OTP,0,20101201,093133,5063,200
RICHTER,0,20101201,093136,43700,3
BUX1012,0,20101201,093136,20980,1
OTP,0,20101201,093141,5063,150
OTP,0,20101201,093141,5062,32
BUX1012,0,20101201,093142,20980,2
BUX1012,0,20101201,093142,20976,3
MOL,0,20101201,093143,18920,77
MOL,0,20101201,093143,18910,10
MOL,0,20101201,093143,18900,100
MOL,0,20101201,093143,18900,50
MOL,0,20101201,093143,18860,40
MOL,0,20101201,093143,18860,200
MOL,0,20101201,093143,18855,60
OTP,0,20101201,093143,5062,20
OTP,0,20101201,093144,5063,100
MOL,0,20101201,093146,18900,108
OTP,0,20101201,093147,5063,220
OTP,0,20101201,093148,5065,780
MOL,0,20101201,093150,18950,100
BUX1012,0,20101201,093150,20970,1
MOL,0,20101201,093150,18920,15
MOL,0,20101201,093151,18920,327
MTELEKOM,0,20101201,093151,552,270
MOL,0,20101201,093152,18990,3000
PHYLAXIA,0,20101201,093152,45,120
PHYLAXIA,0,20101201,093152,45,600
PHYLAXIA,0,20101201,093152,45,10
PHYLAXIA,0,20101201,093152,45,150
PHYLAXIA,0,20101201,093152,45,1500
PHYLAXIA,0,20101201,093152,45,1800
OTP,0,20101201,093153,5065,220
MOL,0,20101201,093156,18900,18
BUX1012,0,20101201,093159,20970,3
MOL,0,20101201,093200,18920,10
BUX1012,0,20101201,093207,20966,1
OTP,0,20101201,093208,5069,780
MOL,0,20101201,093208,18920,72
MOL,0,20101201,093208,18900,173
OTP,0,20101201,093211,5069,532
OTP,0,20101201,093211,5070,200
OTP,0,20101201,093216,5070,50
OTP,0,20101201,093218,5070,218
OTP,0,20101201,093218,5070,1782
MTELEKOM,0,20101201,093224,553,1500
MTELEKOM,0,20101201,093224,553,5169
MTELEKOM,0,20101201,093224,553,70
MTELEKOM,0,20101201,093224,553,37
OTP,0,20101201,093227,5070,100
BUX1012,0,20101201,093233,20961,1
BUX1012,0,20101201,093233,20960,1
BUX1012,0,20101201,093233,20955,18
BUX1012,0,20101201,093233,20955,1
BUX1012,0,20101201,093241,20961,1
MTELEKOM,0,20101201,093244,553,1500
OTP,0,20101201,093245,5074,5
OTP,0,20101201,093248,5074,395
OTP,0,20101201,093248,5075,50
OTP,0,20101201,093248,5075,250
OTP,0,20101201,093248,5077,100
OTP,0,20101201,093248,5077,561
OTP,0,20101201,093248,5077,100
OTP,0,20101201,093248,5077,544
MTELEKOM,0,20101201,093255,553,1500
BUX1012,0,20101201,093256,20970,1
EGIS,0,20101201,093258,19015,7
OTP,0,20101201,093305,5075,200
OTP,0,20101201,093305,5071,44
MTELEKOM,0,20101201,093308,554,21
OTP,0,20101201,093308,5071,20
MTELEKOM,0,20101201,093309,554,1015
RICHTER,0,20101201,093313,43690,100
RICHTER,0,20101201,093313,43695,100
BUX1012,0,20101201,093314,20970,28
MTELEKOM,0,20101201,093315,553,1000
OTP,0,20101201,093315,5071,136
OTP,0,20101201,093315,5070,118
OTP,0,20101201,093315,5070,146
OTP,0,20101201,093329,5070,760
OTP,0,20101201,093329,5075,1000
OTP,0,20101201,093332,5070,50
OTP,0,20101201,093333,5070,544
OTP,0,20101201,093333,5070,986
MOL,0,20101201,093336,18950,10
EGIS,0,20101201,093338,19100,100
MTELEKOM,0,20101201,093341,554,50
BUX1012,0,20101201,093342,20960,2
BUX1012,0,20101201,093342,20970,3
BUX1012,0,20101201,093345,20952,1
OTP,0,20101201,093350,5075,14
OTP,0,20101201,093352,5070,20
KEG,0,20101201,093356,140,1984
KEG,0,20101201,093356,140,216
KEG,0,20101201,093407,138,600
KEG,0,20101201,093407,138,2453
BUX1012,0,20101201,093408,20975,2
MOL,0,20101201,093409,18980,20
OTP,0,20101201,093412,5072,195
OTP,0,20101201,093414,5070,100
OTP,0,20101201,093416,5070,1033
EGIS,0,20101201,093416,19100,100
BUX1012,0,20101201,093417,20952,10
OTP,0,20101201,093418,5072,729
OTP,0,20101201,093421,5070,47
KEG,0,20101201,093423,140,404
KEG,0,20101201,093423,140,2000
OTP,0,20101201,093424,5067,114
OTP,0,20101201,093424,5065,500
OTP,0,20101201,093427,5065,80
OTP,0,20101201,093429,5070,1953
OTP,0,20101201,093432,5070,100
MOL,0,20101201,093434,18985,110
OTP,0,20101201,093435,5070,523
BUX1012,0,20101201,093436,20975,4
BUX1012,0,20101201,093436,20975,5
BUX1012,0,20101201,093436,20976,10
BUX1012,0,20101201,093436,20976,20
BUX1012,0,20101201,093436,20976,1
OTP,0,20101201,093439,5070,43
MOL,0,20101201,093445,18980,30
OTP,0,20101201,093446,5070,83
OTP,0,20101201,093448,5070,4
OTP,0,20101201,093448,5072,76
OTP,0,20101201,093448,5075,184
OTP,0,20101201,093448,5075,20
OTP,0,20101201,093448,5075,40
OTP,0,20101201,093448,5075,20
OTP,0,20101201,093448,5075,15
OTP,0,20101201,093448,5075,350
OTP,0,20101201,093448,5075,20
OTP,0,20101201,093450,5075,200
OTP,0,20101201,093452,5076,48
OTP,0,20101201,093452,5076,24
OTP,0,20101201,093452,5076,20
OTP,0,20101201,093452,5076,50
OTP,0,20101201,093452,5076,80
OTP,0,20101201,093452,5076,100
OTP,0,20101201,093452,5076,180
OTP,0,20101201,093452,5077,456
OTP,0,20101201,093452,5077,100
OTP,0,20101201,093452,5077,5000
OTP,0,20101201,093455,5075,10
OTP,0,20101201,093456,5078,2000
OTP,0,20101201,093500,5079,500
OTP,0,20101201,093500,5080,500
OTP,0,20101201,093500,5080,49
OTP,0,20101201,093501,5080,15
OTP,0,20101201,093505,5080,200
OTP,0,20101201,093506,5081,50
OTP,0,20101201,093506,5082,15
OTP,0,20101201,093506,5082,85
OTP,0,20101201,093506,5082,1000
OTP,0,20101201,093506,5082,1000
OTP,0,20101201,093506,5082,7000
OTP,0,20101201,093508,5082,65
OTP,0,20101201,093508,5080,35
FHB,0,20101201,093510,980,34
OTP,0,20101201,093513,5081,1000
OTP,0,20101201,093513,5083,40
OTP,0,20101201,093513,5084,400
OTP,0,20101201,093513,5085,200
OTP,0,20101201,093513,5085,50
OTP,0,20101201,093513,5085,310
OTP,0,20101201,093514,5080,400
OTP,0,20101201,093515,5085,190
OTP,0,20101201,093515,5085,10
OTP,0,20101201,093515,5085,25
BUX1012,0,20101201,093517,20989,10
BUX1012,0,20101201,093517,20994,11
BUX1012,0,20101201,093517,20996,10
BUX1012,0,20101201,093517,20997,1
BUX1012,0,20101201,093517,20997,20
BUX1012,0,20101201,093517,20998,2
BUX1012,0,20101201,093517,20998,2
BUX1012,0,20101201,093517,20998,5
BUX1012,0,20101201,093517,20998,2
BUX1012,0,20101201,093517,20999,25
BUX1012,0,20101201,093517,21000,100
BUX1012,0,20101201,093517,21000,1
BUX1012,0,20101201,093517,21000,20
BUX1012,0,20101201,093517,21000,1
OTP,0,20101201,093518,5085,1750
BUX1012,0,20101201,093520,21000,5
OTP,0,20101201,093522,5086,300
OTP,0,20101201,093522,5086,25
OTP,0,20101201,093522,5086,20
OTP,0,20101201,093522,5087,974
OTP,0,20101201,093522,5087,1000
OTP,0,20101201,093522,5088,681
OTP,0,20101201,093525,5085,25
MTELEKOM,0,20101201,093526,554,200
MTELEKOM,0,20101201,093527,553,360
MTELEKOM,0,20101201,093527,552,87
MTELEKOM,0,20101201,093527,552,1053
MOL,0,20101201,093529,18985,30
BUX1012,0,20101201,093533,21000,1
BUX1012,0,20101201,093536,21000,5
BUX1012,0,20101201,093537,21000,20
OTP,0,20101201,093537,5080,75
OTP,0,20101201,093539,5080,500
BUX1012,0,20101201,093540,21000,9
OTP,0,20101201,093540,5080,100
OTP,0,20101201,093541,5080,675
OTP,0,20101201,093541,5080,110
OTP,0,20101201,093543,5080,215
OTP,0,20101201,093547,5080,1398
RABA,0,20101201,093551,814,100
RABA,0,20101201,093551,815,10
RABA,0,20101201,093551,815,27
RABA,0,20101201,093551,815,600
RABA,0,20101201,093551,815,930
OTP,0,20101201,093553,5080,150
BUX1012,0,20101201,093554,21024,5
OTP,0,20101201,093556,5084,388
OTP,0,20101201,093557,5080,65
OTP,0,20101201,093604,5083,250
OTP,0,20101201,093604,5083,550
OTP,0,20101201,093605,5080,100
OTP,0,20101201,093606,5080,72
OTP,0,20101201,093606,5080,128
BUX1012,0,20101201,093608,21010,5
BUX1012,0,20101201,093608,21000,5
OTP,0,20101201,093609,5080,100
OTP,0,20101201,093609,5080,1000
OTP,0,20101201,093610,5080,170
OTP,0,20101201,093613,5080,487
OTP,0,20101201,093613,5080,513
OTP,0,20101201,093614,5080,109
OTP,0,20101201,093617,5080,200
MTELEKOM,0,20101201,093617,553,5169
MOL,0,20101201,093619,18985,21
OTP,0,20101201,093621,5080,178
OTP,0,20101201,093621,5080,22
RFV,0,20101201,093621,7699,12
RFV,0,20101201,093621,7700,15
RFV,0,20101201,093621,7800,23
OTP,0,20101201,093624,5080,100
OTP,0,20101201,093626,5083,60
BUX1012,0,20101201,093631,21000,1
OTP,0,20101201,093638,5080,50
OTP,0,20101201,093639,5080,20
MTELEKOM,0,20101201,093640,553,165
MOL,0,20101201,093642,18985,50
OTP,0,20101201,093643,5080,35
MTELEKOM,0,20101201,093643,553,5004
OTP,0,20101201,093645,5080,773
TVK,0,20101201,093648,3430,80
TVK,0,20101201,093648,3425,80
OTP,0,20101201,093649,5080,27
OTP,0,20101201,093649,5080,50
OTP,0,20101201,093649,5082,20
OTP,0,20101201,093651,5080,50
RICHTER,0,20101201,093654,43690,50
EGIS,0,20101201,093655,19100,9
MTELEKOM,0,20101201,093658,553,165
MTELEKOM,0,20101201,093658,552,335
OTP,0,20101201,093659,5080,100
BUX1012,0,20101201,093659,21000,1
OTP,0,20101201,093701,5080,1773
PANNERGY,0,20101201,093702,842,65
BUX1012,0,20101201,093707,21000,3
BUX1012,0,20101201,093707,21000,1
MOL,0,20101201,093711,18985,49
BUX1012,0,20101201,093716,21000,2
OTP,0,20101201,093718,5078,27
OTP,0,20101201,093718,5078,73
BUX1012,0,20101201,093718,21000,7
BUX1012,0,20101201,093718,21000,3
GENESIS,0,20101201,093720,261,300
OTP,0,20101201,093724,5078,50
OTP,0,20101201,093725,5078,134
OTP,0,20101201,093725,5075,66
MOL,0,20101201,093729,18970,89
MOL,0,20101201,093730,18985,23
BUX1012,0,20101201,093730,21000,1
BUX1012,0,20101201,093731,21000,1
OTP,0,20101201,093732,5075,1000
OTP,0,20101201,093735,5075,370
OTP,0,20101201,093735,5075,50
RABA,0,20101201,093737,815,250
OTP,0,20101201,093739,5075,600
BUX1012,0,20101201,093744,21000,1
OTP,0,20101201,093748,5075,10
OTP,0,20101201,093757,5070,500
OTP,0,20101201,093758,5063,150
OTP,0,20101201,093759,5075,160
OTP,0,20101201,093759,5078,40
BUX1012,0,20101201,093801,21020,10
BUX1012,0,20101201,093801,21020,2
BUX1012,0,20101201,093801,21022,4
BUX1012,0,20101201,093801,21025,2
BUX1012,0,20101201,093801,21029,15
BUX1012,0,20101201,093801,21030,25
BUX1012,0,20101201,093801,21030.5,3
BUX1012,0,20101201,093801,21033,88
BUX1012,0,20101201,093801,21035,51
MTELEKOM,0,20101201,093802,554,3342
MTELEKOM,0,20101201,093802,554,500
MTELEKOM,0,20101201,093802,554,500
MTELEKOM,0,20101201,093802,554,20
MTELEKOM,0,20101201,093802,554,1500
MTELEKOM,0,20101201,093802,554,5138
OTP,0,20101201,093805,5078,10
OTP,0,20101201,093805,5078,490
OTP,0,20101201,093805,5079,170
OTP,0,20101201,093805,5079,100
OTP,0,20101201,093805,5079,400
OTP,0,20101201,093805,5080,227
OTP,0,20101201,093805,5080,603
MTELEKOM,0,20101201,093808,554,22
MOL,0,20101201,093809,18980,10
MOL,0,20101201,093809,18985,6
MTELEKOM,0,20101201,093809,554,9
MTELEKOM,0,20101201,093809,554,80
MOL,0,20101201,093810,18985,3
BUX1012,0,20101201,093813,21001,1
BOOK,0,20101201,093814,485,100
MTELEKOM,0,20101201,093816,555,926
BUX1012,0,20101201,093818,21001,14
BUX1012,0,20101201,093818,21001,1
BUX1012,0,20101201,093819,21001,1
RICHTER,0,20101201,093820,43695,8
RICHTER,0,20101201,093820,43695,108
RICHTER,0,20101201,093820,43695,29
OTP,0,20101201,093822,5075,112
MOL,0,20101201,093829,18980,150
OTP,0,20101201,093830,5077,29
OTP,0,20101201,093830,5079,1010
OTP,0,20101201,093830,5080,397
OTP,0,20101201,093830,5080,20
OTP,0,20101201,093830,5080,100
OTP,0,20101201,093830,5080,90
OTP,0,20101201,093830,5080,250
OTP,0,20101201,093830,5080,139
OTP,0,20101201,093830,5080,400
BUX1012,0,20101201,093835,21001.5,1
BUX1012,0,20101201,093835,21001,12
BUX1012,0,20101201,093835,21000,7
OTP,0,20101201,093840,5080,250
OTP,0,20101201,093840,5080,700
OTP,0,20101201,093840,5081,500
OTP,0,20101201,093840,5082,10
OTP,0,20101201,093840,5083,1340
OTP,0,20101201,093840,5083,500
OTP,0,20101201,093840,5083,200
OTP,0,20101201,093840,5084,50
OTP,0,20101201,093840,5084,13
OTP,0,20101201,093840,5085,237
BUX1012,0,20101201,093852,21001,1
OTP,0,20101201,093852,5085,405
MTELEKOM,0,20101201,093854,553,300
MTELEKOM,0,20101201,093854,553,1500
OTP,0,20101201,093855,5080,10
BUX1012,0,20101201,093856,21029.5,1
BUX1012,0,20101201,093856,21030,20
BUX1012,0,20101201,093856,21030,20
BUX1012,0,20101201,093856,21030,9
PANNERGY,0,20101201,093857,850,126
PANNERGY,0,20101201,093857,850,31
MOL,0,20101201,093857,18980,72
MOL,0,20101201,093857,18985,53
MOL,0,20101201,093857,18985,345
MOL,0,20101201,093857,18995,500
MOL,0,20101201,093857,18995,50
MOL,0,20101201,093857,19000,60
MOL,0,20101201,093857,19000,500
MOL,0,20101201,093857,19000,59
MOL,0,20101201,093857,19000,361
BUX1012,0,20101201,093857,21010,1
OTP,0,20101201,093859,5085,333
OTP,0,20101201,093859,5085,100
OTP,0,20101201,093859,5085,1000
OTP,0,20101201,093859,5085,67
MTELEKOM,0,20101201,093901,555,6997
MTELEKOM,0,20101201,093901,555,1500
MTELEKOM,0,20101201,093901,555,10000
MTELEKOM,0,20101201,093901,555,350
MTELEKOM,0,20101201,093901,555,412
MTELEKOM,0,20101201,093901,555,2000
OTP,0,20101201,093902,5085,1000
OTP,0,20101201,093902,5080,500
BUX1012,0,20101201,093903,21034,25
BUX1012,0,20101201,093906,21035,49
OTP,0,20101201,093907,5085,500
OTP,0,20101201,093907,5085,433
OTP,0,20101201,093907,5085,10
OTP,0,20101201,093915,5085,76
OTP,0,20101201,093920,5085,250
MOL,0,20101201,093924,19000,250
OTP,0,20101201,093925,5085,700
OTP,0,20101201,093929,5085,31
BUX1012,0,20101201,093932,21020,1
OTP,0,20101201,093941,5085,40
OTP,0,20101201,093941,5085,58
MOL,0,20101201,093943,19000,189
MOL,0,20101201,093943,19000,730
MOL,0,20101201,093943,19000,40
OTP,0,20101201,093944,5085,22
OTP,0,20101201,093944,5085,100
OTP,0,20101201,093945,5086,100
OTP,0,20101201,093949,5085,1500
OTP,0,20101201,093954,5085,250
BUX1012,0,20101201,093956,21036,2
OTP,0,20101201,093956,5085,128
OTP,0,20101201,093956,5085,22
KEG,0,20101201,094005,139,2000
KEG,0,20101201,094005,139,596
KEG,0,20101201,094005,139,150
KEG,0,20101201,094005,138,10547
KEG,0,20101201,094005,138,500
KEG,0,20101201,094005,137,1207
OTP,0,20101201,094005,5085,300
OTP,0,20101201,094007,5086,22
OTP,0,20101201,094007,5087,10
OTP,0,20101201,094007,5087,1000
OTP,0,20101201,094007,5087,15
OTP,0,20101201,094007,5087,50
OTP,0,20101201,094007,5088,2065
OTP,0,20101201,094007,5088,90
OTP,0,20101201,094007,5088,248
OTP,0,20101201,094013,5085,278
BUX1012,0,20101201,094014,21036,1
BUX1012,0,20101201,094014,21037,1
BUX1012,0,20101201,094014,21038,2
BUX1012,0,20101201,094014,21040,2
BUX1012,0,20101201,094014,21041,2
BUX1012,0,20101201,094014,21045,1
BUX1012,0,20101201,094014,21045,1
BUX1012,0,20101201,094014,21045,2
BUX1012,0,20101201,094014,21048,3
BUX1012,0,20101201,094014,21048,15
BUX1012,0,20101201,094014,21049,20
BUX1012,0,20101201,094014,21035,1
BUX1012,0,20101201,094014,21035,1
OTP,0,20101201,094014,5085,110
OTP,0,20101201,094014,5088,390
OTP,0,20101201,094018,5088,362
OTP,0,20101201,094019,5088,38
OTP,0,20101201,094020,5085,212
OTP,0,20101201,094024,5085,170
OTP,0,20101201,094029,5088,100
OTP,0,20101201,094029,5089,1883
OTP,0,20101201,094029,5089,50
OTP,0,20101201,094029,5089,8
OTP,0,20101201,094029,5089,300
OTP,0,20101201,094029,5090,13
OTP,0,20101201,094029,5090,146
OTP,0,20101201,094031,5090,254
OTP,0,20101201,094031,5090,20
OTP,0,20101201,094031,5090,495
OTP,0,20101201,094031,5090,100
OTP,0,20101201,094031,5090,400
OTP,0,20101201,094031,5090,100
OTP,0,20101201,094031,5090,20
OTP,0,20101201,094031,5090,200
OTP,0,20101201,094031,5090,20
OTP,0,20101201,094031,5090,20
OTP,0,20101201,094031,5090,20
OTP,0,20101201,094031,5090,351
OTP,0,20101201,094032,5085,1000
BUX1012,0,20101201,094032,21036,2
MTELEKOM,0,20101201,094033,555,90
OTP,0,20101201,094033,5090,249
OTP,0,20101201,094033,5090,1751
OTP,0,20101201,094033,5090,1249
OTP,0,20101201,094033,5090,751
OTP,0,20101201,094033,5090,249
OTP,0,20101201,094033,5090,500
OTP,0,20101201,094034,5090,190
OTP,0,20101201,094035,5091,60
OTP,0,20101201,094035,5090,100
OTP,0,20101201,094035,5090,200
OTP,0,20101201,094037,5090,69
OTP,0,20101201,094040,5090,10
OTP,0,20101201,094046,5090,682
OTP,0,20101201,094046,5090,1318
OTP,0,20101201,094047,5091,2
OTP,0,20101201,094047,5091,98
FHB,0,20101201,094047,980,1
FHB,0,20101201,094047,980,19
OTP,0,20101201,094054,5090,10
OTP,0,20101201,094059,5091,200
OTP,0,20101201,094100,5091,100
BUX1012,0,20101201,094101,21048,1
BUX1012,0,20101201,094101,21049,7
OTP,0,20101201,094103,5090,672
OTP,0,20101201,094103,5090,2508
OTP,0,20101201,094104,5090,492
OTP,0,20101201,094104,5086,258
BUX1012,0,20101201,094104,21040,1
OTP,0,20101201,094106,5091,102
OTP,0,20101201,094106,5094,14
OTP,0,20101201,094106,5094,25
OTP,0,20101201,094106,5094,205
OTP,0,20101201,094106,5094,50
OTP,0,20101201,094106,5094,100
OTP,0,20101201,094106,5094,200
OTP,0,20101201,094106,5095,5
OTP,0,20101201,094106,5095,80
OTP,0,20101201,094106,5095,200
OTP,0,20101201,094106,5095,500
OTP,0,20101201,094106,5095,2000
OTP,0,20101201,094106,5095,665
OTP,0,20101201,094106,5095,2000
OTP,0,20101201,094106,5095,500
OTP,0,20101201,094106,5095,50
OTP,0,20101201,094106,5096,100
OTP,0,20101201,094106,5096,16
OTP,0,20101201,094106,5096,1000
OTP,0,20101201,094106,5097,50
OTP,0,20101201,094106,5097,300
OTP,0,20101201,094106,5097,105
OTP,0,20101201,094106,5097,26
OTP,0,20101201,094106,5098,50
OTP,0,20101201,094106,5098,100
OTP,0,20101201,094106,5098,2000
OTP,0,20101201,094106,5099,85
OTP,0,20101201,094106,5099,40
OTP,0,20101201,094106,5099,400
OTP,0,20101201,094106,5099,100
OTP,0,20101201,094106,5099,5000
OTP,0,20101201,094106,5099,20
OTP,0,20101201,094106,5099,170
OTP,0,20101201,094106,5099,1000
OTP,0,20101201,094106,5099,12
OTP,0,20101201,094106,5099,20
OTP,0,20101201,094106,5099,100
OTP,0,20101201,094106,5100,660
OTP,0,20101201,094106,5100,312
OTP,0,20101201,094106,5100,10
OTP,0,20101201,094106,5100,35
OTP,0,20101201,094106,5100,40
OTP,0,20101201,094106,5100,12
OTP,0,20101201,094106,5100,20
OTP,0,20101201,094106,5100,20
OTP,0,20101201,094106,5100,500
OTP,0,20101201,094106,5100,12
OTP,0,20101201,094106,5100,102
OTP,0,20101201,094106,5100,46
OTP,0,20101201,094106,5100,100
OTP,0,20101201,094106,5100,200
OTP,0,20101201,094106,5100,153
OTP,0,20101201,094106,5100,20
OTP,0,20101201,094106,5100,12
OTP,0,20101201,094106,5100,20
OTP,0,20101201,094106,5100,124
OTP,0,20101201,094108,5100,176
OTP,0,20101201,094108,5100,50
OTP,0,20101201,094108,5100,25
OTP,0,20101201,094108,5100,50
OTP,0,20101201,094108,5100,300
OTP,0,20101201,094108,5100,20
OTP,0,20101201,094108,5100,1000
OTP,0,20101201,094108,5100,30
OTP,0,20101201,094108,5100,1000
OTP,0,20101201,094108,5100,1000
OTP,0,20101201,094108,5100,60
OTP,0,20101201,094108,5100,2
OTP,0,20101201,094108,5100,30
OTP,0,20101201,094108,5100,500
OTP,0,20101201,094108,5100,200
OTP,0,20101201,094108,5100,50
OTP,0,20101201,094108,5100,100
OTP,0,20101201,094108,5100,100
OTP,0,20101201,094108,5100,2000
OTP,0,20101201,094108,5100,3000
OTP,0,20101201,094108,5100,200
OTP,0,20101201,094108,5100,100
OTP,0,20101201,094108,5100,7
OTP,0,20101201,094108,5100,93
OTP,0,20101201,094108,5100,7
BUX1012,0,20101201,094111,21049,5
OTP,0,20101201,094112,5100,993
OTP,0,20101201,094112,5100,2000
OTP,0,20101201,094112,5100,50
OTP,0,20101201,094112,5100,400
OTP,0,20101201,094112,5100,1000
OTP,0,20101201,094112,5100,50
OTP,0,20101201,094112,5100,22
OTP,0,20101201,094112,5100,15
OTP,0,20101201,094112,5100,1000
OTP,0,20101201,094112,5100,1470
OTP,0,20101201,094115,5089,5
OTP,0,20101201,094115,5099,450
OTP,0,20101201,094115,5100,2045
BUX1012,0,20101201,094115,21049,13
BUX1012,0,20101201,094115,21049,4
OTP,0,20101201,094117,5087,310
OTP,0,20101201,094118,5100,1000
BUX1012,0,20101201,094127,21050,2
BUX1012,0,20101201,094127,21050,25
BUX1012,0,20101201,094127,21050,25
BUX1012,0,20101201,094127,21050,50
BUX1012,0,20101201,094127,21050,50
OTP,0,20101201,094128,5100,10
OTP,0,20101201,094129,5090,25
OTP,0,20101201,094129,5090,75
BUX1012,0,20101201,094133,21055,20
BUX1012,0,20101201,094133,21055,5
BUX1012,0,20101201,094133,21055,5
BUX1012,0,20101201,094133,21055,5
BUX1012,0,20101201,094133,21060,2
BUX1012,0,20101201,094133,21060,10
BUX1012,0,20101201,094133,21069,1
BUX1012,0,20101201,094133,21070,2
BUX1012,0,20101201,094133,21061,1
OTP,0,20101201,094134,5099,20
OTP,0,20101201,094135,5090,425
OTP,0,20101201,094135,5090,200
BUX1012,0,20101201,094137,21050,1
OTP,0,20101201,094141,5089,100
OTP,0,20101201,094143,5089,673
OTP,0,20101201,094143,5090,1697
OTP,0,20101201,094146,5090,60
KEG,0,20101201,094148,137,320
KEG,0,20101201,094148,137,1000
KEG,0,20101201,094148,137,232
KEG,0,20101201,094148,137,1000
OTP,0,20101201,094153,5088,150
OTP,0,20101201,094153,5087,70
TVK,0,20101201,094153,3465,8
TVK,0,20101201,094153,3470,50
TVK,0,20101201,094153,3475,10
TVK,0,20101201,094153,3480,1
KEG,0,20101201,094155,137,448
MOL,0,20101201,094157,19050,345
MOL,0,20101201,094157,19050,345
OTP,0,20101201,094158,5087,1
OTP,0,20101201,094200,5086,50
OTP,0,20101201,094200,5087,179
OTP,0,20101201,094201,5090,1243
RFV,0,20101201,094202,7700,15
MOL,0,20101201,094205,19050,345
BUX1012,0,20101201,094207,21055,2
BUX1012,0,20101201,094207,21055,1
BUX1012,0,20101201,094207,21050,7
OTP,0,20101201,094207,5097,60
OTP,0,20101201,094207,5099,310
OTP,0,20101201,094207,5099,1500
OTP,0,20101201,094207,5099,70
OTP,0,20101201,094207,5099,500
OTP,0,20101201,094207,5099,1398
OTP,0,20101201,094207,5100,1162
RICHTER,0,20101201,094208,43650,20
OTP,0,20101201,094209,5100,580
OTP,0,20101201,094209,5090,180
OTP,0,20101201,094209,5087,1
OTP,0,20101201,094209,5086,69
MOL,0,20101201,094210,19050,50
OTP,0,20101201,094211,5100,3733
OTP,0,20101201,094211,5100,2267
OTP,0,20101201,094212,5098,50
OTP,0,20101201,094212,5100,150
BUX1012,0,20101201,094214,21050,1
MOL,0,20101201,094215,19055,34
RABA,0,20101201,094217,816,100
RABA,0,20101201,094217,817,100
RABA,0,20101201,094217,819,100
RABA,0,20101201,094217,819,200
RABA,0,20101201,094217,820,583
OTP,0,20101201,094218,5090,2000
OTP,0,20101201,094218,5099,500
OTP,0,20101201,094218,5100,583
OTP,0,20101201,094218,5100,150
OTP,0,20101201,094218,5100,600
OTP,0,20101201,094218,5100,150
OTP,0,20101201,094218,5100,885
OTP,0,20101201,094218,5100,132
BUX1012,0,20101201,094219,21050,2
MTELEKOM,0,20101201,094226,555,9910
MTELEKOM,0,20101201,094226,555,90
OTP,0,20101201,094226,5086,11
BUX1012,0,20101201,094228,21050,1
BUX1012,0,20101201,094231,21050,12
BUX1012,0,20101201,094231,21055,1
MTELEKOM,0,20101201,094232,555,1910
MTELEKOM,0,20101201,094232,555,3090
RABA,0,20101201,094233,820,1000
BUX1012,0,20101201,094234,21055,1
BUX1012,0,20101201,094234,21050,9
MTELEKOM,0,20101201,094235,554,9
MTELEKOM,0,20101201,094238,555,2079
OTP,0,20101201,094239,5098,100
BUX1012,0,20101201,094240,21050,2
RABA,0,20101201,094253,820,200
OTP,0,20101201,094257,5095,45
MOL,0,20101201,094258,19090,50
OTP,0,20101201,094301,5090,500
OTP,0,20101201,094307,5090,1000
MTELEKOM,0,20101201,094308,555,300
MTELEKOM,0,20101201,094309,555,21
MTELEKOM,0,20101201,094309,555,1016
OTP,0,20101201,094311,5090,3500
OTP,0,20101201,094311,5090,40
BUX1012,0,20101201,094312,21050,2
RICHTER,0,20101201,094313,43650,50
BUX1012,0,20101201,094315,21055,3
OTP,0,20101201,094330,5081,3000
OTP,0,20101201,094330,5081,500
OTP,0,20101201,094330,5081,20
OTP,0,20101201,094330,5081,30
OTP,0,20101201,094330,5080,1450
OTP,0,20101201,094330,5090,1000
RICHTER,0,20101201,094331,43610,29
RICHTER,0,20101201,094331,43600,30
RICHTER,0,20101201,094331,43600,100
MOL,0,20101201,094345,19050,10
MOL,0,20101201,094345,19050,345
BUX1012,0,20101201,094347,21050,9
BUX1012,0,20101201,094347,21050,10
BUX1012,0,20101201,094347,21050,4
BUX1012,0,20101201,094347,21050,2
BUX1012,0,20101201,094347,21050,13
BUX1012,0,20101201,094347,21050,3
RICHTER,0,20101201,094349,43595,100
RICHTER,0,20101201,094349,43595,70
RICHTER,0,20101201,094349,43600,241
RICHTER,0,20101201,094349,43600,2
BUX1012,0,20101201,094352,21035,3
BUX1012,0,20101201,094352,21035,1
RICHTER,0,20101201,094353,43600,87
OTP,0,20101201,094355,5080,185
MOL,0,20101201,094402,19050,35
KEG,0,20101201,094405,137,300
ECONET,0,20101201,094409,96,600
ECONET,0,20101201,094409,96,1100
ECONET,0,20101201,094409,96,400
ECONET,0,20101201,094409,96,1050
ECONET,0,20101201,094409,96,100
MOL,0,20101201,094410,19050,65
OTP,0,20101201,094410,5080,14
OTP,0,20101201,094418,5080,180
MOL,0,20101201,094421,19060,100
MTELEKOM,0,20101201,094424,555,1714
PANNERGY,0,20101201,094424,845,240
PANNERGY,0,20101201,094424,843,500
PANNERGY,0,20101201,094424,842,260
OTP,0,20101201,094431,5080,171
OTP,0,20101201,094431,5080,10
MOL,0,20101201,094433,19060,85
OTP,0,20101201,094434,5080,50
OTP,0,20101201,094436,5080,125
OTP,0,20101201,094437,5078,5
BUX1012,0,20101201,094439,21047.5,1
BUX1012,0,20101201,094439,21048,5
BUX1012,0,20101201,094439,21049,1
BUX1012,0,20101201,094439,21050,3
MTELEKOM,0,20101201,094443,555,3600
OTP,0,20101201,094447,5080,44
OTP,0,20101201,094447,5084,30
OTP,0,20101201,094447,5085,126
RFV,0,20101201,094454,7800,4
RFV,0,20101201,094454,7800,1
RABA,0,20101201,094456,815,124
FHB,0,20101201,094459,978,52
MTELEKOM,0,20101201,094459,555,50
OTP,0,20101201,094503,5079,4
MTELEKOM,0,20101201,094515,554,70
RICHTER,0,20101201,094517,43555,200
OTP,0,20101201,094525,5080,50
OTP,0,20101201,094525,5080,450
MTELEKOM,0,20101201,094528,554,4000
OTP,0,20101201,094528,5079,15
BUX1012,0,20101201,094529,21037,10
MOL,0,20101201,094534,19085,80
FHB,0,20101201,094538,978,191
FHB,0,20101201,094538,979,330
FHB,0,20101201,094538,980,40
FHB,0,20101201,094538,980,300
FHB,0,20101201,094538,981,99
PANNERGY,0,20101201,094543,842,95
OTP,0,20101201,094546,5080,12
OTP,0,20101201,094548,5079,81
BUX1012,0,20101201,094548,21025,1
BUX1012,0,20101201,094549,21021,5
OTP,0,20101201,094556,5071,100
EGIS,0,20101201,094559,19110,100
BUX1012,0,20101201,094605,21025,10
OTP,0,20101201,094629,5071,300
OTP,0,20101201,094639,5070,700
MTELEKOM,0,20101201,094640,554,1000
OTP,0,20101201,094707,5067,4
MOL,0,20101201,094711,19060,10
OTP,0,20101201,094712,5067,22
OTP,0,20101201,094712,5070,100
OTP,0,20101201,094712,5070,174
OTP,0,20101201,094715,5066,10
RABA,0,20101201,094720,815,1000
OTP,0,20101201,094722,5066,140
OTP,0,20101201,094722,5065,260
OTP,0,20101201,094722,5065,60
DANUBIUS,0,20101201,094724,3790,65
DANUBIUS,0,20101201,094724,3800,7
RICHTER,0,20101201,094729,43585,50
RICHTER,0,20101201,094729,43590,21
RICHTER,0,20101201,094729,43590,79
BUX1012,0,20101201,094752,21020,1
BUX1012,0,20101201,094752,21016.5,3
MOL,0,20101201,094754,19060,25
ZWACK,0,20101201,094758,15140,2
ZWACK,0,20101201,094758,15145,3
PHYLAXIA,0,20101201,094758,45,2500
BUX1012,0,20101201,094800,21005,1
MTELEKOM,0,20101201,094809,554,22
MTELEKOM,0,20101201,094809,554,1015
PANNERGY,0,20101201,094818,842,80
RICHTER,0,20101201,094821,43560,50
RICHTER,0,20101201,094821,43555,58
BUX1012,0,20101201,094826,21015,4
RICHTER,0,20101201,094828,43555,108
OTP,0,20101201,094828,5070,25
OTP,0,20101201,094828,5070,70
OTP,0,20101201,094833,5065,180
OTP,0,20101201,094833,5065,50
OTP,0,20101201,094833,5065,500
OTP,0,20101201,094833,5065,200
OTP,0,20101201,094833,5061,70
RICHTER,0,20101201,094835,43555,34
RICHTER,0,20101201,094835,43550,45
OTP,0,20101201,094841,5070,40
OTP,0,20101201,094841,5070,199
OTP,0,20101201,094841,5070,101
MTELEKOM,0,20101201,094841,554,1000
MOL,0,20101201,094843,19060,50
MOL,0,20101201,094843,19060,6
MTELEKOM,0,20101201,094845,553,5000
MTELEKOM,0,20101201,094845,553,500
MTELEKOM,0,20101201,094845,553,2799
RICHTER,0,20101201,094849,43565,29
RICHTER,0,20101201,094849,43555,21
MOL,0,20101201,094854,19070,2
OTP,0,20101201,094900,5065,100
OTP,0,20101201,094900,5061,130
OTP,0,20101201,094900,5061,100
OTP,0,20101201,094900,5060,20
OTP,0,20101201,094900,5060,500
OTP,0,20101201,094900,5060,60
OTP,0,20101201,094900,5060,90
OTP,0,20101201,094900,5060,40
OTP,0,20101201,094900,5060,370
MOL,0,20101201,094902,19060,5
MOL,0,20101201,094906,19060,2
OTP,0,20101201,094906,5060,630
OTP,0,20101201,094906,5060,1000
BUX1012,0,20101201,094907,21012,5
BUX1012,0,20101201,094907,21011.5,5
MOL,0,20101201,094907,19060,2
MOL,0,20101201,094907,19050,100
MOL,0,20101201,094907,19050,31
MTELEKOM,0,20101201,094921,553,201
MTELEKOM,0,20101201,094921,553,149
OTP,0,20101201,094926,5060,500
OTP,0,20101201,094941,5068,47
OTP,0,20101201,094941,5069,49
BUX1012,0,20101201,094950,21012,4
BUX1012,0,20101201,094950,21011,5
BUX1012,0,20101201,094950,21010,5
BUX1012,0,20101201,094950,21010,5
BUX1012,0,20101201,094950,21010,11
MTELEKOM,0,20101201,094951,554,100
EGIS,0,20101201,094955,19105,5
EGIS,0,20101201,094955,19100,26
EGIS,0,20101201,094955,19090,16
OTP,0,20101201,094955,5061,33
OTP,0,20101201,094955,5061,50
OTP,0,20101201,094955,5060,222
BUX1012,0,20101201,094955,21010,15
MOL,0,20101201,095000,19050,2
MOL,0,20101201,095000,19050,11
OTP,0,20101201,095001,5059,20
OTP,0,20101201,095001,5058,180
BUX1012,0,20101201,095012,21010,12
BUX1012,0,20101201,095013,21010,1
BUX1012,0,20101201,095013,21010,11
BUX1012,0,20101201,095013,21001,5
BUX1012,0,20101201,095013,21000.5,5
BUX1012,0,20101201,095013,21000,7
BUX1012,0,20101201,095013,21000,4
BUX1012,0,20101201,095013,21000,7
OTP,0,20101201,095020,5058,820
OTP,0,20101201,095020,5055,180
OTP,0,20101201,095020,5055,15
OTP,0,20101201,095020,5055,145
OTP,0,20101201,095020,5055,855
OTP,0,20101201,095020,5055,100
OTP,0,20101201,095020,5054,45
PHYLAXIA,0,20101201,095025,45,5720
RICHTER,0,20101201,095026,43555,50
MOL,0,20101201,095032,19020,25
BUX1012,0,20101201,095033,20980,3
BUX1012,0,20101201,095033,20980,7
OTP,0,20101201,095034,5054,155
OTP,0,20101201,095034,5054,8
OTP,0,20101201,095034,5053,2000
OTP,0,20101201,095034,5051,40
OTP,0,20101201,095034,5050,115
OTP,0,20101201,095034,5050,620
OTP,0,20101201,095034,5050,25
OTP,0,20101201,095034,5050,15
OTP,0,20101201,095034,5050,150
OTP,0,20101201,095034,5050,300
OTP,0,20101201,095034,5050,150
BUX1012,0,20101201,095035,20980,3
OTP,0,20101201,095036,5050,1000
OTP,0,20101201,095036,5050,1000
OTP,0,20101201,095036,5050,1000
OTP,0,20101201,095037,5050,740
OTP,0,20101201,095037,5050,260
OTP,0,20101201,095040,5059,60
OTP,0,20101201,095040,5059,100
OTP,0,20101201,095044,5060,1695
OTP,0,20101201,095044,5060,100
OTP,0,20101201,095044,5060,705
OTP,0,20101201,095049,5059,140
MTELEKOM,0,20101201,095050,554,3032
MTELEKOM,0,20101201,095050,554,5169
MTELEKOM,0,20101201,095050,554,1799
OTP,0,20101201,095057,5051,170
OTP,0,20101201,095059,5051,800
OTP,0,20101201,095059,5053,200
MTELEKOM,0,20101201,095100,554,201
MTELEKOM,0,20101201,095100,554,303
MTELEKOM,0,20101201,095120,554,75
OTP,0,20101201,095121,5055,250
OTP,0,20101201,095131,5055,100
RICHTER,0,20101201,095139,43555,29
RICHTER,0,20101201,095139,43550,21
OTP,0,20101201,095141,5055,10
RICHTER,0,20101201,095141,43585,50
BUX1012,0,20101201,095143,20985.5,1
OTP,0,20101201,095145,5054,10
BUX1012,0,20101201,095147,20985.5,1
BUX1012,0,20101201,095147,20985,1
OTP,0,20101201,095155,5055,10
OTP,0,20101201,095155,5058,23
OTP,0,20101201,095155,5058,77
OTP,0,20101201,095155,5059,49
OTP,0,20101201,095158,5059,10
KEG,0,20101201,095202,137,200
KEG,0,20101201,095202,137,52
KEG,0,20101201,095204,137,49748
MOL,0,20101201,095220,19020,6
MOL,0,20101201,095227,19020,50
PANNERGY,0,20101201,095233,841,463
PANNERGY,0,20101201,095233,840,372
PANNERGY,0,20101201,095233,840,1000
PANNERGY,0,20101201,095233,840,240
PANNERGY,0,20101201,095233,840,675
PANNERGY,0,20101201,095233,840,100
PANNERGY,0,20101201,095233,840,90
PANNERGY,0,20101201,095233,842,10
OTP,0,20101201,095239,5055,60
OTP,0,20101201,095239,5055,50
OTP,0,20101201,095239,5055,10
OTP,0,20101201,095242,5058,180
OTP,0,20101201,095247,5058,820
OTP,0,20101201,095247,5059,156
OTP,0,20101201,095249,5059,300
BUX1012,0,20101201,095255,20995,2
BUX1012,0,20101201,095255,20997,14
BUX1012,0,20101201,095255,20998.5,1
BUX1012,0,20101201,095255,20999,6
BUX1012,0,20101201,095255,21000,7
OTP,0,20101201,095256,5059,50
OTP,0,20101201,095257,5055,65
BUX1012,0,20101201,095259,20991,1
OTP,0,20101201,095301,5055,300
BUX1012,0,20101201,095302,21000,4
BUX1012,0,20101201,095302,21000,6
OTP,0,20101201,095303,5055,2000
OTP,0,20101201,095306,5055,50
MTELEKOM,0,20101201,095308,554,21
OTP,0,20101201,095308,5054,100
MTELEKOM,0,20101201,095309,554,101
MTELEKOM,0,20101201,095309,554,100
MTELEKOM,0,20101201,095309,554,500
MTELEKOM,0,20101201,095309,554,314
OTP,0,20101201,095310,5055,16
BUX1012,0,20101201,095310,21000,4
BUX1012,0,20101201,095310,21000,5
BUX1012,0,20101201,095310,21000,20
OTP,0,20101201,095310,5055,500
OTP,0,20101201,095311,5055,69
OTP,0,20101201,095311,5058,56
BUX1012,0,20101201,095318,21001.5,1
OTP,0,20101201,095325,5055,30
OTP,0,20101201,095329,5055,22
OTP,0,20101201,095329,5055,300
OTP,0,20101201,095329,5054,7
OTP,0,20101201,095329,5053,171
BUX1012,0,20101201,095330,21001.5,3
MOL,0,20101201,095333,19040,20
MOL,0,20101201,095333,19040,2
KEG,0,20101201,095334,138,1000
KEG,0,20101201,095334,137,252
KEG,0,20101201,095334,137,1000
KEG,0,20101201,095334,137,1000
KEG,0,20101201,095334,137,46748
MOL,0,20101201,095338,19020,19
MOL,0,20101201,095338,19020,21
OTP,0,20101201,095345,5055,1000
OTP,0,20101201,095345,5053,10
PANNERGY,0,20101201,095350,842,110
PANNERGY,0,20101201,095350,843,50
PANNERGY,0,20101201,095350,848,610
PANNERGY,0,20101201,095350,850,69
PANNERGY,0,20101201,095350,850,70
PANNERGY,0,20101201,095350,850,300
PANNERGY,0,20101201,095350,850,503
OTP,0,20101201,095357,5055,1500
PANNERGY,0,20101201,095357,850,500
OTP,0,20101201,095400,5055,100
OTP,0,20101201,095402,5053,10
OTP,0,20101201,095408,5055,224
OTP,0,20101201,095408,5058,944
OTP,0,20101201,095408,5059,1349
OTP,0,20101201,095408,5060,5
OTP,0,20101201,095408,5060,494
OTP,0,20101201,095417,5060,1492
PANNERGY,0,20101201,095417,850,288
OTP,0,20101201,095418,5060,150
RFV,0,20101201,095424,7795,7
RFV,0,20101201,095424,7800,3
EGIS,0,20101201,095424,19185,2
EGIS,0,20101201,095424,19185,32
EGIS,0,20101201,095424,19190,5
EGIS,0,20101201,095424,19195,5
EGIS,0,20101201,095424,19195,6
PANNERGY,0,20101201,095427,840,100
BUX1012,0,20101201,095430,21002,1
BUX1012,0,20101201,095430,21001,9
KEG,0,20101201,095437,138,3000
KEG,0,20101201,095437,138,1000
KEG,0,20101201,095437,138,46000
BUX1012,0,20101201,095442,21025,1
KEG,0,20101201,095443,139,2000
BUX1012,0,20101201,095445,21001,1
BUX1012,0,20101201,095445,21000.5,1
EGIS,0,20101201,095446,19195,3
KEG,0,20101201,095457,139,600
RICHTER,0,20101201,095505,43550,10
BUX1012,0,20101201,095507,21025,5
OTP,0,20101201,095515,5063,10
MTELEKOM,0,20101201,095522,554,686
MTELEKOM,0,20101201,095522,554,1114
PANNERGY,0,20101201,095542,840,300
BUX1012,0,20101201,095544,21029,1
RICHTER,0,20101201,095550,43590,21
RICHTER,0,20101201,095550,43600,500
FOTEX,0,20101201,095550,398,2
OTP,0,20101201,095554,5063,10
OTP,0,20101201,095601,5063,3
BUX1012,0,20101201,095601,21001,2
BUX1012,0,20101201,095616,21001,3
BUX1012,0,20101201,095616,21000.5,6
OTP,0,20101201,095620,5063,10
PANNERGY,0,20101201,095621,840,100
RICHTER,0,20101201,095624,43650,10
OTP,0,20101201,095626,5061,500
OTP,0,20101201,095626,5060,342
OTP,0,20101201,095626,5060,10
OTP,0,20101201,095626,5056,100
OTP,0,20101201,095626,5056,314
OTP,0,20101201,095626,5055,2030
OTP,0,20101201,095626,5055,300
OTP,0,20101201,095626,5054,45
OTP,0,20101201,095626,5054,100
OTP,0,20101201,095626,5053,5000
OTP,0,20101201,095626,5052,50
OTP,0,20101201,095626,5052,1209
BUX1012,0,20101201,095631,21029,2
OTP,0,20101201,095640,5065,10
RICHTER,0,20101201,095642,43650,90
BUX1012,0,20101201,095644,21000.5,1
BUX1012,0,20101201,095650,21000.5,5
RICHTER,0,20101201,095705,43670,3
RICHTER,0,20101201,095705,43680,1
RICHTER,0,20101201,095705,43680,46
MOL,0,20101201,095720,19035,50
MOL,0,20101201,095720,19035,112
MOL,0,20101201,095720,19035,36
MOL,0,20101201,095720,19040,136
MOL,0,20101201,095720,19045,50
MOL,0,20101201,095720,19045,50
MOL,0,20101201,095720,19050,169
MOL,0,20101201,095720,19050,250
OTP,0,20101201,095721,5060,300
OTP,0,20101201,095737,5060,700
MTELEKOM,0,20101201,095743,554,800
BUX1012,0,20101201,095745,21000.5,1
OTP,0,20101201,095745,5057,20
OTP,0,20101201,095750,5060,61
RICHTER,0,20101201,095750,43680,54
RICHTER,0,20101201,095750,43680,5
RICHTER,0,20101201,095750,43685,50
RICHTER,0,20101201,095750,43690,150
RICHTER,0,20101201,095750,43700,3
RICHTER,0,20101201,095750,43700,10
KEG,0,20101201,095754,139,300
KEG,0,20101201,095754,138,600
KEG,0,20101201,095754,138,500
KEG,0,20101201,095754,138,48600
KEG,0,20101201,095802,140,2000
KEG,0,20101201,095802,140,13000
MTELEKOM,0,20101201,095808,554,21
MTELEKOM,0,20101201,095809,554,565
MTELEKOM,0,20101201,095809,554,451
RICHTER,0,20101201,095819,43710,2
RICHTER,0,20101201,095819,43705,67
RICHTER,0,20101201,095819,43700,281
RICHTER,0,20101201,095831,43700,47
BUX1012,0,20101201,095836,21000.5,2
RABA,0,20101201,095837,819,100
OTP,0,20101201,095844,5064,100
OTP,0,20101201,095844,5065,19
OTP,0,20101201,095844,5065,274
MTELEKOM,0,20101201,095845,553,100
MTELEKOM,0,20101201,095845,553,260
MTELEKOM,0,20101201,095848,553,350
KEG,0,20101201,095859,142,1000
KEG,0,20101201,095859,142,800
KEG,0,20101201,095904,142,1200
OTP,0,20101201,095906,5065,4
OTP,0,20101201,095911,5065,100
RICHTER,0,20101201,095912,43700,1000
KEG,0,20101201,095914,143,2000
KEG,0,20101201,095915,144,1000
KEG,0,20101201,095915,144,1600
KEG,0,20101201,095915,144,489
KEG,0,20101201,095915,145,3000
KEG,0,20101201,095915,145,500
KEG,0,20101201,095915,145,3000
KEG,0,20101201,095915,145,400
KEG,0,20101201,095915,145,11
OTP,0,20101201,095920,5060,200
KEG,0,20101201,095924,145,1539
KEG,0,20101201,095924,146,461
MTELEKOM,0,20101201,095930,554,600
FHB,0,20101201,095936,980,200
FHB,0,20101201,095936,980,1000
KEG,0,20101201,095947,146,2539
KEG,0,20101201,095947,146,1461
OTP,0,20101201,095947,5060,10
OTP,0,20101201,095948,5060,300
KEG,0,20101201,095948,146,539
KEG,0,20101201,095954,146,2000
KEG,0,20101201,095955,147,3000
KEG,0,20101201,095956,146,1461
PANNERGY,0,20101201,095958,841,400
BUX1012,0,20101201,095959,21005,2
BUX1012,0,20101201,095959,21000.5,1
MOL,0,20101201,100000,19050,100
KEG,0,20101201,100003,146,1000
PHYLAXIA,0,20101201,100004,45,2000
FHB,0,20101201,100011,980,800
PANNERGY,0,20101201,100012,850,200
OTP,0,20101201,100018,5064,50
MOL,0,20101201,100021,19050,100
MOL,0,20101201,100021,19050,81
MOL,0,20101201,100021,19050,132
OTP,0,20101201,100026,5061,4
KEG,0,20101201,100028,146,39
KEG,0,20101201,100028,147,161
OTP,0,20101201,100038,5061,50
ECONET,0,20101201,100044,96,320
ECONET,0,20101201,100044,96,1000
FHB,0,20101201,100049,980,200
FHB,0,20101201,100049,981,896
FHB,0,20101201,100049,982,35
FHB,0,20101201,100049,982,1500
FHB,0,20101201,100049,983,150
FHB,0,20101201,100049,983,119
MOL,0,20101201,100052,19025,10
RICHTER,0,20101201,100052,43650,1
PANNERGY,0,20101201,100058,853,112
PANNERGY,0,20101201,100058,854,500
PANNERGY,0,20101201,100058,855,599
GENESIS,0,20101201,100101,260,4
GENESIS,0,20101201,100101,256,296
RICHTER,0,20101201,100101,43700,78
MTELEKOM,0,20101201,100106,553,200
KEG,0,20101201,100114,146,3000
RICHTER,0,20101201,100118,43700,1000
ECONET,0,20101201,100128,96,500
BUX1012,0,20101201,100134,21000.5,4
OTP,0,20101201,100137,5062,150
OTP,0,20101201,100137,5061,76
OTP,0,20101201,100137,5061,203
OTP,0,20101201,100137,5060,429
OTP,0,20101201,100137,5060,142
OTP,0,20101201,100143,5061,28
OTP,0,20101201,100143,5060,72
OTP,0,20101201,100149,5060,10
OTP,0,20101201,100153,5060,50
KEG,0,20101201,100153,146,500
BUX1012,0,20101201,100153,21000,6
BUX1012,0,20101201,100153,21000,1
GENESIS,0,20101201,100154,264,30
KEG,0,20101201,100154,143,400
KEG,0,20101201,100154,143,420
KEG,0,20101201,100154,143,1000
KEG,0,20101201,100154,143,10000
KEG,0,20101201,100155,143,2000
BUX1012,0,20101201,100155,21000,2
BUX1012,0,20101201,100155,21000,1
OTP,0,20101201,100157,5060,96
KEG,0,20101201,100159,143,1180
OTP,0,20101201,100202,5060,524
OTP,0,20101201,100207,5060,476
EGIS,0,20101201,100217,19150,4
KEG,0,20101201,100217,147,300
MOL,0,20101201,100223,19030,2
OTP,0,20101201,100223,5060,524
OTP,0,20101201,100223,5060,267
KEG,0,20101201,100239,147,2000
BUX1012,0,20101201,100239,21000,5
OTP,0,20101201,100239,5058,1
BUX1012,0,20101201,100247,21001,5
BUX1012,0,20101201,100252,21001,1
BUX1012,0,20101201,100252,21000,4
BUX1012,0,20101201,100258,21000,6
PANNERGY,0,20101201,100259,854,87
PANNERGY,0,20101201,100259,855,206
PANNERGY,0,20101201,100259,858,7
PHYLAXIA,0,20101201,100259,45,1090
MOL,0,20101201,100306,19045,104
KEG,0,20101201,100307,146,1180
MTELEKOM,0,20101201,100308,554,22
KEG,0,20101201,100309,147,39
KEG,0,20101201,100309,147,1961
MTELEKOM,0,20101201,100309,554,927
MTELEKOM,0,20101201,100309,554,88
KEG,0,20101201,100313,147,39
KEG,0,20101201,100314,147,2500
OTP,0,20101201,100315,5058,4
KEG,0,20101201,100317,147,261
KEG,0,20101201,100317,146,820
KEG,0,20101201,100317,145,500
KEG,0,20101201,100317,145,500
KEG,0,20101201,100317,145,2000
KEG,0,20101201,100317,144,15000
MTELEKOM,0,20101201,100321,554,1000
BUX1012,0,20101201,100322,21000,44
KEG,0,20101201,100323,144,919
MTELEKOM,0,20101201,100336,553,1912
OTP,0,20101201,100344,5057,1
OTP,0,20101201,100344,5057,99
OTP,0,20101201,100347,5058,1
OTP,0,20101201,100352,5057,50
MOL,0,20101201,100352,19040,231
OTP,0,20101201,100402,5058,25
OTP,0,20101201,100402,5058,4
KEG,0,20101201,100414,144,919
KEG,0,20101201,100414,144,1000
KEG,0,20101201,100414,144,81
BUX1012,0,20101201,100421,21000,5
ECONET,0,20101201,100424,95,829
ECONET,0,20101201,100424,95,851
BUX1012,0,20101201,100425,21000,1
OTP,0,20101201,100427,5060,170
KEG,0,20101201,100434,144,225
MTELEKOM,0,20101201,100440,554,200
MOL,0,20101201,100443,19040,20
BUX1012,0,20101201,100444,21000,25
OTP,0,20101201,100445,5060,39
BUX1012,0,20101201,100445,21000,4
OTP,0,20101201,100450,5060,60
BUX1012,0,20101201,100456,21000,5
MOL,0,20101201,100457,19040,57
OTP,0,20101201,100501,5060,101
OTP,0,20101201,100501,5060,399
MOL,0,20101201,100503,19040,100
MOL,0,20101201,100506,19040,23
BUX1012,0,20101201,100510,21010,1
BUX1012,0,20101201,100510,21015,19
KEG,0,20101201,100515,145,919
PHYLAXIA,0,20101201,100516,45,1110
PHYLAXIA,0,20101201,100516,45,2000
RABA,0,20101201,100517,819,200
BUX1012,0,20101201,100519,21015,4
MTELEKOM,0,20101201,100533,553,30
OTP,0,20101201,100541,5060,35
OTP,0,20101201,100611,5060,964
OTP,0,20101201,100611,5060,36
OTP,0,20101201,100618,5058,21
OTP,0,20101201,100623,5057,21
OTP,0,20101201,100623,5057,117
OTP,0,20101201,100626,5057,41
MOL,0,20101201,100630,19030,2
MOL,0,20101201,100640,19030,8
MOL,0,20101201,100640,19030,1
OTP,0,20101201,100650,5058,79
OTP,0,20101201,100650,5058,21
FOTEX,0,20101201,100658,391,2
MTELEKOM,0,20101201,100658,553,1600
BUX1012,0,20101201,100708,21015,5
BUX1012,0,20101201,100709,21015,4
MOL,0,20101201,100714,19030,5
MOL,0,20101201,100714,19020,5
OTP,0,20101201,100715,5058,100
KEG,0,20101201,100718,146,919
KEG,0,20101201,100718,146,281
KEG,0,20101201,100718,145,131
KEG,0,20101201,100718,145,440
OTP,0,20101201,100730,5058,48
KEG,0,20101201,100733,145,929
OTP,0,20101201,100742,5060,478
OTP,0,20101201,100742,5060,200
OTP,0,20101201,100742,5060,322
RABA,0,20101201,100753,820,1220
OTP,0,20101201,100753,5060,53
ECONET,0,20101201,100754,95,149
ECONET,0,20101201,100754,95,1351
OTP,0,20101201,100756,5060,83
OTP,0,20101201,100800,5058,215
OTP,0,20101201,100801,5060,100
EGIS,0,20101201,100806,19100,6
EGIS,0,20101201,100806,19100,2
MTELEKOM,0,20101201,100808,554,21
RICHTER,0,20101201,100811,43690,30
RICHTER,0,20101201,100811,43690,1
RICHTER,0,20101201,100811,43695,108
RICHTER,0,20101201,100811,43700,5
RICHTER,0,20101201,100811,43700,250
MTELEKOM,0,20101201,100814,554,49
MTELEKOM,0,20101201,100814,554,983
RICHTER,0,20101201,100819,43700,106
MOL,0,20101201,100826,19020,45
MOL,0,20101201,100826,19020,126
MOL,0,20101201,100829,19020,32
MOL,0,20101201,100830,19020,18
OTP,0,20101201,100832,5060,30
KEG,0,20101201,100834,145,300
KEG,0,20101201,100834,145,700
RICHTER,0,20101201,100835,43700,50
MTELEKOM,0,20101201,100843,553,2283
OTP,0,20101201,100849,5060,58
OTP,0,20101201,100850,5060,54
OTP,0,20101201,100850,5060,146
OTP,0,20101201,100852,5060,359
OTP,0,20101201,100852,5060,25
OTP,0,20101201,100852,5060,216
RICHTER,0,20101201,100859,43700,94
RICHTER,0,20101201,100859,43700,50
OTP,0,20101201,100911,5058,137
OTP,0,20101201,100911,5057,42
OTP,0,20101201,100911,5055,595
BOOK,0,20101201,100913,490,120
KEG,0,20101201,100915,145,300
KEG,0,20101201,100923,145,200
RICHTER,0,20101201,100926,43650,50
KEG,0,20101201,100937,144,194
KEG,0,20101201,100937,144,1000
KEG,0,20101201,100937,144,2000
KEG,0,20101201,100937,144,1606
OTP,0,20101201,100938,5060,350
MTELEKOM,0,20101201,100938,553,2500
BUX1012,0,20101201,100941,21020,3
KEG,0,20101201,100943,144,394
KEG,0,20101201,100943,144,535
BUX1012,0,20101201,100944,21020,27
KEG,0,20101201,100947,144,65
KEG,0,20101201,100947,143,500
KEG,0,20101201,100947,143,1235
MOL,0,20101201,100959,19020,21
BUX1012,0,20101201,101000,21023,1
OTP,0,20101201,101001,5059,40
KEG,0,20101201,101003,143,12000
OTP,0,20101201,101003,5055,405
MOL,0,20101201,101004,19015,5
MOL,0,20101201,101010,19020,36
MOL,0,20101201,101010,19020,164
BUX1012,0,20101201,101010,21020,14
BUX1012,0,20101201,101012,21000,1
RICHTER,0,20101201,101020,43650,50
OTP,0,20101201,101022,5053,100
OTP,0,20101201,101022,5053,100
OTP,0,20101201,101024,5055,245
OTP,0,20101201,101025,5055,50
OTP,0,20101201,101029,5059,100
RICHTER,0,20101201,101031,43650,32
OTP,0,20101201,101033,5055,105
MTELEKOM,0,20101201,101035,553,2500
BUX1012,0,20101201,101036,20985,1
OTP,0,20101201,101046,5053,250
OTP,0,20101201,101047,5055,100
MOL,0,20101201,101050,19015,47
MOL,0,20101201,101050,19015,3
OTP,0,20101201,101051,5055,445
OTP,0,20101201,101051,5055,15
OTP,0,20101201,101051,5055,500
BUX1012,0,20101201,101054,21000,1
OTP,0,20101201,101106,5055,1
MTELEKOM,0,20101201,101113,553,750
BUX1012,0,20101201,101115,21023,11
BUX1012,0,20101201,101115,21024,2
BUX1012,0,20101201,101115,21025,15
BUX1012,0,20101201,101118,21025,10
MOL,0,20101201,101121,19015,40
BUX1012,0,20101201,101122,21025,5
OTP,0,20101201,101124,5055,39
OTP,0,20101201,101124,5055,1
OTP,0,20101201,101125,5055,40
OTP,0,20101201,101129,5055,192
MOL,0,20101201,101129,19015,2
BUX1012,0,20101201,101135,21044,3
OTP,0,20101201,101150,5059,60
OTP,0,20101201,101150,5060,50
MOL,0,20101201,101153,19015,55
MOL,0,20101201,101201,19010,100
MOL,0,20101201,101201,19010,10
MOL,0,20101201,101201,19010,10
MTELEKOM,0,20101201,101201,553,600
OTP,0,20101201,101204,5060,49
OTP,0,20101201,101204,5055,267
OTP,0,20101201,101204,5053,150
OTP,0,20101201,101204,5053,248
BUX1012,0,20101201,101215,21025,5
GENESIS,0,20101201,101218,266,30
MOL,0,20101201,101228,19010,10
MOL,0,20101201,101231,19010,50
MOL,0,20101201,101234,19010,50
BUX1012,0,20101201,101234,21025,1
OTP,0,20101201,101234,5055,150
OTP,0,20101201,101234,5055,400
OTP,0,20101201,101235,5055,200
RABA,0,20101201,101238,820,100
OTP,0,20101201,101239,5060,1
OTP,0,20101201,101239,5060,19
MOL,0,20101201,101248,19010,30
MOL,0,20101201,101248,19010,100
MOL,0,20101201,101248,19005,63
MOL,0,20101201,101251,19005,187
MOL,0,20101201,101251,19005,584
MOL,0,20101201,101251,19000,1000
MOL,0,20101201,101251,19000,15
MOL,0,20101201,101251,19000,5
MOL,0,20101201,101251,19000,100
MOL,0,20101201,101251,19000,10
MOL,0,20101201,101251,19000,10
MOL,0,20101201,101251,19000,300
MOL,0,20101201,101300,19000,100
MOL,0,20101201,101304,18995,100
MTELEKOM,0,20101201,101308,554,22
OTP,0,20101201,101313,5055,400
OTP,0,20101201,101313,5055,194
OTP,0,20101201,101313,5053,252
OTP,0,20101201,101313,5053,154
MTELEKOM,0,20101201,101314,554,495
MTELEKOM,0,20101201,101314,554,521
MOL,0,20101201,101315,18970,11
MOL,0,20101201,101315,18960,3
MOL,0,20101201,101315,18950,20
MOL,0,20101201,101315,18950,3
MOL,0,20101201,101324,18950,20
MOL,0,20101201,101331,18950,100
OTP,0,20101201,101335,5053,43
OTP,0,20101201,101335,5053,100
OTP,0,20101201,101335,5053,24
EGIS,0,20101201,101335,19100,6
RICHTER,0,20101201,101335,43650,17
MTELEKOM,0,20101201,101340,554,100
MOL,0,20101201,101340,18930,10
MOL,0,20101201,101344,18950,24
MOL,0,20101201,101344,18950,35
MOL,0,20101201,101349,18995,96
