<TICKER>,<PER>,<DTYYYYMMDD>,<TIME>,<CLOSE>,<VOLUME>
EGIS,0,20101231,090009,20250,100
FHB,0,20101231,090009,955,1000
FHB,0,20101231,090009,955,100
FHB,0,20101231,090009,955,50
MOL,0,20101231,090009,20705,11
MTELEKOM,0,20101231,090009,514,1000
MTELEKOM,0,20101231,090009,514,2000
MTELEKOM,0,20101231,090009,514,200
MTELEKOM,0,20101231,090009,514,550
MTELEKOM,0,20101231,090009,514,250
MTELEKOM,0,20101231,090009,514,550
MTELEKOM,0,20101231,090009,514,200
MTELEKOM,0,20101231,090009,514,3500
MTELEKOM,0,20101231,090009,514,191
OTP,0,20101231,090009,5029,50
OTP,0,20101231,090009,5029,2300
OTP,0,20101231,090009,5029,1048
OTP,0,20101231,090009,5029,60
OTP,0,20101231,090009,5029,30
OTP,0,20101231,090009,5029,24
OTP,0,20101231,090009,5029,24
OTP,0,20101231,090009,5029,49
OTP,0,20101231,090009,5029,800
OTP,0,20101231,090009,5029,965
OTP,0,20101231,090009,5029,200
OTP,0,20101231,090009,5029,13835
OTP,0,20101231,090009,5029,40
OTP,0,20101231,090009,5029,1125
OTP,0,20101231,090009,5029,41
OTP,0,20101231,090009,5029,108
OTP,0,20101231,090009,5029,200
OTP,0,20101231,090009,5029,400
OTP,0,20101231,090009,5029,96
OTP,0,20101231,090009,5029,200
OTP,0,20101231,090009,5029,27
PANNERGY,0,20101231,090009,910,8
PANNERGY,0,20101231,090009,910,50
RABA,0,20101231,090009,803,600
ZWACK,0,20101231,090009,12800,6
MTELEKOM,0,20101231,090202,514,10
MTELEKOM,0,20101231,090202,514,1
ECONET,0,20101231,090211,90,779
ECONET,0,20101231,090211,90,365
ECONET,0,20101231,090211,90,4856
PFLAX,0,20101231,090216,571,136
OTP,0,20101231,090230,5048,150
OTP,0,20101231,090230,5048,40
OTP,0,20101231,090230,5049,100
OTP,0,20101231,090230,5049,930
OTP,0,20101231,090231,5049,3
FHB,0,20101231,090232,950,200
OTP,0,20101231,090234,5025,1
GSPARK,0,20101231,090242,768,100
OTP,0,20101231,090254,5045,197
OTP,0,20101231,090254,5047,60
OTP,0,20101231,090254,5049,67
OTP,0,20101231,090254,5049,75
OTP,0,20101231,090254,5049,500
OTP,0,20101231,090254,5050,101
OTP,0,20101231,090304,5026,1
PFLAX,0,20101231,090308,570,110
MOL,0,20101231,090312,20740,10
PHYLAXIA,0,20101231,090337,44,1875
ECONET,0,20101231,090520,90,144
ECONET,0,20101231,090520,90,1000
ECONET,0,20101231,090520,90,1856
ECONET,0,20101231,090532,90,200
ECONET,0,20101231,090538,90,1944
ZWACK,0,20101231,090541,12800,4
ZWACK,0,20101231,090541,12800,96
OTP,0,20101231,090542,5028,43
ZWACK,0,20101231,090547,12800,4
OTP,0,20101231,090555,5028,30
OTP,0,20101231,090611,5030,200
BUX1112,0,20101231,090712,21944.5,1
BUX1112,0,20101231,090712,21945,5
OTP,0,20101231,090720,5038,200
OTP,0,20101231,090720,5038,20
OTP,0,20101231,090720,5038,50
OTP,0,20101231,090726,5038,230
KEG,0,20101231,090739,138,500
OTP,0,20101231,090745,5030,1
PANNERGY,0,20101231,090746,908,20
PVALTO,0,20101231,090759,1665,50
BUX1112,0,20101231,090800,21945,1
FHB,0,20101231,090815,948,455
KEG,0,20101231,090817,138,500
KEG,0,20101231,090817,138,500
MTELEKOM,0,20101231,090823,514,348
MTELEKOM,0,20101231,090823,514,500
MTELEKOM,0,20101231,090823,514,152
ECONET,0,20101231,090849,90,1000
ECONET,0,20101231,090849,90,70
MTELEKOM,0,20101231,090921,514,5000
MTELEKOM,0,20101231,090929,514,500
ECONET,0,20101231,090940,90,930
MTELEKOM,0,20101231,091003,514,117
OTP,0,20101231,091123,5035,120
MTELEKOM,0,20101231,091131,514,231
MTELEKOM,0,20101231,091131,514,140
MTELEKOM,0,20101231,091131,514,1500
OTP,0,20101231,091132,5035,30
OTP,0,20101231,091132,5034,30
MTELEKOM,0,20101231,091254,515,250
MTELEKOM,0,20101231,091254,515,750
OTP,0,20101231,091345,5038,60
OTP,0,20101231,091345,5039,100
OTP,0,20101231,091345,5040,15
OTP,0,20101231,091345,5040,200
OTP,0,20101231,091345,5046,50
OTP,0,20101231,091345,5047,120
OTP,0,20101231,091345,5048,300
OTP,0,20101231,091345,5048,20
OTP,0,20101231,091345,5048,470
OTP,0,20101231,091345,5048,10
OTP,0,20101231,091345,5048,24
OTP,0,20101231,091404,5036,40
PHYLAXIA,0,20101231,091548,44,1500
OTP,0,20101231,091553,5040,300
FHB,0,20101231,091605,947,77
FHB,0,20101231,091605,947,23
MTELEKOM,0,20101231,091613,514,1000
BUX1112,0,20101231,091615,21930,2
BUX1112,0,20101231,091615,21930,10
BUX1112,0,20101231,091615,21930,5
BUX1112,0,20101231,091631,21925,1
OTP,0,20101231,091631,5040,18
OTP,0,20101231,091638,5040,50
OTP,0,20101231,091650,5039,23
OTP,0,20101231,091650,5037,57
OTP,0,20101231,091658,5037,43
OTP,0,20101231,091658,5036,10
OTP,0,20101231,091722,5037,50
OTP,0,20101231,091739,5037,50
OTP,0,20101231,091739,5036,30
PFLAX,0,20101231,091745,585,21
OTP,0,20101231,091818,5035,1
KEG,0,20101231,091851,138,100
OTP,0,20101231,091855,5035,6
ECONET,0,20101231,091902,89,876
MOL,0,20101231,091908,20740,100
FHB,0,20101231,091930,947,177
FHB,0,20101231,091930,947,150
FHB,0,20101231,091930,947,100
GENESIS,0,20101231,091935,173,2000
GENESIS,0,20101231,092017,177,20
OTP,0,20101231,092036,5038,128
OTP,0,20101231,092036,5038,100
OTP,0,20101231,092036,5039,100
OTP,0,20101231,092036,5039,50
OTP,0,20101231,092036,5040,622
FHB,0,20101231,092106,947,320
OTP,0,20101231,092127,5040,10
OTP,0,20101231,092127,5040,10
OTP,0,20101231,092141,5036,50
OTP,0,20101231,092141,5035,2
OTP,0,20101231,092155,5037,66
MOL,0,20101231,092155,20725,14
OTP,0,20101231,092205,5040,2420
OTP,0,20101231,092220,5047,100
OTP,0,20101231,092237,5040,80
MTELEKOM,0,20101231,092245,514,340
MTELEKOM,0,20101231,092248,514,850
KEG,0,20101231,092256,139,800
OTP,0,20101231,092259,5038,26
OTP,0,20101231,092321,5038,24
OTP,0,20101231,092321,5037,62
OTP,0,20101231,092321,5036,14
ECONET,0,20101231,092356,89,204
ECONET,0,20101231,092356,89,796
OTP,0,20101231,092432,5044,56
OTP,0,20101231,092432,5044,43
OTP,0,20101231,092501,5044,157
OTP,0,20101231,092501,5045,500
OTP,0,20101231,092501,5048,84
OTP,0,20101231,092501,5048,19
BUX1112,0,20101231,092511,21926,1
BUX1112,0,20101231,092511,21925,1
BUX1112,0,20101231,092511,21920,4
BUX1112,0,20101231,092511,21910,1
BUX1112,0,20101231,092511,21905,1
BUX1112,0,20101231,092511,21900,5
OTP,0,20101231,092525,5045,200
BUX1112,0,20101231,092530,21900,5
MTELEKOM,0,20101231,092550,514,1970
FHB,0,20101231,092609,947,100
MTELEKOM,0,20101231,092626,514,200
MTELEKOM,0,20101231,092630,514,5500
MTELEKOM,0,20101231,092639,514,140
FHB,0,20101231,092647,947,123
OTP,0,20101231,092649,5038,100
OTP,0,20101231,092649,5037,200
ECONET,0,20101231,092708,89,1000
BUX1112,0,20101231,092730,21900,1
MOL,0,20101231,092750,20750,20
OTP,0,20101231,092821,5040,30
OTP,0,20101231,092831,5040,55
OTP,0,20101231,092838,5040,15
MTELEKOM,0,20101231,092843,514,860
MTELEKOM,0,20101231,092843,514,140
OTP,0,20101231,093020,5040,15
OTP,0,20101231,093020,5043,50
OTP,0,20101231,093020,5044,50
OTP,0,20101231,093020,5044,200
OTP,0,20101231,093020,5045,300
OTP,0,20101231,093020,5045,1500
OTP,0,20101231,093020,5045,45
OTP,0,20101231,093020,5045,10
OTP,0,20101231,093020,5046,1100
OTP,0,20101231,093020,5047,158
ECONET,0,20101231,093049,89,1620
ANY,0,20101231,093055,737,50
ANY,0,20101231,093055,737,550
MTELEKOM,0,20101231,093144,515,708
MTELEKOM,0,20101231,093144,515,150
MTELEKOM,0,20101231,093144,515,116
BUX1112,0,20101231,093205,21893.5,1
BUX1112,0,20101231,093205,21893,7
BUX1112,0,20101231,093205,21900,1
KEG,0,20101231,093210,139,129
MTELEKOM,0,20101231,093235,514,90
MTELEKOM,0,20101231,093235,514,389
OTP,0,20101231,093245,5044,50
OTP,0,20101231,093245,5045,938
FOTEX,0,20101231,093259,380,5000
ECONET,0,20101231,093259,90,1500
OTP,0,20101231,093319,5044,50
OTP,0,20101231,093319,5045,15
MOL,0,20101231,093328,20750,3
MOL,0,20101231,093330,20750,11
MOL,0,20101231,093330,20740,7
MOL,0,20101231,093330,20730,5
MOL,0,20101231,093330,20725,27
OTP,0,20101231,093350,5041,30
OTP,0,20101231,093350,5040,10
FHB,0,20101231,093355,948,100
BUX1112,0,20101231,093439,21900,5
MTELEKOM,0,20101231,093444,513,300
OTP,0,20101231,093453,5045,39
FHB,0,20101231,093508,948,20
BUX1112,0,20101231,093509,21900,1
RABA,0,20101231,093511,800,75
ECONET,0,20101231,093516,89,84
ECONET,0,20101231,093516,89,1216
OTP,0,20101231,093530,5044,50
OTP,0,20101231,093530,5045,838
MTELEKOM,0,20101231,093547,514,13
PANNERGY,0,20101231,093637,907,150
FHB,0,20101231,093646,949,100
BUX1112,0,20101231,093649,21900,5
OTP,0,20101231,093708,5040,49
OTP,0,20101231,093730,5045,299
OTP,0,20101231,093735,5040,100
MTELEKOM,0,20101231,093746,514,2000
DANUBIUS,0,20101231,093752,4370,25
OTP,0,20101231,093757,5043,618
MOL,0,20101231,093818,20745,50
MOL,0,20101231,093837,20765,75
OTP,0,20101231,093858,5040,20
OTP,0,20101231,093858,5039,20
OTP,0,20101231,093858,5036,36
OTP,0,20101231,093858,5036,1
OTP,0,20101231,093858,5036,5
OTP,0,20101231,093858,5036,355
OTP,0,20101231,093858,5035,25
OTP,0,20101231,093858,5035,98
OTP,0,20101231,093914,5043,192
BUX1112,0,20101231,093917,21900,6
BUX1112,0,20101231,093937,21900,8
BUX1112,0,20101231,093955,21900,4
BUX1112,0,20101231,094002,21900,1
RICHTER,0,20101231,094007,42860,77
OTP,0,20101231,094051,5036,46
MTELEKOM,0,20101231,094117,513,75
MTELEKOM,0,20101231,094117,513,925
OTP,0,20101231,094144,5036,50
OTP,0,20101231,094145,5038,150
OTP,0,20101231,094151,5040,396
OTP,0,20101231,094203,5036,304
RICHTER,0,20101231,094204,42600,8
RICHTER,0,20101231,094204,42700,42
OTP,0,20101231,094232,5035,38
OTP,0,20101231,094255,5036,226
OTP,0,20101231,094255,5040,304
OTP,0,20101231,094302,5035,49
OTP,0,20101231,094334,5035,270
OTP,0,20101231,094334,5034,20
OTP,0,20101231,094334,5033,2
OTP,0,20101231,094334,5032,100
OTP,0,20101231,094334,5032,100
OTP,0,20101231,094334,5031,50
OTP,0,20101231,094334,5031,458
OTP,0,20101231,094336,5040,315
OTP,0,20101231,094336,5045,371
OTP,0,20101231,094336,5045,230
OTP,0,20101231,094336,5045,800
OTP,0,20101231,094336,5045,200
OTP,0,20101231,094336,5047,334
MOL,0,20101231,094406,20770,90
MOL,0,20101231,094406,20770,127
OTP,0,20101231,094433,5046,12
FHB,0,20101231,094453,949,100
ECONET,0,20101231,094511,90,500
MOL,0,20101231,094548,20750,10
MOL,0,20101231,094611,20775,2
MTELEKOM,0,20101231,094643,514,400
OTP,0,20101231,094650,5040,85
OTP,0,20101231,094715,5045,50
OTP,0,20101231,094735,5046,65
OTP,0,20101231,094738,5045,23
OTP,0,20101231,094755,5045,77
OTP,0,20101231,094755,5033,55
OTP,0,20101231,094755,5032,248
FHB,0,20101231,094805,950,8
MTELEKOM,0,20101231,094816,514,5000
OTP,0,20101231,094832,5045,20
MTELEKOM,0,20101231,094858,514,1000
MTELEKOM,0,20101231,094859,514,1108
DANUBIUS,0,20101231,094914,4380,56
OTP,0,20101231,094926,5035,37
MOL,0,20101231,094929,20750,14
MOL,0,20101231,094929,20745,16
OTP,0,20101231,094938,5045,30
OTP,0,20101231,094949,5036,976
OTP,0,20101231,095002,5035,136
MTELEKOM,0,20101231,095004,515,3464
MTELEKOM,0,20101231,095004,515,117
MTELEKOM,0,20101231,095004,515,50
MTELEKOM,0,20101231,095004,515,1000
MTELEKOM,0,20101231,095004,515,369
PANNERGY,0,20101231,095014,903,2500
MTELEKOM,0,20101231,095015,514,18322
PANNERGY,0,20101231,095025,907,31
PANNERGY,0,20101231,095025,908,119
MTELEKOM,0,20101231,095112,513,275
MTELEKOM,0,20101231,095112,513,600
MTELEKOM,0,20101231,095112,513,200
MTELEKOM,0,20101231,095112,513,425
KEG,0,20101231,095123,140,100
KEG,0,20101231,095125,140,4190
OTP,0,20101231,095154,5044,122
OTP,0,20101231,095244,5037,750
MTELEKOM,0,20101231,095318,514,1000
OTP,0,20101231,095318,5041,85
KEG,0,20101231,095334,139,500
OTP,0,20101231,095336,5040,250
PANNERGY,0,20101231,095355,902,90
KEG,0,20101231,095357,140,710
KEG,0,20101231,095357,140,200
KEG,0,20101231,095357,140,331
KEG,0,20101231,095357,140,600
KEG,0,20101231,095357,140,3000
KEG,0,20101231,095357,140,160
KEG,0,20101231,095357,140,2000
MTELEKOM,0,20101231,095358,514,389
OTP,0,20101231,095452,5035,100
RICHTER,0,20101231,095452,42600,15
RICHTER,0,20101231,095452,42600,50
OTP,0,20101231,095455,5035,727
MTELEKOM,0,20101231,095457,514,82
FOTEX,0,20101231,095500,378,240
BUX1112,0,20101231,095506,21911,1
BUX1112,0,20101231,095506,21910.5,1
MOL,0,20101231,095515,20765,5
MOL,0,20101231,095515,20770,5
MOL,0,20101231,095515,20770,126
OTP,0,20101231,095527,5035,30
RABA,0,20101231,095537,801,1370
RABA,0,20101231,095553,800,110
TVK,0,20101231,095608,3300,7
TVK,0,20101231,095608,3300,13
TVK,0,20101231,095619,3330,15
OTP,0,20101231,095621,5032,20
RFV,0,20101231,095623,8450,90
MOL,0,20101231,095626,20775,7
BUX1112,0,20101231,095628,21939,5
OTP,0,20101231,095636,5032,232
OTP,0,20101231,095636,5030,100
OTP,0,20101231,095636,5030,100
OTP,0,20101231,095636,5030,180
OTP,0,20101231,095636,5030,50
OTP,0,20101231,095636,5030,30
OTP,0,20101231,095636,5030,351
OTP,0,20101231,095705,5030,169
BUX1112,0,20101231,095708,21939.5,1
BUX1112,0,20101231,095708,21940,42
FOTEX,0,20101231,095740,378,10
FOTEX,0,20101231,095740,378,150
FOTEX,0,20101231,095740,377,87
MOL,0,20101231,095744,20775,21
MOL,0,20101231,095744,20775,126
OTP,0,20101231,095820,5031,100
OTP,0,20101231,095840,5031,40
MOL,0,20101231,095852,20750,150
BUX1112,0,20101231,095853,21938,1
MOL,0,20101231,095905,20770,128
KEG,0,20101231,095907,140,1000
OTP,0,20101231,095920,5031,10
SYNERGON,0,20101231,095940,472,100
OTP,0,20101231,095945,5035,32
OTP,0,20101231,095950,5035,63
OTP,0,20101231,095950,5037,15
OTP,0,20101231,095950,5038,322
MOL,0,20101231,095956,20780,10
MOL,0,20101231,100001,20770,50
KEG,0,20101231,100015,140,650
MOL,0,20101231,100025,20780,15
MOL,0,20101231,100025,20780,135
BUX1112,0,20101231,100028,21945,4
BUX1112,0,20101231,100028,21950,1
BUX1112,0,20101231,100028,21950,1
BUX1112,0,20101231,100028,21968,1
BUX1112,0,20101231,100028,21970,2
BUX1112,0,20101231,100028,21970,1
BUX1112,0,20101231,100028,21970,1
BUX1112,0,20101231,100028,21970,2
BUX1112,0,20101231,100028,21972,1
BUX1112,0,20101231,100028,21972,1
BUX1112,0,20101231,100028,21974,1
BUX1112,0,20101231,100028,21978,1
BUX1112,0,20101231,100028,21979.5,1
MOL,0,20101231,100035,20790,26
MOL,0,20101231,100035,20795,15
MOL,0,20101231,100035,20795,50
MOL,0,20101231,100035,20800,10
MOL,0,20101231,100035,20800,3
MOL,0,20101231,100035,20800,4
MOL,0,20101231,100035,20800,20
MOL,0,20101231,100035,20800,20
MOL,0,20101231,100035,20800,32
MOL,0,20101231,100035,20800,7
MOL,0,20101231,100035,20800,20
MOL,0,20101231,100035,20800,7
MOL,0,20101231,100035,20800,7
MOL,0,20101231,100035,20800,185
MOL,0,20101231,100035,20800,30
MOL,0,20101231,100035,20800,10
MOL,0,20101231,100035,20800,10
MOL,0,20101231,100035,20800,300
MOL,0,20101231,100035,20800,25
MOL,0,20101231,100035,20800,16
MOL,0,20101231,100035,20800,100
MOL,0,20101231,100035,20800,26
MOL,0,20101231,100035,20800,5
MOL,0,20101231,100035,20800,5
MOL,0,20101231,100035,20800,3
MOL,0,20101231,100048,20810,20
MOL,0,20101231,100048,20815,26
MOL,0,20101231,100048,20835,4
MTELEKOM,0,20101231,100100,514,207
MTELEKOM,0,20101231,100100,514,800
MTELEKOM,0,20101231,100100,514,200
MTELEKOM,0,20101231,100100,515,2631
MTELEKOM,0,20101231,100100,515,42
BUX1112,0,20101231,100111,21980,21
RFV,0,20101231,100123,8500,37
RFV,0,20101231,100123,8500,8
OTP,0,20101231,100125,5031,34
OTP,0,20101231,100130,5038,50
OTP,0,20101231,100135,5038,10
MTELEKOM,0,20101231,100140,515,500
BUX1112,0,20101231,100149,21980,1
RFV,0,20101231,100152,8500,92
RFV,0,20101231,100152,8500,68
MTELEKOM,0,20101231,100200,513,1575
MTELEKOM,0,20101231,100200,513,600
MTELEKOM,0,20101231,100200,513,200
MTELEKOM,0,20101231,100200,513,400
MTELEKOM,0,20101231,100200,512,2000
MTELEKOM,0,20101231,100200,512,510
MTELEKOM,0,20101231,100200,512,500
MTELEKOM,0,20101231,100200,512,1000
MTELEKOM,0,20101231,100200,512,1500
MTELEKOM,0,20101231,100200,512,100
MTELEKOM,0,20101231,100200,512,200
MTELEKOM,0,20101231,100200,512,2000
MTELEKOM,0,20101231,100200,512,200
MTELEKOM,0,20101231,100200,512,100
MTELEKOM,0,20101231,100200,512,3010
MOL,0,20101231,100201,20835,26
MOL,0,20101231,100201,20835,127
MOL,0,20101231,100201,20845,15
MOL,0,20101231,100201,20845,5
MOL,0,20101231,100201,20845,100
MOL,0,20101231,100201,20850,180
MOL,0,20101231,100201,20850,20
MOL,0,20101231,100201,20850,50
MOL,0,20101231,100201,20850,20
MOL,0,20101231,100201,20850,20
MOL,0,20101231,100201,20850,4
MOL,0,20101231,100201,20850,1000
OTP,0,20101231,100205,5038,100
PANNERGY,0,20101231,100223,907,31
MTELEKOM,0,20101231,100223,513,18773
MOL,0,20101231,100241,20855,10
MOL,0,20101231,100241,20870,20
MOL,0,20101231,100241,20870,150
MOL,0,20101231,100257,20850,1933
MOL,0,20101231,100308,20850,1067
MOL,0,20101231,100308,20850,11
BUX1112,0,20101231,100313,21970,9
BUX1112,0,20101231,100347,21970,1
OTP,0,20101231,100400,5037,50
OTP,0,20101231,100402,5034,200
OTP,0,20101231,100409,5037,100
OTP,0,20101231,100424,5036,190
MTELEKOM,0,20101231,100457,513,500
BUX1112,0,20101231,100458,21975,1
OTP,0,20101231,100505,5036,110
OTP,0,20101231,100505,5037,290
BUX1112,0,20101231,100525,21975,7
OTP,0,20101231,100542,5037,24
FHB,0,20101231,100543,950,62
FHB,0,20101231,100543,950,100
FHB,0,20101231,100543,954,65
FHB,0,20101231,100543,955,50
FHB,0,20101231,100543,955,70
FHB,0,20101231,100543,956,100
FHB,0,20101231,100543,957,150
FHB,0,20101231,100543,959,352
BUX1112,0,20101231,100558,21974.5,1
RFV,0,20101231,100615,8500,2
RFV,0,20101231,100615,8510,17
RFV,0,20101231,100615,8520,3
RFV,0,20101231,100615,8521,100
RFV,0,20101231,100615,8550,11
RFV,0,20101231,100615,8550,17
OTP,0,20101231,100645,5034,3
OTP,0,20101231,100645,5034,72
MTELEKOM,0,20101231,100705,512,1350
OTP,0,20101231,100717,5034,28
OTP,0,20101231,100717,5034,200
OTP,0,20101231,100717,5031,34
OTP,0,20101231,100717,5031,200
OTP,0,20101231,100717,5030,480
OTP,0,20101231,100717,5030,35
OTP,0,20101231,100717,5030,100
OTP,0,20101231,100717,5030,46
OTP,0,20101231,100717,5030,45
OTP,0,20101231,100717,5030,500
OTP,0,20101231,100717,5030,133
OTP,0,20101231,100734,5036,250
OTP,0,20101231,100734,5037,300
MTELEKOM,0,20101231,100823,513,2000
MTELEKOM,0,20101231,100823,514,108
MTELEKOM,0,20101231,100823,514,1000
MTELEKOM,0,20101231,100823,514,4900
BUX1112,0,20101231,100901,21950,4
MTELEKOM,0,20101231,100902,514,1000
MOL,0,20101231,100903,20805,40
MTELEKOM,0,20101231,100912,514,100
BUX1112,0,20101231,100932,21950,4
OTP,0,20101231,100937,5035,100
OTP,0,20101231,100938,5035,120
BUX1112,0,20101231,100946,21950,2
KEG,0,20101231,100954,140,1349
KEG,0,20101231,100954,140,2430
KEG,0,20101231,100954,140,721
OTP,0,20101231,100959,5031,240
MTELEKOM,0,20101231,101008,514,4592
MTELEKOM,0,20101231,101008,514,486
MTELEKOM,0,20101231,101008,512,640
MTELEKOM,0,20101231,101008,512,592
KEG,0,20101231,101020,140,29
OTP,0,20101231,101021,5035,15
OTP,0,20101231,101021,5036,485
KEG,0,20101231,101032,140,500
BUX1112,0,20101231,101046,21950,1
OTP,0,20101231,101051,5036,15
OTP,0,20101231,101051,5037,355
OTP,0,20101231,101051,5037,30
OTP,0,20101231,101112,5037,220
OTP,0,20101231,101112,5038,318
OTP,0,20101231,101112,5039,100
OTP,0,20101231,101112,5039,40
OTP,0,20101231,101112,5039,50
OTP,0,20101231,101112,5039,740
OTP,0,20101231,101112,5039,70
OTP,0,20101231,101112,5040,27
OTP,0,20101231,101112,5040,500
OTP,0,20101231,101112,5040,700
OTP,0,20101231,101112,5040,897
OTP,0,20101231,101112,5040,150
OTP,0,20101231,101112,5040,1100
OTP,0,20101231,101126,5040,88
OTP,0,20101231,101126,5040,1912
MTELEKOM,0,20101231,101127,514,200
OTP,0,20101231,101128,5040,88
OTP,0,20101231,101128,5040,312
OTP,0,20101231,101210,5045,260
OTP,0,20101231,101227,5045,140
OTP,0,20101231,101227,5045,300
OTP,0,20101231,101227,5045,120
OTP,0,20101231,101227,5045,280
OTP,0,20101231,101227,5045,160
OTP,0,20101231,101231,5045,340
OTP,0,20101231,101231,5046,200
OTP,0,20101231,101231,5046,1000
OTP,0,20101231,101231,5047,508
OTP,0,20101231,101231,5047,100
OTP,0,20101231,101231,5047,100
OTP,0,20101231,101231,5047,56
OTP,0,20101231,101231,5048,81
OTP,0,20101231,101231,5048,3000
MTELEKOM,0,20101231,101247,515,100
MTELEKOM,0,20101231,101252,514,250
RICHTER,0,20101231,101252,42690,6
RICHTER,0,20101231,101252,42695,44
BUX1112,0,20101231,101304,21970,1
BUX1112,0,20101231,101304,21970,2
OTP,0,20101231,101334,5048,40
FOTEX,0,20101231,101335,378,660
MTELEKOM,0,20101231,101339,514,60
MTELEKOM,0,20101231,101346,514,690
SYNERGON,0,20101231,101356,470,100
MOL,0,20101231,101403,20840,5
MOL,0,20101231,101403,20845,35
MOL,0,20101231,101403,20845,60
OTP,0,20101231,101405,5042,160
OTP,0,20101231,101421,5045,10
BUX1112,0,20101231,101425,21974.5,1
BUX1112,0,20101231,101425,21975,5
BUX1112,0,20101231,101425,21975,3
ETFBUXOTP,0,20101231,101445,890,120
PHYLAXIA,0,20101231,101447,44,7253
OTP,0,20101231,101517,5041,122
OTP,0,20101231,101517,5041,328
MTELEKOM,0,20101231,101525,514,310
MTELEKOM,0,20101231,101537,513,4000
MTELEKOM,0,20101231,101537,513,105
BUX1112,0,20101231,101553,21970,1
BUX1112,0,20101231,101553,21970,1
MTELEKOM,0,20101231,101556,513,190
MTELEKOM,0,20101231,101606,514,600
MOL,0,20101231,101608,20845,40
MOL,0,20101231,101608,20850,10
OTP,0,20101231,101610,5041,172
OTP,0,20101231,101610,5040,88
OTP,0,20101231,101610,5040,240
MOL,0,20101231,101635,20830,49
MOL,0,20101231,101635,20850,1
MOL,0,20101231,101650,20835,10
MOL,0,20101231,101650,20850,40
OTP,0,20101231,101742,5040,21
OTP,0,20101231,101755,5040,53
OTP,0,20101231,101808,5044,100
OTP,0,20101231,101808,5047,15
MTELEKOM,0,20101231,101817,514,200
BUX1112,0,20101231,101852,21980,28
FHB,0,20101231,101854,958,80
FHB,0,20101231,101854,958,70
BUX1112,0,20101231,101854,21980,1
BUX1112,0,20101231,101905,21980,5
MTELEKOM,0,20101231,101915,514,200
OTP,0,20101231,101922,5040,1
MOL,0,20101231,101937,20840,35
MOL,0,20101231,101937,20845,15
PHYLAXIA,0,20101231,101937,44,1500
OTP,0,20101231,101959,5040,500
MTELEKOM,0,20101231,102004,514,498
MTELEKOM,0,20101231,102004,514,650
MTELEKOM,0,20101231,102004,515,2957
OTP,0,20101231,102008,5047,5
OTP,0,20101231,102008,5047,10
OTP,0,20101231,102008,5048,35
MOL,0,20101231,102030,20810,10
FOTEX,0,20101231,102037,381,900
FOTEX,0,20101231,102037,382,396
FOTEX,0,20101231,102037,382,704
RICHTER,0,20101231,102042,42550,6
MTELEKOM,0,20101231,102156,514,200
BUX1112,0,20101231,102158,21974.5,1
BUX1112,0,20101231,102158,21975,1
MOL,0,20101231,102214,20840,1
SYNERGON,0,20101231,102217,471,350
SYNERGON,0,20101231,102217,472,50
SYNERGON,0,20101231,102217,474,15
SYNERGON,0,20101231,102217,474,150
SYNERGON,0,20101231,102217,477,23
SYNERGON,0,20101231,102217,483,50
SYNERGON,0,20101231,102217,484,362
OTP,0,20101231,102218,5048,38
OTP,0,20101231,102218,5048,462
AAA,0,20101231,102218,230,10
DANUBIUS,0,20101231,102228,4380,14
DANUBIUS,0,20101231,102235,4400,20
SYNERGON,0,20101231,102245,484,638
SYNERGON,0,20101231,102245,484,262
OTP,0,20101231,102305,5047,100
MOL,0,20101231,102310,20810,122
MOL,0,20101231,102310,20805,82
MOL,0,20101231,102310,20800,2
MOL,0,20101231,102310,20800,174
MOL,0,20101231,102310,20800,11
MOL,0,20101231,102340,20800,10
MOL,0,20101231,102343,20840,4
MOL,0,20101231,102343,20840,30
MOL,0,20101231,102343,20845,460
MOL,0,20101231,102343,20850,949
MOL,0,20101231,102343,20850,200
MOL,0,20101231,102343,20850,30
MOL,0,20101231,102343,20870,1
MOL,0,20101231,102343,20880,10
MOL,0,20101231,102343,20880,73
MOL,0,20101231,102343,20880,5
MOL,0,20101231,102343,20885,190
MOL,0,20101231,102343,20885,100
MOL,0,20101231,102343,20885,100
MOL,0,20101231,102343,20890,51
MOL,0,20101231,102343,20890,100
MOL,0,20101231,102343,20890,50
MOL,0,20101231,102343,20890,100
MOL,0,20101231,102343,20890,5
MOL,0,20101231,102343,20890,400
MOL,0,20101231,102343,20890,30
MOL,0,20101231,102343,20895,12
MOL,0,20101231,102343,20895,8
MOL,0,20101231,102343,20895,20
MOL,0,20101231,102343,20895,50
MOL,0,20101231,102343,20895,5
MOL,0,20101231,102343,20900,20
MOL,0,20101231,102343,20900,40
MOL,0,20101231,102343,20900,60
MOL,0,20101231,102343,20900,2
MOL,0,20101231,102343,20900,3
MOL,0,20101231,102343,20900,13
MOL,0,20101231,102343,20900,193
MOL,0,20101231,102343,20900,400
MOL,0,20101231,102343,20900,6
MOL,0,20101231,102343,20900,231
MOL,0,20101231,102343,20900,100
MOL,0,20101231,102343,20900,34
MOL,0,20101231,102343,20900,2
MOL,0,20101231,102343,20900,50
MOL,0,20101231,102343,20900,25
MOL,0,20101231,102343,20900,10
MOL,0,20101231,102343,20900,10
MOL,0,20101231,102343,20900,818
MOL,0,20101231,102351,20900,182
MOL,0,20101231,102351,20900,10
MOL,0,20101231,102351,20900,15
MOL,0,20101231,102356,20910,20
MOL,0,20101231,102405,20895,10
BUX1112,0,20101231,102407,21980,10
BUX1112,0,20101231,102407,21980,5
BUX1112,0,20101231,102407,21986,1
BUX1112,0,20101231,102407,21990,1
BUX1112,0,20101231,102407,21994.5,1
BUX1112,0,20101231,102407,21994.5,1
BUX1112,0,20101231,102407,21995,1
MOL,0,20101231,102414,20810,32
MOL,0,20101231,102417,20900,280
GENESIS,0,20101231,102418,175,20
BUX1112,0,20101231,102424,21994.5,1
BUX1112,0,20101231,102424,21995,1
BUX1112,0,20101231,102424,21995,2
BUX1112,0,20101231,102424,21998.5,1
BUX1112,0,20101231,102424,21998.5,1
BUX1112,0,20101231,102424,22000,11
OTP,0,20101231,102432,5048,538
OTP,0,20101231,102432,5048,462
MOL,0,20101231,102435,20900,220
FOTEX,0,20101231,102448,382,296
ECONET,0,20101231,102450,89,800
BUX1112,0,20101231,102451,21980,1
MOL,0,20101231,102454,20900,170
MOL,0,20101231,102456,20900,100
OTP,0,20101231,102457,5044,41
OTP,0,20101231,102457,5044,359
OTP,0,20101231,102500,5047,100
OTP,0,20101231,102500,5048,200
FHB,0,20101231,102506,958,130
FHB,0,20101231,102506,958,90
FHB,0,20101231,102506,958,100
FHB,0,20101231,102506,959,395
FHB,0,20101231,102506,959,170
FHB,0,20101231,102506,959,320
FHB,0,20101231,102506,959,70
FHB,0,20101231,102506,959,100
FHB,0,20101231,102506,959,150
FHB,0,20101231,102506,960,100
FHB,0,20101231,102506,960,375
RABA,0,20101231,102521,802,86
RABA,0,20101231,102521,803,100
RABA,0,20101231,102521,803,120
RABA,0,20101231,102521,803,50
RABA,0,20101231,102521,803,1644
MTELEKOM,0,20101231,102525,514,120
OTP,0,20101231,102605,5048,113
FHB,0,20101231,102612,960,100
FOTEX,0,20101231,102614,382,404
ANY,0,20101231,102633,719,80
ANY,0,20101231,102633,718,1
MTELEKOM,0,20101231,102633,515,305
MTELEKOM,0,20101231,102636,515,138
MTELEKOM,0,20101231,102636,515,2000
MTELEKOM,0,20101231,102636,515,7862
OTP,0,20101231,102638,5048,225
OTP,0,20101231,102638,5048,65
OTP,0,20101231,102638,5048,30
BUX1112,0,20101231,102642,21980,4
OTP,0,20101231,102646,5047,9
OTP,0,20101231,102646,5047,491
MTELEKOM,0,20101231,102653,515,1910
FHB,0,20101231,102656,960,135
FHB,0,20101231,102656,960,100
FHB,0,20101231,102656,960,365
MTELEKOM,0,20101231,102705,514,200
OTP,0,20101231,102706,5047,169
MOL,0,20101231,102709,20850,20
AAA,0,20101231,102719,222,10
OTP,0,20101231,102720,5047,140
ECONET,0,20101231,102722,89,1000
OTP,0,20101231,102735,5048,40
OTP,0,20101231,102737,5048,1
OTP,0,20101231,102737,5048,99
MOL,0,20101231,102740,20890,30
MOL,0,20101231,102740,20900,470
OTP,0,20101231,102742,5048,10
OTP,0,20101231,102825,5044,41
MTELEKOM,0,20101231,102827,515,10
BUX1112,0,20101231,102831,21985,1
MOL,0,20101231,102848,20900,260
MOL,0,20101231,102848,20900,4
MOL,0,20101231,102848,20900,130
MOL,0,20101231,102848,20900,1000
MOL,0,20101231,102848,20900,15
MOL,0,20101231,102902,20900,20
MOL,0,20101231,102902,20900,1000
MOL,0,20101231,102917,20900,71
BUX1112,0,20101231,102922,21985,1
SYNERGON,0,20101231,102923,483,99
SYNERGON,0,20101231,102923,480,50
OTP,0,20101231,102937,5041,60
SYNERGON,0,20101231,102943,474,500
OTP,0,20101231,102946,5041,40
OTP,0,20101231,102946,5041,219
RFV,0,20101231,102953,8520,12
FOTEX,0,20101231,103010,382,10
SYNERGON,0,20101231,103021,474,1000
SYNERGON,0,20101231,103025,474,351
GENESIS,0,20101231,103032,173,500
MTELEKOM,0,20101231,103032,515,295
RABA,0,20101231,103111,801,500
MOL,0,20101231,103117,20900,40
MOL,0,20101231,103144,20900,1
MOL,0,20101231,103152,20900,35
RABA,0,20101231,103249,800,60
GENESIS,0,20101231,103306,175,50
MTELEKOM,0,20101231,103326,515,8
MTELEKOM,0,20101231,103354,515,1000
OTP,0,20101231,103359,5046,20
MTELEKOM,0,20101231,103427,515,200
MOL,0,20101231,103438,20900,12
RABA,0,20101231,103518,800,65
MOL,0,20101231,103527,20900,100
MOL,0,20101231,103532,20920,33
MOL,0,20101231,103532,20920,38
MTELEKOM,0,20101231,103549,514,330
MTELEKOM,0,20101231,103549,514,250
MTELEKOM,0,20101231,103549,513,520
OTP,0,20101231,103551,5042,1
RICHTER,0,20101231,103601,42650,3
MTELEKOM,0,20101231,103617,515,100
OTP,0,20101231,103621,5043,1000
BUX1112,0,20101231,103625,21998,1
BUX1112,0,20101231,103625,22000,4
BUX1112,0,20101231,103625,22000,3
BUX1112,0,20101231,103625,22000,3
MTELEKOM,0,20101231,103630,515,1090
OTP,0,20101231,103636,5045,50
MTELEKOM,0,20101231,103637,515,2500
MOL,0,20101231,103640,20920,141
MOL,0,20101231,103640,20920,31
MOL,0,20101231,103640,20925,6
MOL,0,20101231,103640,20925,100
MOL,0,20101231,103640,20940,100
MOL,0,20101231,103640,20945,10
MOL,0,20101231,103640,20945,4
MOL,0,20101231,103640,20945,30
MOL,0,20101231,103640,20945,20
MOL,0,20101231,103640,20945,200
MOL,0,20101231,103640,20950,6
MOL,0,20101231,103640,20950,400
MOL,0,20101231,103640,20950,101
MOL,0,20101231,103640,20950,10
MOL,0,20101231,103640,20950,50
MOL,0,20101231,103640,20950,40
MOL,0,20101231,103640,20950,155
MOL,0,20101231,103640,20950,5
MOL,0,20101231,103640,20950,30
MOL,0,20101231,103640,20950,100
MOL,0,20101231,103640,20950,6
MOL,0,20101231,103640,20950,1000
MOL,0,20101231,103648,20960,10
MOL,0,20101231,103648,20960,50
MOL,0,20101231,103648,20960,5
MOL,0,20101231,103648,20960,45
MOL,0,20101231,103648,20960,100
MOL,0,20101231,103648,20960,30
BUX1112,0,20101231,103652,22000,1
BUX1112,0,20101231,103652,22000,1
OTP,0,20101231,103654,5045,25
OTP,0,20101231,103654,5046,23
OTP,0,20101231,103654,5046,92
RFV,0,20101231,103701,8525,7
RFV,0,20101231,103701,8530,8
MOL,0,20101231,103705,20965,360
OTP,0,20101231,103713,5043,451
MOL,0,20101231,103724,20905,1
MOL,0,20101231,103746,20905,5
OTP,0,20101231,103751,5045,74
OTP,0,20101231,103751,5046,18
OTP,0,20101231,103751,5046,7
BUX1112,0,20101231,103751,22000,4
SYNERGON,0,20101231,103755,477,50
SYNERGON,0,20101231,103755,476,43
OTP,0,20101231,103804,5046,27
OTP,0,20101231,103804,5047,3
RICHTER,0,20101231,103807,42685,143
MOL,0,20101231,103807,20910,18
OTP,0,20101231,103816,5047,197
MOL,0,20101231,103859,20910,32
MOL,0,20101231,103859,20905,158
OTP,0,20101231,103912,5043,57
OTP,0,20101231,103932,5042,1300
MOL,0,20101231,103942,20905,47
OTP,0,20101231,103951,5045,5
OTP,0,20101231,103953,5044,200
OTP,0,20101231,104000,5045,30
BUX1112,0,20101231,104007,22000,3
OTP,0,20101231,104012,5041,51
RICHTER,0,20101231,104018,42685,50
RICHTER,0,20101231,104018,42690,12
RICHTER,0,20101231,104018,42700,32
MOL,0,20101231,104022,20920,39
OTP,0,20101231,104027,5045,17
BUX1112,0,20101231,104032,22000,1
MTELEKOM,0,20101231,104036,514,75
MTELEKOM,0,20101231,104036,514,75
DANUBIUS,0,20101231,104053,4400,16
GENESIS,0,20101231,104115,174,320
GENESIS,0,20101231,104115,175,30
GENESIS,0,20101231,104115,175,300
GENESIS,0,20101231,104115,175,350
OTP,0,20101231,104115,5045,395
BUX1112,0,20101231,104156,22000,4
PANNERGY,0,20101231,104157,905,55
BUX1112,0,20101231,104159,22000,4
GENESIS,0,20101231,104159,174,140
OTP,0,20101231,104216,5041,100
OTP,0,20101231,104216,5041,50
OTP,0,20101231,104216,5041,1
BUX1112,0,20101231,104216,22000,2
RICHTER,0,20101231,104224,42700,126
RICHTER,0,20101231,104224,42700,50
RICHTER,0,20101231,104224,42700,7
DANUBIUS,0,20101231,104252,4400,60
MOL,0,20101231,104302,20915,320
MTELEKOM,0,20101231,104309,514,25
MTELEKOM,0,20101231,104310,514,9200
EGIS,0,20101231,104323,20060,30
EGIS,0,20101231,104323,20055,30
GENESIS,0,20101231,104348,175,20
GENESIS,0,20101231,104348,176,10
MTELEKOM,0,20101231,104349,514,5100
MOL,0,20101231,104400,20920,11
MOL,0,20101231,104400,20920,147
MOL,0,20101231,104400,20920,19
MTELEKOM,0,20101231,104406,513,355
MOL,0,20101231,104407,20905,45
MOL,0,20101231,104428,20905,5
GENESIS,0,20101231,104455,176,990
GENESIS,0,20101231,104455,177,10
MOL,0,20101231,104459,20905,50
MOL,0,20101231,104506,20940,5
MOL,0,20101231,104509,20905,189
MOL,0,20101231,104509,20900,112
MOL,0,20101231,104509,20900,76
BUX1112,0,20101231,104550,21985,1
KEG,0,20101231,104552,139,200
MOL,0,20101231,104605,20900,54
MOL,0,20101231,104607,20900,70
MOL,0,20101231,104607,20900,30
ECONET,0,20101231,104618,90,500
BUX1112,0,20101231,104625,21985,3
HUMET,0,20101231,104720,9,35
OTP,0,20101231,104801,5044,25
OTP,0,20101231,104801,5045,53
OTP,0,20101231,104801,5045,30
PHYLAXIA,0,20101231,104842,45,1000
OTP,0,20101231,104844,5042,167
MOL,0,20101231,104844,20900,5
PANNERGY,0,20101231,104908,906,200
MOL,0,20101231,104914,20900,42
MOL,0,20101231,104926,20900,50
MOL,0,20101231,104946,20900,30
AAA,0,20101231,105005,230,100
MOL,0,20101231,105019,20900,20
RFV,0,20101231,105021,8480,74
RFV,0,20101231,105021,8450,56
ECONET,0,20101231,105025,90,2000
OTP,0,20101231,105028,5042,200
OTP,0,20101231,105038,5042,133
OTP,0,20101231,105038,5045,40
OTP,0,20101231,105038,5045,100
OTP,0,20101231,105038,5045,110
OTP,0,20101231,105038,5045,400
PANNERGY,0,20101231,105046,905,5
PANNERGY,0,20101231,105046,904,200
MTELEKOM,0,20101231,105112,514,900
OTP,0,20101231,105123,5046,45
MTELEKOM,0,20101231,105143,514,360
OTP,0,20101231,105147,5047,20
OTP,0,20101231,105147,5047,87
OTP,0,20101231,105147,5048,106
RICHTER,0,20101231,105147,42700,100
MOL,0,20101231,105220,20900,50
ZWACK,0,20101231,105223,12815,20
ZWACK,0,20101231,105223,12810,33
ZWACK,0,20101231,105223,12800,96
ZWACK,0,20101231,105223,12800,10
ZWACK,0,20101231,105223,12800,41
ECONET,0,20101231,105240,90,2000
OTP,0,20101231,105333,5046,20
DANUBIUS,0,20101231,105422,4400,34
DANUBIUS,0,20101231,105422,4400,100
MOL,0,20101231,105428,20910,10
OTP,0,20101231,105436,5046,40
OTP,0,20101231,105440,5048,200
MTELEKOM,0,20101231,105442,514,250
MTELEKOM,0,20101231,105503,514,490
MTELEKOM,0,20101231,105503,514,900
MOL,0,20101231,105507,20900,18
MOL,0,20101231,105507,20900,15
MOL,0,20101231,105507,20900,17
MTELEKOM,0,20101231,105509,515,1942
BUX1112,0,20101231,105514,21980,8
BUX1112,0,20101231,105514,21990,2
DANUBIUS,0,20101231,105519,4400,3
MTELEKOM,0,20101231,105528,514,110
MTELEKOM,0,20101231,105528,513,2125
MTELEKOM,0,20101231,105528,513,646
DANUBIUS,0,20101231,105542,4400,97
MTELEKOM,0,20101231,105601,513,354
MTELEKOM,0,20101231,105601,513,400
MTELEKOM,0,20101231,105601,513,500
MTELEKOM,0,20101231,105601,513,800
MTELEKOM,0,20101231,105601,513,300
MTELEKOM,0,20101231,105601,513,2646
EGIS,0,20101231,105601,20055,14
DANUBIUS,0,20101231,105648,4400,103
OTP,0,20101231,105700,5047,60
MOL,0,20101231,105704,20885,20
OTP,0,20101231,105705,5047,200
DANUBIUS,0,20101231,105722,4400,97
OTP,0,20101231,105722,5046,12
OTP,0,20101231,105722,5046,1100
OTP,0,20101231,105722,5046,1200
OTP,0,20101231,105722,5045,4500
OTP,0,20101231,105722,5043,200
OTP,0,20101231,105722,5042,2500
OTP,0,20101231,105722,5042,20
OTP,0,20101231,105722,5042,200
OTP,0,20101231,105722,5040,2185
OTP,0,20101231,105722,5040,100
OTP,0,20101231,105722,5040,1882
OTP,0,20101231,105726,5047,200
OTP,0,20101231,105734,5045,50
DANUBIUS,0,20101231,105737,4400,203
MTELEKOM,0,20101231,105800,514,100
MOL,0,20101231,105804,20900,5
MOL,0,20101231,105804,20910,5
MTELEKOM,0,20101231,105817,513,350
RICHTER,0,20101231,105825,42800,28
OTP,0,20101231,105834,5045,20
MTELEKOM,0,20101231,105844,514,900
MTELEKOM,0,20101231,105844,514,100
OTP,0,20101231,105844,5045,50
KEG,0,20101231,105918,139,100
MTELEKOM,0,20101231,105921,514,400
TVK,0,20101231,105935,3305,17
AAA,0,20101231,105935,229,50
OTP,0,20101231,110004,5044,6
OTP,0,20101231,110004,5044,29
OTP,0,20101231,110004,5044,1600
OTP,0,20101231,110020,5045,380
OTP,0,20101231,110020,5045,200
OTP,0,20101231,110029,5045,50
MOL,0,20101231,110035,20900,30
MOL,0,20101231,110044,20900,370
MOL,0,20101231,110045,20900,130
MOL,0,20101231,110045,20905,270
OTP,0,20101231,110055,5041,50
MOL,0,20101231,110059,20905,130
PANNERGY,0,20101231,110101,903,490
RABA,0,20101231,110107,797,50
OTP,0,20101231,110120,5041,40
OTP,0,20101231,110120,5045,60
RABA,0,20101231,110133,800,145
OTP,0,20101231,110218,5040,100
OTP,0,20101231,110241,5040,1018
OTP,0,20101231,110241,5040,100
OTP,0,20101231,110241,5040,200
OTP,0,20101231,110241,5040,1000
OTP,0,20101231,110241,5040,2300
OTP,0,20101231,110241,5040,80
OTP,0,20101231,110241,5040,68
OTP,0,20101231,110241,5040,190
OTP,0,20101231,110241,5040,44
OTP,0,20101231,110245,5040,46
OTP,0,20101231,110245,5040,889
MOL,0,20101231,110246,20905,100
PHYLAXIA,0,20101231,110254,44,7832
PHYLAXIA,0,20101231,110254,44,2168
RABA,0,20101231,110309,801,50
HUMET,0,20101231,110316,9,4508
HUMET,0,20101231,110316,9,1500
HUMET,0,20101231,110316,9,8992
MTELEKOM,0,20101231,110336,514,300
EMASZ,0,20101231,110354,21630,2
EMASZ,0,20101231,110354,21635,1
EMASZ,0,20101231,110354,21635,5
EMASZ,0,20101231,110354,21650,35
EMASZ,0,20101231,110354,21650,3
EMASZ,0,20101231,110354,21655,3
HUMET,0,20101231,110401,9,130
ECONET,0,20101231,110402,89,984
ECONET,0,20101231,110402,89,16
MTELEKOM,0,20101231,110416,514,350
ECONET,0,20101231,110417,90,500
MOL,0,20101231,110420,20900,215
OTP,0,20101231,110433,5041,24
OTP,0,20101231,110433,5040,11
PANNERGY,0,20101231,110438,905,50
OTP,0,20101231,110439,5044,75
KEG,0,20101231,110459,139,194
OTP,0,20101231,110528,5044,888
OTP,0,20101231,110528,5045,65
OTP,0,20101231,110528,5045,200
OTP,0,20101231,110528,5045,500
OTP,0,20101231,110534,5042,60
OTP,0,20101231,110534,5042,60
OTP,0,20101231,110534,5040,430
RABA,0,20101231,110544,800,200
KEG,0,20101231,110546,140,71
KEG,0,20101231,110546,140,123
RABA,0,20101231,110553,801,145
OTP,0,20101231,110559,5041,36
AAA,0,20101231,110602,229,50
MOL,0,20101231,110641,20900,322
MOL,0,20101231,110641,20900,134
MOL,0,20101231,110641,20900,50
OTP,0,20101231,110643,5042,39
MOL,0,20101231,110644,20910,30
MOL,0,20101231,110646,20925,2
MOL,0,20101231,110646,20925,20
MOL,0,20101231,110649,20930,27
MOL,0,20101231,110651,20935,20
MTELEKOM,0,20101231,110704,514,50
FOTEX,0,20101231,110727,382,246
OTP,0,20101231,110736,5042,4
OTP,0,20101231,110901,5042,80
PANNERGY,0,20101231,110901,905,180
MOL,0,20101231,110914,20895,5
MOL,0,20101231,110914,20895,10
MOL,0,20101231,110914,20890,10
MTELEKOM,0,20101231,110918,514,1000
OTP,0,20101231,110924,5042,166
OTP,0,20101231,110924,5042,34
MTELEKOM,0,20101231,110953,514,986
OTP,0,20101231,111013,5042,154
MOL,0,20101231,111019,20890,15
OTP,0,20101231,111029,5042,37
PANNERGY,0,20101231,111032,905,330
PANNERGY,0,20101231,111032,906,50
PANNERGY,0,20101231,111032,909,170
MOL,0,20101231,111052,20890,15
BUX1112,0,20101231,111119,21989,4
BUX1112,0,20101231,111119,21990,13
MOL,0,20101231,111128,20890,15
MOL,0,20101231,111128,20890,35
ANY,0,20101231,111209,732,100
ANY,0,20101231,111209,737,50
ANY,0,20101231,111209,737,50
ANY,0,20101231,111209,738,58
ANY,0,20101231,111209,738,49
ANY,0,20101231,111209,739,100
ANY,0,20101231,111209,740,93
OTP,0,20101231,111226,5045,10
OTP,0,20101231,111228,5045,54
OTP,0,20101231,111259,5042,82
OTP,0,20101231,111308,5046,200
AAA,0,20101231,111317,228,20
PHYLAXIA,0,20101231,111318,44,4600
RFV,0,20101231,111331,8500,1
RFV,0,20101231,111331,8520,1
MOL,0,20101231,111405,20890,2
OTP,0,20101231,111408,5046,49
MTELEKOM,0,20101231,111421,515,500
OTP,0,20101231,111448,5046,2
OTP,0,20101231,111500,5045,10
OTP,0,20101231,111500,5045,2906
OTP,0,20101231,111500,5045,584
OTP,0,20101231,111508,5046,114
MOL,0,20101231,111515,20895,200
OTP,0,20101231,111525,5046,86
OTP,0,20101231,111525,5045,285
OTP,0,20101231,111529,5045,25
FOTEX,0,20101231,111602,382,1
OTP,0,20101231,111615,5047,100
MTELEKOM,0,20101231,111705,515,21
ECONET,0,20101231,111718,89,1265
GENESIS,0,20101231,111728,173,511
OTP,0,20101231,111735,5047,140
OTP,0,20101231,111735,5047,60
OTP,0,20101231,111747,5046,500
BUX1112,0,20101231,111754,21999,4
BUX1112,0,20101231,111754,21999,10
BUX1112,0,20101231,111817,22000,5
MTELEKOM,0,20101231,111834,514,3964
MTELEKOM,0,20101231,111834,514,336
BUX1112,0,20101231,111839,22000,1
BUX1112,0,20101231,111839,22000,4
BUX1112,0,20101231,111839,22000,45
MTELEKOM,0,20101231,111847,515,2562
MTELEKOM,0,20101231,111847,515,1000
MTELEKOM,0,20101231,111847,515,625
MTELEKOM,0,20101231,111847,515,113
OTP,0,20101231,111858,5045,6
OTP,0,20101231,111858,5045,26
OTP,0,20101231,111858,5046,61
OTP,0,20101231,111858,5047,939
OTP,0,20101231,111945,5047,1
OTP,0,20101231,111945,5047,199
OTP,0,20101231,111952,5046,75
OTP,0,20101231,111952,5046,125
OTP,0,20101231,112001,5046,75
RABA,0,20101231,112001,803,55
MOL,0,20101231,112002,20890,6
BUX1112,0,20101231,112008,22000,13
MOL,0,20101231,112013,20900,50
MTELEKOM,0,20101231,112013,515,110
TVK,0,20101231,112034,3305,17
GSPARK,0,20101231,112041,779,7
OTP,0,20101231,112043,5046,125
OTP,0,20101231,112043,5047,75
OTP,0,20101231,112101,5045,13
OTP,0,20101231,112117,5045,130
FHB,0,20101231,112117,955,170
FOTEX,0,20101231,112158,380,100
OTP,0,20101231,112201,5047,226
OTP,0,20101231,112201,5047,36
OTP,0,20101231,112201,5048,694
OTP,0,20101231,112201,5048,1077
OTP,0,20101231,112201,5048,467
MTELEKOM,0,20101231,112225,514,494
MTELEKOM,0,20101231,112225,514,706
OTP,0,20101231,112228,5048,33
OTP,0,20101231,112228,5048,50
OTP,0,20101231,112228,5048,1
OTP,0,20101231,112228,5048,88
DANUBIUS,0,20101231,112243,4400,40
OTP,0,20101231,112247,5048,100
OTP,0,20101231,112251,5048,98
OTP,0,20101231,112311,5047,200
MTELEKOM,0,20101231,112317,515,777
MTELEKOM,0,20101231,112317,515,300
MTELEKOM,0,20101231,112317,515,123
PHYLAXIA,0,20101231,112320,45,1250
MOL,0,20101231,112326,20900,4
RICHTER,0,20101231,112331,42780,72
RICHTER,0,20101231,112331,42785,4
RICHTER,0,20101231,112331,42785,12
RICHTER,0,20101231,112331,42795,10
RICHTER,0,20101231,112331,42800,9
RICHTER,0,20101231,112331,42800,367
OTP,0,20101231,112340,5047,200
KEG,0,20101231,112358,140,250
OTP,0,20101231,112409,5047,70
OTP,0,20101231,112409,5047,30
OTP,0,20101231,112411,5047,63
OTP,0,20101231,112411,5047,37
MOL,0,20101231,112418,20890,20
OTP,0,20101231,112423,5047,89
MOL,0,20101231,112440,20900,36
OTP,0,20101231,112505,5047,200
SYNERGON,0,20101231,112509,480,15
OTP,0,20101231,112602,5048,200
OTP,0,20101231,112616,5048,14
OTP,0,20101231,112616,5048,186
MTELEKOM,0,20101231,112616,515,1877
MTELEKOM,0,20101231,112616,515,500
MTELEKOM,0,20101231,112616,515,2623
AAA,0,20101231,112618,223,100
MOL,0,20101231,112641,20900,14
MTELEKOM,0,20101231,112647,514,700
BUX1112,0,20101231,112656,21996,1
BUX1112,0,20101231,112656,21998,6
BUX1112,0,20101231,112656,21999,1
BUX1112,0,20101231,112656,22000,2
OTP,0,20101231,112716,5048,114
OTP,0,20101231,112716,5048,50
OTP,0,20101231,112717,5048,336
OTP,0,20101231,112717,5047,574
OTP,0,20101231,112717,5047,290
OTP,0,20101231,112717,5047,410
MOL,0,20101231,112724,20890,20
MOL,0,20101231,112733,20890,7
MOL,0,20101231,112733,20890,24
MTELEKOM,0,20101231,112735,514,500
PANNERGY,0,20101231,112743,907,572
BUX1112,0,20101231,112749,21991,1
OTP,0,20101231,112752,5046,100
OTP,0,20101231,112752,5046,1900
OTP,0,20101231,112801,5045,1831
OTP,0,20101231,112801,5045,60
OTP,0,20101231,112801,5045,1100
OTP,0,20101231,112801,5045,100
OTP,0,20101231,112801,5045,75
OTP,0,20101231,112801,5045,6
OTP,0,20101231,112801,5045,328
OTP,0,20101231,112809,5045,172
OTP,0,20101231,112809,5045,100
MTELEKOM,0,20101231,112812,515,333
OTP,0,20101231,112812,5045,1228
MOL,0,20101231,112832,20860,3
HUMET,0,20101231,112833,9,1750
RABA,0,20101231,112850,800,43
MOL,0,20101231,112916,20855,197
MTELEKOM,0,20101231,112923,515,2044
MTELEKOM,0,20101231,112923,515,592
MTELEKOM,0,20101231,112923,515,4450
MTELEKOM,0,20101231,112923,515,2000
MTELEKOM,0,20101231,112923,515,400
MTELEKOM,0,20101231,112923,515,104
OTP,0,20101231,112926,5046,400
OTP,0,20101231,112932,5045,100
MTELEKOM,0,20101231,112946,515,4
ZWACK,0,20101231,112950,12950,1
ZWACK,0,20101231,112950,12850,3
ZWACK,0,20101231,112950,12825,5
ZWACK,0,20101231,112950,12800,1
PHYLAXIA,0,20101231,112955,44,10000
OTP,0,20101231,113034,5047,100
KEG,0,20101231,113103,139,100
MTELEKOM,0,20101231,113104,515,155
MTELEKOM,0,20101231,113104,515,300
MTELEKOM,0,20101231,113104,515,1053
MTELEKOM,0,20101231,113104,515,1992
OTP,0,20101231,113105,5047,304
ZWACK,0,20101231,113120,12850,7
MTELEKOM,0,20101231,113130,515,88
BUX1112,0,20101231,113140,21991,1
OTP,0,20101231,113143,5046,100
OTP,0,20101231,113149,5047,200
MOL,0,20101231,113155,20890,2
MOL,0,20101231,113155,20895,8
MTELEKOM,0,20101231,113157,514,500
MTELEKOM,0,20101231,113212,515,1000
ECONET,0,20101231,113212,89,1500
MOL,0,20101231,113212,20855,3
MOL,0,20101231,113212,20855,497
BUX1112,0,20101231,113225,21990,1
EGIS,0,20101231,113229,20060,28
HUMET,0,20101231,113241,9,34500
ANY,0,20101231,113241,735,531703
ZWACK,0,20101231,113242,12850,20
MOL,0,20101231,113309,20855,3
MOL,0,20101231,113309,20850,47
OTP,0,20101231,113324,5046,10
OTP,0,20101231,113324,5046,790
OTP,0,20101231,113325,5047,400
OTP,0,20101231,113338,5047,86
OTP,0,20101231,113338,5047,5
ANY,0,20101231,113346,735,236450
OTP,0,20101231,113410,5047,153
OTP,0,20101231,113420,5047,100
BUX1112,0,20101231,113510,21991,1
BUX1112,0,20101231,113510,21990,4
BUX1112,0,20101231,113510,21990,2
ZWACK,0,20101231,113525,12850,3
OTP,0,20101231,113529,5048,60
OTP,0,20101231,113529,5048,140
ZWACK,0,20101231,113530,12800,7
MOL,0,20101231,113540,20850,27
OTP,0,20101231,113618,5047,23
OTP,0,20101231,113618,5047,77
FHB,0,20101231,113633,955,170
MTELEKOM,0,20101231,113640,515,6020
MTELEKOM,0,20101231,113640,515,4
MTELEKOM,0,20101231,113640,515,300
MTELEKOM,0,20101231,113640,515,1000
MTELEKOM,0,20101231,113640,515,350
MTELEKOM,0,20101231,113640,515,400
GENESIS,0,20101231,113641,177,30
MOL,0,20101231,113658,20855,500
OTP,0,20101231,113706,5048,200
OTP,0,20101231,113718,5048,1
MTELEKOM,0,20101231,113723,515,500
TVK,0,20101231,113734,3305,16
TVK,0,20101231,113734,3300,3
OTP,0,20101231,113748,5048,11
OTP,0,20101231,113749,5047,523
OTP,0,20101231,113749,5047,500
OTP,0,20101231,113749,5047,100
MOL,0,20101231,113750,20850,26
MOL,0,20101231,113750,20850,9
MOL,0,20101231,113812,20880,10
MOL,0,20101231,113812,20860,10
OTP,0,20101231,113818,5047,431
MOL,0,20101231,113828,20850,6
ECONET,0,20101231,113832,89,600
MTELEKOM,0,20101231,113837,516,7
MTELEKOM,0,20101231,113837,516,61
MTELEKOM,0,20101231,113839,515,1000
MOL,0,20101231,113839,20840,35
OTP,0,20101231,113846,5047,200
MOL,0,20101231,113847,20840,165
MOL,0,20101231,113847,20840,5
MOL,0,20101231,113856,20840,10
OTP,0,20101231,113904,5047,100
OTP,0,20101231,113904,5048,40
MOL,0,20101231,113944,20840,275
MOL,0,20101231,113958,20840,45
MOL,0,20101231,114101,20830,25
MOL,0,20101231,114101,20810,200
MOL,0,20101231,114101,20810,100
MTELEKOM,0,20101231,114105,516,39
MTELEKOM,0,20101231,114105,516,250
MTELEKOM,0,20101231,114105,516,711
OTP,0,20101231,114106,5047,50
OTP,0,20101231,114106,5047,91
MTELEKOM,0,20101231,114105,516,39
MTELEKOM,0,20101231,114105,516,250
MTELEKOM,0,20101231,114105,516,711
OTP,0,20101231,114106,5047,50
OTP,0,20101231,114106,5047,91
BUX1112,0,20101231,114114,21989.5,1
BUX1112,0,20101231,114134,21990,1
MOL,0,20101231,114135,20830,45
OTP,0,20101231,114146,5048,100
MOL,0,20101231,114151,20830,45
MOL,0,20101231,114151,20830,255
OTP,0,20101231,114155,5048,508
OTP,0,20101231,114155,5048,100
OTP,0,20101231,114155,5048,125
OTP,0,20101231,114155,5049,1000
OTP,0,20101231,114155,5049,150
OTP,0,20101231,114155,5049,1000
OTP,0,20101231,114155,5049,70
OTP,0,20101231,114155,5049,100
OTP,0,20101231,114155,5049,50
OTP,0,20101231,114155,5049,71
OTP,0,20101231,114155,5050,50
OTP,0,20101231,114155,5050,60
OTP,0,20101231,114155,5050,50
OTP,0,20101231,114155,5050,10
OTP,0,20101231,114155,5050,1107
OTP,0,20101231,114155,5050,20
OTP,0,20101231,114155,5050,97
OTP,0,20101231,114155,5050,432
MOL,0,20101231,114202,20830,45
FHB,0,20101231,114210,955,50
BUX1112,0,20101231,114215,21976.5,2
BUX1112,0,20101231,114215,21966,8
RABA,0,20101231,114218,800,112
OTP,0,20101231,114219,5050,800
MTELEKOM,0,20101231,114220,516,820
OTP,0,20101231,114229,5048,80
OTP,0,20101231,114232,5048,10
BUX1112,0,20101231,114235,21940,3
BUX1112,0,20101231,114242,21940,1
OTP,0,20101231,114243,5050,75
OTP,0,20101231,114243,5050,100
OTP,0,20101231,114243,5050,90
OTP,0,20101231,114244,5050,235
BUX1112,0,20101231,114243,21940,1
BUX1112,0,20101231,114249,21990,1
BUX1112,0,20101231,114249,21989.5,1
PHYLAXIA,0,20101231,114255,44,3232
PHYLAXIA,0,20101231,114255,44,10000
PHYLAXIA,0,20101231,114255,44,10
PHYLAXIA,0,20101231,114255,44,2500
PHYLAXIA,0,20101231,114255,44,34
BUX1112,0,20101231,114256,21990,2
OTP,0,20101231,114304,5050,500
OTP,0,20101231,114304,5048,41
OTP,0,20101231,114304,5047,274
BUX1112,0,20101231,114305,21939,50
MOL,0,20101231,114310,20810,50
MOL,0,20101231,114330,20810,100
MOL,0,20101231,114330,20805,100
DANUBIUS,0,20101231,114333,4440,20
DANUBIUS,0,20101231,114333,4445,20
DANUBIUS,0,20101231,114333,4445,30
DANUBIUS,0,20101231,114333,4460,18
DANUBIUS,0,20101231,114333,4465,100
DANUBIUS,0,20101231,114333,4470,24
DANUBIUS,0,20101231,114333,4470,10
DANUBIUS,0,20101231,114333,4470,6
DANUBIUS,0,20101231,114333,4475,50
DANUBIUS,0,20101231,114333,4475,200
DANUBIUS,0,20101231,114333,4480,209
DANUBIUS,0,20101231,114333,4480,150
DANUBIUS,0,20101231,114333,4495,90
DANUBIUS,0,20101231,114333,4500,73
MOL,0,20101231,114351,20805,197
MTELEKOM,0,20101231,114355,515,9574
AAA,0,20101231,114402,229,300
AAA,0,20101231,114402,230,1
MOL,0,20101231,114421,20805,24
MOL,0,20101231,114451,20805,4
MOL,0,20101231,114451,20805,16
OTP,0,20101231,114458,5048,9
MOL,0,20101231,114507,20805,34
MOL,0,20101231,114507,20800,7
MOL,0,20101231,114507,20800,109
MOL,0,20101231,114524,20885,100
MOL,0,20101231,114524,20890,25
MOL,0,20101231,114524,20895,10
MOL,0,20101231,114524,20895,10
MOL,0,20101231,114524,20900,486
MOL,0,20101231,114524,20900,100
MOL,0,20101231,114524,20900,100
MOL,0,20101231,114524,20900,3
MOL,0,20101231,114524,20900,145
MOL,0,20101231,114524,20900,34
MOL,0,20101231,114524,20900,21
MOL,0,20101231,114524,20900,490
MOL,0,20101231,114524,20915,100
MOL,0,20101231,114524,20920,110
MOL,0,20101231,114524,20920,10
MOL,0,20101231,114524,20920,20
MOL,0,20101231,114524,20930,304
MOL,0,20101231,114524,20930,100
MOL,0,20101231,114524,20935,30
MOL,0,20101231,114524,20935,100
MOL,0,20101231,114524,20935,500
MOL,0,20101231,114524,20940,100
MOL,0,20101231,114524,20940,300
MOL,0,20101231,114524,20940,15
MOL,0,20101231,114524,20945,10
MOL,0,20101231,114524,20945,262
MOL,0,20101231,114524,20945,34
MOL,0,20101231,114524,20945,5
MOL,0,20101231,114524,20945,250
MOL,0,20101231,114524,20945,100
MOL,0,20101231,114524,20950,1000
MOL,0,20101231,114524,20950,20
MOL,0,20101231,114524,20950,25
MOL,0,20101231,114524,20950,91
RICHTER,0,20101231,114540,42795,50
OTP,0,20101231,114555,5050,111
MOL,0,20101231,114625,20945,1000
MTELEKOM,0,20101231,114630,515,9574
MTELEKOM,0,20101231,114630,516,500
OTP,0,20101231,114630,5050,179
OTP,0,20101231,114630,5050,20
OTP,0,20101231,114630,5050,101
OTP,0,20101231,114635,5050,207
GENESIS,0,20101231,114637,173,1589
GENESIS,0,20101231,114637,173,850
GENESIS,0,20101231,114637,173,691
OTP,0,20101231,114701,5048,41
OTP,0,20101231,114701,5048,400
OTP,0,20101231,114701,5048,9
OTP,0,20101231,114701,5048,160
RICHTER,0,20101231,114708,42795,50
BUX1112,0,20101231,114715,21953.5,1
MOL,0,20101231,114719,20945,40
MTELEKOM,0,20101231,114722,516,2000
OTP,0,20101231,114722,5050,692
OTP,0,20101231,114722,5050,31
OTP,0,20101231,114722,5055,100
OTP,0,20101231,114722,5055,1177
RFV,0,20101231,114730,8515,45
FHB,0,20101231,114802,957,100
FHB,0,20101231,114802,958,115
MTELEKOM,0,20101231,114803,515,1700
OTP,0,20101231,114804,5050,100
MTELEKOM,0,20101231,114809,516,500
GENESIS,0,20101231,114809,177,30
OTP,0,20101231,114812,5048,200
OTP,0,20101231,114832,5050,193
OTP,0,20101231,114835,5050,807
OTP,0,20101231,114835,5049,20
OTP,0,20101231,114835,5048,140
OTP,0,20101231,114835,5048,333
MTELEKOM,0,20101231,114845,516,1000
PANNERGY,0,20101231,114858,905,170
PANNERGY,0,20101231,114903,904,30
PANNERGY,0,20101231,114903,904,720
TVK,0,20101231,114914,3300,9
MTELEKOM,0,20101231,114915,515,9578
MTELEKOM,0,20101231,114915,515,200
MTELEKOM,0,20101231,114915,515,1496
ECONET,0,20101231,114918,90,200
MOL,0,20101231,114919,20900,6
TVK,0,20101231,114921,3300,17
MTELEKOM,0,20101231,114925,515,204
MTELEKOM,0,20101231,114925,515,2296
RABA,0,20101231,114942,798,38
MTELEKOM,0,20101231,114955,515,9578
OTP,0,20101231,114956,5050,2
FHB,0,20101231,114959,956,100
FHB,0,20101231,114959,955,70
MTELEKOM,0,20101231,115012,515,1871
MOL,0,20101231,115012,20940,2
MOL,0,20101231,115012,20940,28
MOL,0,20101231,115012,20900,10
OTP,0,20101231,115012,5049,24
OTP,0,20101231,115012,5049,176
OTP,0,20101231,115012,5048,167
OTP,0,20101231,115012,5048,300
OTP,0,20101231,115012,5048,10
OTP,0,20101231,115012,5048,147
OTP,0,20101231,115012,5048,49
OTP,0,20101231,115012,5050,60
OTP,0,20101231,115013,5050,120
OTP,0,20101231,115013,5050,50
OTP,0,20101231,115013,5048,704
OTP,0,20101231,115013,5048,100
OTP,0,20101231,115013,5047,196
OTP,0,20101231,115013,5047,100
OTP,0,20101231,115013,5050,30
OTP,0,20101231,115013,5050,50
OTP,0,20101231,115013,5047,50
OTP,0,20101231,115014,5047,89
OTP,0,20101231,115014,5047,211
OTP,0,20101231,115014,5050,50
MOL,0,20101231,115020,20940,26
OTP,0,20101231,115021,5049,120
OTP,0,20101231,115021,5047,289
OTP,0,20101231,115021,5047,498
OTP,0,20101231,115021,5047,93
RICHTER,0,20101231,115023,42620,10
RICHTER,0,20101231,115023,42620,1
RICHTER,0,20101231,115029,42780,40
MOL,0,20101231,115034,20900,5
MOL,0,20101231,115045,20900,183
OTP,0,20101231,115104,5047,157
OTP,0,20101231,115104,5047,500
OTP,0,20101231,115104,5047,343
OTP,0,20101231,115105,5050,153
OTP,0,20101231,115113,5050,100
MOL,0,20101231,115123,20900,15
OTP,0,20101231,115132,5050,385
OTP,0,20101231,115132,5050,141
OTP,0,20101231,115132,5050,1000
OTP,0,20101231,115132,5050,50
OTP,0,20101231,115142,5050,424
OTP,0,20101231,115142,5050,576
MOL,0,20101231,115149,20900,26
OTP,0,20101231,115153,5050,18
OTP,0,20101231,115153,5050,23
MTELEKOM,0,20101231,115154,516,300
OTP,0,20101231,115154,5050,100
GSPARK,0,20101231,115213,770,35
GSPARK,0,20101231,115213,770,165
OTP,0,20101231,115217,5050,283
OTP,0,20101231,115217,5050,672
OTP,0,20101231,115217,5050,45
RICHTER,0,20101231,115219,42750,24
OTP,0,20101231,115242,5050,1
GSPARK,0,20101231,115258,779,143
GSPARK,0,20101231,115258,783,57
MTELEKOM,0,20101231,115259,516,4169
MTELEKOM,0,20101231,115259,516,285
MTELEKOM,0,20101231,115259,516,500
MTELEKOM,0,20101231,115259,516,1200
MTELEKOM,0,20101231,115259,516,350
MTELEKOM,0,20101231,115259,516,1000
MTELEKOM,0,20101231,115259,516,300
MTELEKOM,0,20101231,115259,516,196
HUMET,0,20101231,115308,9,5000
OTP,0,20101231,115336,5050,754
OTP,0,20101231,115336,5050,137
KEG,0,20101231,115341,140,100
OTP,0,20101231,115344,5052,34
OTP,0,20101231,115344,5053,16
MTELEKOM,0,20101231,115346,516,4
MOL,0,20101231,115354,20900,20
OTP,0,20101231,115357,5050,1000
ELMU,0,20101231,115358,27680,4
ELMU,0,20101231,115358,27690,3
ELMU,0,20101231,115358,27695,7
ELMU,0,20101231,115358,27750,10
ELMU,0,20101231,115358,27945,23
ELMU,0,20101231,115358,27975,11
ELMU,0,20101231,115358,27990,1
ELMU,0,20101231,115358,28000,1
MOL,0,20101231,115407,20930,90
MOL,0,20101231,115407,20935,6
MOL,0,20101231,115407,20935,26
MOL,0,20101231,115407,20940,178
DANUBIUS,0,20101231,115408,4460,12
DANUBIUS,0,20101231,115408,4495,50
DANUBIUS,0,20101231,115408,4500,27
DANUBIUS,0,20101231,115408,4500,1218
DANUBIUS,0,20101231,115408,4500,9
DANUBIUS,0,20101231,115408,4500,50
DANUBIUS,0,20101231,115408,4500,80
DANUBIUS,0,20101231,115408,4500,468
PANNERGY,0,20101231,115408,904,24
ANY,0,20101231,115425,725,150
OTP,0,20101231,115443,5050,50
EMASZ,0,20101231,115446,21785,5
EMASZ,0,20101231,115446,21900,5
EMASZ,0,20101231,115446,21930,5
EMASZ,0,20101231,115446,21935,8
EMASZ,0,20101231,115446,21945,1
EMASZ,0,20101231,115446,21950,5
EMASZ,0,20101231,115446,21950,5
EMASZ,0,20101231,115446,21975,6
EMASZ,0,20101231,115446,21990,5
EMASZ,0,20101231,115446,22190,10
EMASZ,0,20101231,115446,22445,5
EMASZ,0,20101231,115446,22450,2
EMASZ,0,20101231,115446,22500,4
MTELEKOM,0,20101231,115447,517,100
MTELEKOM,0,20101231,115447,517,650
MTELEKOM,0,20101231,115447,517,1100
MTELEKOM,0,20101231,115447,517,500
MTELEKOM,0,20101231,115447,517,400
MTELEKOM,0,20101231,115447,517,3055
MTELEKOM,0,20101231,115447,517,300
MTELEKOM,0,20101231,115447,517,162
MTELEKOM,0,20101231,115447,517,200
MTELEKOM,0,20101231,115447,517,200
MTELEKOM,0,20101231,115447,517,500
MTELEKOM,0,20101231,115447,517,2000
MTELEKOM,0,20101231,115447,517,200
MTELEKOM,0,20101231,115447,517,1000
MTELEKOM,0,20101231,115447,517,1633
MTELEKOM,0,20101231,115451,516,100
BUX1112,0,20101231,115453,21988,2
MOL,0,20101231,115457,20940,72
OTP,0,20101231,115458,5050,813
OTP,0,20101231,115458,5050,1000
OTP,0,20101231,115458,5050,50
OTP,0,20101231,115458,5050,100
OTP,0,20101231,115458,5050,4000
OTP,0,20101231,115458,5050,200
OTP,0,20101231,115458,5050,657
OTP,0,20101231,115458,5050,180
ANY,0,20101231,120047,735,160
ANY,0,20101231,120047,735,70
ANY,0,20101231,120047,735,500
BOOK,0,20101231,120047,455,1
DANUBIUS,0,20101231,120047,4500,113
DANUBIUS,0,20101231,120047,4500,586
ECONET,0,20101231,120047,90,1000
ECONET,0,20101231,120047,90,39000
ECONET,0,20101231,120047,90,1000
ECONET,0,20101231,120047,90,1000
ECONET,0,20101231,120047,90,9000
EGIS,0,20101231,120047,20090,30
EGIS,0,20101231,120047,20090,5
EGIS,0,20101231,120047,20090,21
ELMU,0,20101231,120047,28500,2
ELMU,0,20101231,120047,28500,10
ELMU,0,20101231,120047,28500,30
ELMU,0,20101231,120047,28500,5
ELMU,0,20101231,120047,28500,3
FHB,0,20101231,120047,955,40
FHB,0,20101231,120047,955,39
FHB,0,20101231,120047,955,157
FHB,0,20101231,120047,955,264
FHB,0,20101231,120047,955,100
FHB,0,20101231,120047,955,136
FOTEX,0,20101231,120047,383,1
GENESIS,0,20101231,120047,177,640
GENESIS,0,20101231,120047,177,10
HUMET,0,20101231,120047,9,1
HUMET,0,20101231,120047,9,9999
MOL,0,20101231,120047,20790,50
MOL,0,20101231,120047,20790,1226
MOL,0,20101231,120047,20790,452
MOL,0,20101231,120047,20790,40
MOL,0,20101231,120047,20790,1199
MOL,0,20101231,120047,20790,801
MOL,0,20101231,120047,20790,20
MOL,0,20101231,120047,20790,30
MOL,0,20101231,120047,20790,149
MOL,0,20101231,120047,20790,32
MTELEKOM,0,20101231,120047,516,17804
MTELEKOM,0,20101231,120047,516,100
MTELEKOM,0,20101231,120047,516,2000
MTELEKOM,0,20101231,120047,516,13402
MTELEKOM,0,20101231,120047,516,2000
MTELEKOM,0,20101231,120047,516,515
MTELEKOM,0,20101231,120047,516,100
MTELEKOM,0,20101231,120047,516,500
MTELEKOM,0,20101231,120047,516,1483
MTELEKOM,0,20101231,120047,516,767
MTELEKOM,0,20101231,120047,516,1629
MTELEKOM,0,20101231,120047,516,186
MTELEKOM,0,20101231,120047,516,250
MTELEKOM,0,20101231,120047,516,835
MTELEKOM,0,20101231,120047,516,165
MTELEKOM,0,20101231,120047,516,600
OTP,0,20101231,120047,5020,200
OTP,0,20101231,120047,5020,500
OTP,0,20101231,120047,5020,200
OTP,0,20101231,120047,5020,7693
OTP,0,20101231,120047,5020,400
OTP,0,20101231,120047,5020,629
OTP,0,20101231,120047,5020,20
OTP,0,20101231,120047,5020,1000
OTP,0,20101231,120047,5020,820
OTP,0,20101231,120047,5020,50
OTP,0,20101231,120047,5020,200
OTP,0,20101231,120047,5020,100
OTP,0,20101231,120047,5020,10
OTP,0,20101231,120047,5020,333
OTP,0,20101231,120047,5020,30
OTP,0,20101231,120047,5020,45
OTP,0,20101231,120047,5020,50
OTP,0,20101231,120047,5020,60
OTP,0,20101231,120047,5020,300
OTP,0,20101231,120047,5020,300
OTP,0,20101231,120047,5020,20
OTP,0,20101231,120047,5020,19
OTP,0,20101231,120047,5020,100
OTP,0,20101231,120047,5020,95
OTP,0,20101231,120047,5020,600
OTP,0,20101231,120047,5020,10
OTP,0,20101231,120047,5020,12
OTP,0,20101231,120047,5020,100
OTP,0,20101231,120047,5020,100
OTP,0,20101231,120047,5020,100
OTP,0,20101231,120047,5020,1000
OTP,0,20101231,120047,5020,10
OTP,0,20101231,120047,5020,10
OTP,0,20101231,120047,5020,111
OTP,0,20101231,120047,5020,180
OTP,0,20101231,120047,5020,64
OTP,0,20101231,120047,5020,100
OTP,0,20101231,120047,5020,55
OTP,0,20101231,120047,5020,155
OTP,0,20101231,120047,5020,17
OTP,0,20101231,120047,5020,100
OTP,0,20101231,120047,5020,100
OTP,0,20101231,120047,5020,895
OTP,0,20101231,120047,5020,250
OTP,0,20101231,120047,5020,557
OTP,0,20101231,120047,5020,99
OTP,0,20101231,120047,5020,300
OTP,0,20101231,120047,5020,68
OTP,0,20101231,120047,5020,8
OTP,0,20101231,120047,5020,202
OTP,0,20101231,120047,5020,100
OTP,0,20101231,120047,5020,50
OTP,0,20101231,120047,5020,225
OTP,0,20101231,120047,5020,450
OTP,0,20101231,120047,5020,100
OTP,0,20101231,120047,5020,200
OTP,0,20101231,120047,5020,200
OTP,0,20101231,120047,5020,856
OTP,0,20101231,120047,5020,1144
OTP,0,20101231,120047,5020,69
OTP,0,20101231,120047,5020,10
OTP,0,20101231,120047,5020,24
OTP,0,20101231,120047,5020,380
OTP,0,20101231,120047,5020,30
OTP,0,20101231,120047,5020,25
OTP,0,20101231,120047,5020,20
OTP,0,20101231,120047,5020,100
OTP,0,20101231,120047,5020,100
OTP,0,20101231,120047,5020,40
OTP,0,20101231,120047,5020,200
OTP,0,20101231,120047,5020,12
OTP,0,20101231,120047,5020,1
OTP,0,20101231,120047,5020,915
OTP,0,20101231,120047,5020,416
OTP,0,20101231,120047,5020,669
OTP,0,20101231,120047,5020,20
OTP,0,20101231,120047,5020,11
OTP,0,20101231,120047,5020,160
OTP,0,20101231,120047,5020,2000
OTP,0,20101231,120047,5020,200
PANNERGY,0,20101231,120047,904,31
PANNERGY,0,20101231,120047,904,449
PANNERGY,0,20101231,120047,904,19
PANNERGY,0,20101231,120047,904,181
PHYLAXIA,0,20101231,120047,44,10063
PHYLAXIA,0,20101231,120047,44,826
PHYLAXIA,0,20101231,120047,44,3000
PHYLAXIA,0,20101231,120047,44,6174
RABA,0,20101231,120047,802,1
RFV,0,20101231,120047,8510,10
RFV,0,20101231,120047,8510,1
RICHTER,0,20101231,120047,42550,416
RICHTER,0,20101231,120047,42550,454
RICHTER,0,20101231,120047,42550,19
RICHTER,0,20101231,120047,42550,103
RICHTER,0,20101231,120047,42550,154
RICHTER,0,20101231,120047,42550,23
RICHTER,0,20101231,120047,42550,1
RICHTER,0,20101231,120047,42550,4
RICHTER,0,20101231,120047,42550,218
RICHTER,0,20101231,120047,42550,82
SYNERGON,0,20101231,120047,476,5
SYNERGON,0,20101231,120047,476,500
SYNERGON,0,20101231,120047,476,57
SYNERGON,0,20101231,120047,476,100
SYNERGON,0,20101231,120047,476,189
OTP,0,20101231,120124,5020,20
BUX1112,0,20101231,120137,21989,1
BUX1112,0,20101231,120137,21989,3
BUX1112,0,20101231,120137,21989,1
BUX1112,0,20101231,120137,21989,4
BUX1112,0,20101231,120137,21989,1
BUX1112,0,20101231,120137,21989,1
BUX1112,0,20101231,120137,21989,1
BUX1112,0,20101231,120137,21989,1
RICHTER,0,20101231,120139,42550,18
RICHTER,0,20101231,120139,42550,50
ECONET,0,20101231,120156,90,300
ECONET,0,20101231,120156,90,1944
ECONET,0,20101231,120156,90,4545
ECONET,0,20101231,120156,90,200
ECONET,0,20101231,120156,90,340
ECONET,0,20101231,120156,90,1000
ECONET,0,20101231,120156,90,1671
OTP,0,20101231,120216,5020,13
PANNERGY,0,20101231,120221,904,319
OTP,0,20101231,120223,5020,3000
MOL,0,20101231,120229,20790,50
PANNERGY,0,20101231,120252,904,25
MTELEKOM,0,20101231,120303,516,1985
PANNERGY,0,20101231,120312,904,156
RABA,0,20101231,120314,802,99
MOL,0,20101231,120316,20790,769
MOL,0,20101231,120316,20790,100
OTP,0,20101231,120319,5020,1722
OTP,0,20101231,120319,5020,14
OTP,0,20101231,120343,5020,70
HUMET,0,20101231,120352,9,500
OTP,0,20101231,120406,5020,90
MOL,0,20101231,120409,20790,1000
EGIS,0,20101231,120412,20090,9
HUMET,0,20101231,120413,9,10000
MOL,0,20101231,120415,20790,131
MOL,0,20101231,120415,20790,100
OTP,0,20101231,120438,5020,20
OTP,0,20101231,120444,5020,13
FHB,0,20101231,120444,955,100
