<TICKER>,<PER>,<DTYYYYMMDD>,<TIME>,<CLOSE>,<VOLUME>
EGIS,0,20101207,090033,18455,10
EGIS,0,20101207,090033,18455,1
EMASZ,0,20101207,090033,21290,3
FHB,0,20101207,090033,960,150
KEG,0,20101207,090033,157,1700
KEG,0,20101207,090033,157,300
MOL,0,20101207,090033,19800,3
MOL,0,20101207,090033,19800,5
MOL,0,20101207,090033,19800,55
MOL,0,20101207,090033,19800,100
MOL,0,20101207,090033,19800,5
MOL,0,20101207,090033,19800,25
MOL,0,20101207,090033,19800,6
MOL,0,20101207,090033,19800,50
MOL,0,20101207,090033,19800,5
MOL,0,20101207,090033,19800,3
MOL,0,20101207,090033,19800,65
MOL,0,20101207,090033,19800,1
MOL,0,20101207,090033,19800,100
MOL,0,20101207,090033,19800,10
MOL,0,20101207,090033,19800,8
MOL,0,20101207,090033,19800,5
MTELEKOM,0,20101207,090033,537,20
MTELEKOM,0,20101207,090033,537,12
MTELEKOM,0,20101207,090033,537,300
MTELEKOM,0,20101207,090033,537,120
MTELEKOM,0,20101207,090033,537,568
ORC,0,20101207,090033,2070,1
OTP,0,20101207,090033,5230,11
OTP,0,20101207,090033,5230,186
OTP,0,20101207,090033,5230,50
OTP,0,20101207,090033,5230,664
OTP,0,20101207,090033,5230,233
OTP,0,20101207,090033,5230,48
OTP,0,20101207,090033,5230,20
OTP,0,20101207,090033,5230,10
OTP,0,20101207,090033,5230,18
OTP,0,20101207,090033,5230,5
OTP,0,20101207,090033,5230,666
OTP,0,20101207,090033,5230,334
OTP,0,20101207,090033,5230,666
OTP,0,20101207,090033,5230,134
OTP,0,20101207,090033,5230,500
OTP,0,20101207,090033,5230,366
OTP,0,20101207,090033,5230,1000
OTP,0,20101207,090033,5230,1634
OTP,0,20101207,090033,5230,2000
OTP,0,20101207,090033,5230,1366
OTP,0,20101207,090033,5230,250
OTP,0,20101207,090033,5230,400
OTP,0,20101207,090033,5230,1250
OTP,0,20101207,090033,5230,100
OTP,0,20101207,090033,5230,200
OTP,0,20101207,090033,5230,250
OTP,0,20101207,090033,5230,440
OTP,0,20101207,090033,5230,10
PANNERGY,0,20101207,090033,857,100
RABA,0,20101207,090033,815,100
RABA,0,20101207,090033,815,130
RICHTER,0,20101207,090033,42600,2
RICHTER,0,20101207,090033,42600,3
RICHTER,0,20101207,090033,42600,5
RICHTER,0,20101207,090033,42600,20
RICHTER,0,20101207,090033,42600,1
RICHTER,0,20101207,090033,42600,4
RICHTER,0,20101207,090033,42600,35
RICHTER,0,20101207,090033,42600,10
RICHTER,0,20101207,090033,42600,10
RICHTER,0,20101207,090033,42600,2
RICHTER,0,20101207,090033,42600,10
RICHTER,0,20101207,090033,42600,1
RICHTER,0,20101207,090033,42600,37
RICHTER,0,20101207,090033,42600,7
ZWACK,0,20101207,090033,15000,20
ZWACK,0,20101207,090033,15000,35
ZWACK,0,20101207,090033,15000,8
BUX1012,0,20101207,090052,21300,1
BUX1012,0,20101207,090052,21300,5
BUX1012,0,20101207,090052,21300,1
BUX1012,0,20101207,090052,21300,1
BUX1012,0,20101207,090052,21300,1
BUX1012,0,20101207,090052,21300,2
BUX1012,0,20101207,090052,21300,1
BUX1012,0,20101207,090052,21300,1
BUX1012,0,20101207,090052,21300,6
BUX1012,0,20101207,090052,21300,1
BUX1012,0,20101207,090052,21300,5
BUX1012,0,20101207,090052,21300,1
BUX1012,0,20101207,090052,21300,1
BUX1012,0,20101207,090052,21300,2
BUX1012,0,20101207,090052,21300,5
BUX1012,0,20101207,090052,21300,2
BUX1012,0,20101207,090052,21300,2
BUX1012,0,20101207,090052,21300,3
OTP,0,20101207,090200,5238,40
OTP,0,20101207,090200,5238,1000
OTP,0,20101207,090200,5239,67
OTP,0,20101207,090200,5240,200
OTP,0,20101207,090200,5240,1000
MOL,0,20101207,090203,19820,20
OTP,0,20101207,090204,5241,100
MTELEKOM,0,20101207,090205,536,16
OTP,0,20101207,090207,5248,60
OTP,0,20101207,090207,5248,5000
OTP,0,20101207,090207,5250,9
OTP,0,20101207,090207,5250,200
OTP,0,20101207,090207,5250,300
OTP,0,20101207,090207,5250,150
OTP,0,20101207,090207,5250,500
OTP,0,20101207,090207,5250,300
OTP,0,20101207,090207,5250,156
OTP,0,20101207,090207,5250,20
OTP,0,20101207,090207,5250,100
OTP,0,20101207,090207,5250,166
OTP,0,20101207,090207,5250,70
OTP,0,20101207,090207,5250,320
OTP,0,20101207,090207,5250,56
OTP,0,20101207,090207,5250,40
OTP,0,20101207,090207,5250,20
OTP,0,20101207,090207,5250,20
OTP,0,20101207,090207,5250,65
OTP,0,20101207,090207,5250,2000
OTP,0,20101207,090209,5250,30
OTP,0,20101207,090209,5250,250
BUX1012,0,20101207,090210,21310,1
RICHTER,0,20101207,090212,42895,4
OTP,0,20101207,090212,5252,200
OTP,0,20101207,090214,5250,100
OTP,0,20101207,090216,5250,68
OTP,0,20101207,090216,5250,100
OTP,0,20101207,090217,5250,25
OTP,0,20101207,090218,5250,110
MOL,0,20101207,090219,19820,230
BUX1012,0,20101207,090224,21320,5
MOL,0,20101207,090226,19820,250
OTP,0,20101207,090226,5250,30
OTP,0,20101207,090228,5250,200
EGIS,0,20101207,090229,18455,8
EGIS,0,20101207,090229,18450,2
OTP,0,20101207,090230,5250,157
MOL,0,20101207,090231,19820,250
OTP,0,20101207,090231,5250,10
OTP,0,20101207,090232,5250,200
OTP,0,20101207,090232,5250,50
OTP,0,20101207,090234,5250,200
OTP,0,20101207,090235,5250,958
OTP,0,20101207,090235,5250,42
EGIS,0,20101207,090236,18500,10
BUX1012,0,20101207,090237,21319,1
MOL,0,20101207,090238,19820,90
MOL,0,20101207,090240,19820,30
OTP,0,20101207,090241,5250,38
OTP,0,20101207,090241,5250,100
OTP,0,20101207,090241,5250,862
OTP,0,20101207,090248,5250,200
OTP,0,20101207,090249,5250,300
OTP,0,20101207,090250,5250,260
MOL,0,20101207,090250,19820,130
MOL,0,20101207,090250,19820,170
OTP,0,20101207,090251,5242,100
OTP,0,20101207,090252,5250,170
MTELEKOM,0,20101207,090254,536,94
MTELEKOM,0,20101207,090254,536,906
OTP,0,20101207,090301,5249,1500
OTP,0,20101207,090301,5250,500
BUX1012,0,20101207,090302,21310,1
OTP,0,20101207,090302,5250,55
BUX1012,0,20101207,090303,21310,2
OTP,0,20101207,090309,5248,14
OTP,0,20101207,090310,5250,200
MOL,0,20101207,090310,19805,5
MOL,0,20101207,090310,19805,85
MOL,0,20101207,090310,19800,26
MOL,0,20101207,090310,19800,200
MOL,0,20101207,090310,19800,5
OTP,0,20101207,090311,5249,200
OTP,0,20101207,090311,5250,2000
OTP,0,20101207,090311,5249,50
OTP,0,20101207,090312,5249,100
MOL,0,20101207,090312,19820,80
OTP,0,20101207,090313,5249,500
MTELEKOM,0,20101207,090318,536,22
MTELEKOM,0,20101207,090318,536,478
OTP,0,20101207,090321,5249,836
OTP,0,20101207,090323,5245,100
OTP,0,20101207,090325,5245,200
MOL,0,20101207,090329,19800,65
RICHTER,0,20101207,090335,42890,10
OTP,0,20101207,090337,5245,100
OTP,0,20101207,090338,5245,500
OTP,0,20101207,090339,5245,234
OTP,0,20101207,090339,5242,100
OTP,0,20101207,090339,5242,200
OTP,0,20101207,090339,5242,166
OTP,0,20101207,090341,5242,269
OTP,0,20101207,090341,5241,400
OTP,0,20101207,090341,5241,300
OTP,0,20101207,090341,5241,120
BUX1012,0,20101207,090341,21305,5
BUX1012,0,20101207,090341,21301,1
BUX1012,0,20101207,090341,21300,4
MOL,0,20101207,090344,19800,50
BUX1012,0,20101207,090346,21300,18
BUX1012,0,20101207,090346,21300,2
OTP,0,20101207,090346,5240,20
OTP,0,20101207,090347,5235,50
OTP,0,20101207,090348,5240,100
MOL,0,20101207,090349,19800,35
BUX1012,0,20101207,090355,21294,2
OTP,0,20101207,090355,5240,15
BUX1012,0,20101207,090400,21294,1
BUX1012,0,20101207,090401,21271,2
OTP,0,20101207,090401,5240,300
OTP,0,20101207,090405,5235,10
OTP,0,20101207,090405,5235,26
OTP,0,20101207,090405,5230,14
OTP,0,20101207,090405,5240,50
OTP,0,20101207,090405,5240,950
OTP,0,20101207,090408,5240,1365
OTP,0,20101207,090411,5240,685
OTP,0,20101207,090413,5241,466
OTP,0,20101207,090421,5230,186
OTP,0,20101207,090421,5230,30
OTP,0,20101207,090421,5230,8
OTP,0,20101207,090421,5230,50
OTP,0,20101207,090421,5230,130
OTP,0,20101207,090421,5230,100
OTP,0,20101207,090421,5230,100
KEG,0,20101207,090423,155,60
OTP,0,20101207,090423,5230,200
OTP,0,20101207,090427,5230,2000
MOL,0,20101207,090427,19800,50
OTP,0,20101207,090430,5230,20
RABA,0,20101207,090438,815,111
OTP,0,20101207,090438,5227,200
OTP,0,20101207,090443,5227,5
MOL,0,20101207,090448,19820,10
MOL,0,20101207,090448,19800,60
MTELEKOM,0,20101207,090452,536,85
OTP,0,20101207,090452,5227,225
OTP,0,20101207,090452,5227,50
OTP,0,20101207,090452,5226,1525
OTP,0,20101207,090458,5226,2176
OTP,0,20101207,090458,5226,1299
MOL,0,20101207,090501,19820,240
MOL,0,20101207,090503,19820,10
OTP,0,20101207,090503,5226,1000
BUX1012,0,20101207,090535,21300,10
BUX1012,0,20101207,090535,21300,8
FHB,0,20101207,090541,960,200
MOL,0,20101207,090550,19820,36
OTP,0,20101207,090552,5238,50
EGIS,0,20101207,090556,18750,5
OTP,0,20101207,090602,5230,1000
BUX1012,0,20101207,090606,21300,2
BUX1012,0,20101207,090606,21309,1
BUX1012,0,20101207,090606,21310,7
BUX1012,0,20101207,090606,21310,5
RABA,0,20101207,090608,815,100
OTP,0,20101207,090609,5231,250
OTP,0,20101207,090609,5225,60
OTP,0,20101207,090609,5225,90
BUX1012,0,20101207,090619,21300,2
RICHTER,0,20101207,090621,42620,30
MOL,0,20101207,090622,19820,150
BUX1012,0,20101207,090622,21310,3
OTP,0,20101207,090623,5235,10
OTP,0,20101207,090625,5235,12
OTP,0,20101207,090629,5230,100
BUX1012,0,20101207,090629,21300,3
PHYLAXIA,0,20101207,090631,46,3000
OTP,0,20101207,090633,5230,453
BUX1012,0,20101207,090634,21300,8
BUX1012,0,20101207,090634,21310,2
BUX1012,0,20101207,090634,21310,5
MTELEKOM,0,20101207,090636,533,500
MTELEKOM,0,20101207,090636,532,233
OTP,0,20101207,090640,5235,50
ETFBUXOTP,0,20101207,090657,889,350
OTP,0,20101207,090657,5235,13
EGIS,0,20101207,090658,18510,1
MTELEKOM,0,20101207,090659,534,76
OTP,0,20101207,090659,5230,19
MOL,0,20101207,090659,19805,5
RICHTER,0,20101207,090659,42635,1
RABA,0,20101207,090708,815,159
OTP,0,20101207,090709,5230,125
OTP,0,20101207,090724,5233,15
OTP,0,20101207,090724,5232,15
OTP,0,20101207,090735,5232,66
RICHTER,0,20101207,090749,42880,10
BUX1012,0,20101207,090753,21310,5
RICHTER,0,20101207,090756,42880,40
OTP,0,20101207,090804,5234,60
OTP,0,20101207,090812,5234,210
OTP,0,20101207,090812,5235,15
OTP,0,20101207,090812,5235,500
EGIS,0,20101207,090815,18770,5
OTP,0,20101207,090816,5238,30
OTP,0,20101207,090818,5235,275
OTP,0,20101207,090822,5235,31
OTP,0,20101207,090824,5235,100
OTP,0,20101207,090835,5235,94
OTP,0,20101207,090844,5238,380
OTP,0,20101207,090852,5235,106
OTP,0,20101207,090852,5235,194
OTP,0,20101207,090853,5235,200
MOL,0,20101207,090856,19810,70
MOL,0,20101207,090856,19820,30
BUX1012,0,20101207,090858,21309,2
OTP,0,20101207,090902,5235,190
OTP,0,20101207,090902,5234,200
OTP,0,20101207,090902,5234,110
OTP,0,20101207,090907,5234,16
OTP,0,20101207,090910,5238,40
OTP,0,20101207,090910,5238,10
MOL,0,20101207,090912,19820,24
RICHTER,0,20101207,090912,42855,16
RICHTER,0,20101207,090912,42850,5
RICHTER,0,20101207,090912,42840,15
RICHTER,0,20101207,090912,42800,200
MTELEKOM,0,20101207,090919,536,25
MTELEKOM,0,20101207,090919,536,349
OTP,0,20101207,090932,5238,150
BUX1012,0,20101207,090935,21309,3
BUX1012,0,20101207,090935,21310,2
MTELEKOM,0,20101207,090941,536,42
MTELEKOM,0,20101207,090941,536,1000
MTELEKOM,0,20101207,090941,536,2000
OTP,0,20101207,090947,5238,80
RICHTER,0,20101207,090949,42800,50
MOL,0,20101207,090953,19820,150
OTP,0,20101207,090953,5236,100
BUX1012,0,20101207,091007,21300,5
BUX1012,0,20101207,091007,21300,3
BUX1012,0,20101207,091007,21300,1
OTP,0,20101207,091009,5236,19
OTP,0,20101207,091009,5236,56
OTP,0,20101207,091014,5240,1000
BUX1012,0,20101207,091018,21300,6
BUX1012,0,20101207,091018,21300,5
BUX1012,0,20101207,091021,21300,19
OTP,0,20101207,091021,5236,1
BUX1012,0,20101207,091034,21300,1
BUX1012,0,20101207,091034,21300,1
MOL,0,20101207,091035,19820,100
OTP,0,20101207,091041,5236,163
RFV,0,20101207,091043,7800,10
OTP,0,20101207,091043,5240,10
OTP,0,20101207,091045,5235,100
OTP,0,20101207,091045,5235,500
BUX1012,0,20101207,091102,21300,6
BUX1012,0,20101207,091102,21310,1
BUX1012,0,20101207,091102,21310,2
BUX1012,0,20101207,091102,21310,3
KEG,0,20101207,091117,157,1020
BUX1012,0,20101207,091118,21300,12
BUX1012,0,20101207,091123,21300,1
BUX1012,0,20101207,091124,21300,3
OTP,0,20101207,091129,5239,10
BUX1012,0,20101207,091130,21290,1
OTP,0,20101207,091130,5235,300
OTP,0,20101207,091130,5235,500
OTP,0,20101207,091130,5235,57
OTP,0,20101207,091130,5235,133
BUX1012,0,20101207,091134,21300,2
OTP,0,20101207,091139,5240,500
MOL,0,20101207,091147,19820,100
OTP,0,20101207,091151,5240,25
BUX1012,0,20101207,091153,21300,3
KEG,0,20101207,091158,158,1700
OTP,0,20101207,091201,5240,300
BUX1012,0,20101207,091240,21300,8
BUX1012,0,20101207,091240,21300,1
OTP,0,20101207,091242,5239,100
MOL,0,20101207,091246,19810,10
OTP,0,20101207,091248,5236,40
OTP,0,20101207,091248,5235,67
OTP,0,20101207,091248,5235,200
OTP,0,20101207,091248,5235,692
OTP,0,20101207,091254,5235,165
OTP,0,20101207,091255,5239,50
OTP,0,20101207,091255,5239,500
OTP,0,20101207,091255,5239,500
OTP,0,20101207,091255,5240,165
OTP,0,20101207,091255,5240,990
MOL,0,20101207,091257,19820,41
OTP,0,20101207,091301,5240,1000
BUX1012,0,20101207,091303,21300,12
BUX1012,0,20101207,091303,21314,8
BUX1012,0,20101207,091303,21317,10
BUX1012,0,20101207,091303,21318,5
OTP,0,20101207,091303,5240,245
OTP,0,20101207,091303,5240,382
MOL,0,20101207,091304,19810,10
MOL,0,20101207,091304,19810,10
MOL,0,20101207,091304,19810,59
MOL,0,20101207,091304,19805,10
MOL,0,20101207,091304,19805,10
MOL,0,20101207,091304,19800,140
MOL,0,20101207,091304,19800,150
OTP,0,20101207,091310,5240,168
OTP,0,20101207,091310,5240,32
OTP,0,20101207,091311,5240,468
FOTEX,0,20101207,091314,412,67
OTP,0,20101207,091315,5240,532
BUX1012,0,20101207,091330,21300,9
BUX1012,0,20101207,091337,21300,1
BUX1012,0,20101207,091348,21300,1
ORC,0,20101207,091358,2070,16
ORC,0,20101207,091358,2090,50
ORC,0,20101207,091358,2095,4
OTP,0,20101207,091359,5246,10
OTP,0,20101207,091359,5246,190
OTP,0,20101207,091406,5245,35
OTP,0,20101207,091406,5245,265
RICHTER,0,20101207,091408,42645,50
RICHTER,0,20101207,091408,42645,16
OTP,0,20101207,091410,5246,100
OTP,0,20101207,091414,5246,10
BUX1012,0,20101207,091414,21310,1
RICHTER,0,20101207,091423,42700,60
OTP,0,20101207,091435,5245,12
OTP,0,20101207,091435,5241,28
RICHTER,0,20101207,091438,42700,9
OTP,0,20101207,091454,5241,72
OTP,0,20101207,091454,5240,400
OTP,0,20101207,091454,5240,468
OTP,0,20101207,091454,5240,50
OTP,0,20101207,091454,5240,10
RICHTER,0,20101207,091502,42700,10
OTP,0,20101207,091510,5245,1000
BUX1012,0,20101207,091512,21315,2
BUX1012,0,20101207,091512,21317,1
BUX1012,0,20101207,091512,21318,6
OTP,0,20101207,091516,5242,200
OTP,0,20101207,091518,5245,200
RICHTER,0,20101207,091521,42700,31
RICHTER,0,20101207,091521,42700,50
BUX1012,0,20101207,091527,21318,9
BUX1012,0,20101207,091527,21318,1
BUX1012,0,20101207,091527,21320,13
BUX1012,0,20101207,091527,21320,4
BUX1012,0,20101207,091527,21320,2
ECONET,0,20101207,091528,93,3000
ECONET,0,20101207,091528,93,100
RICHTER,0,20101207,091534,42700,10
BUX1012,0,20101207,091534,21320,3
OTP,0,20101207,091540,5245,500
OTP,0,20101207,091544,5248,20
OTP,0,20101207,091544,5248,300
OTP,0,20101207,091544,5249,250
OTP,0,20101207,091544,5249,430
OTP,0,20101207,091544,5245,200
OTP,0,20101207,091545,5241,100
OTP,0,20101207,091546,5249,570
OTP,0,20101207,091546,5249,430
OTP,0,20101207,091550,5249,570
OTP,0,20101207,091550,5249,260
OTP,0,20101207,091550,5250,170
OTP,0,20101207,091550,5250,80
OTP,0,20101207,091550,5250,65
OTP,0,20101207,091550,5250,55
OTP,0,20101207,091555,5250,31
OTP,0,20101207,091555,5250,50
OTP,0,20101207,091555,5250,200
OTP,0,20101207,091555,5250,1000
OTP,0,20101207,091555,5250,30
OTP,0,20101207,091600,5249,100
OTP,0,20101207,091602,5250,167
RICHTER,0,20101207,091602,42700,5
BUX1012,0,20101207,091604,21320,2
OTP,0,20101207,091606,5252,456
OTP,0,20101207,091606,5255,100
OTP,0,20101207,091606,5255,50
OTP,0,20101207,091606,5258,192
BUX1012,0,20101207,091611,21336,1
BUX1012,0,20101207,091611,21336,2
BUX1012,0,20101207,091611,21336,1
BUX1012,0,20101207,091611,21335,1
ECONET,0,20101207,091612,93,1200
OTP,0,20101207,091613,5258,200
OTP,0,20101207,091614,5259,15
OTP,0,20101207,091614,5260,10
OTP,0,20101207,091614,5260,500
OTP,0,20101207,091614,5260,990
RICHTER,0,20101207,091616,42700,12
OTP,0,20101207,091617,5260,10
ECONET,0,20101207,091618,93,700
OTP,0,20101207,091620,5260,408
OTP,0,20101207,091620,5260,100
FOTEX,0,20101207,091625,412,68
BUX1012,0,20101207,091631,21336,2
BUX1012,0,20101207,091631,21340,3
BUX1012,0,20101207,091631,21341,4
BUX1012,0,20101207,091631,21341,1
OTP,0,20101207,091636,5260,100
BUX1012,0,20101207,091648,21325,20
BUX1012,0,20101207,091649,21348,1
BUX1012,0,20101207,091649,21348,4
BUX1012,0,20101207,091649,21349,1
MTELEKOM,0,20101207,091653,534,509
MTELEKOM,0,20101207,091653,534,300
BUX1012,0,20101207,091704,21325,3
BUX1012,0,20101207,091710,21350,5
OTP,0,20101207,091713,5258,8
BUX1012,0,20101207,091715,21350,2
OTP,0,20101207,091719,5252,200
OTP,0,20101207,091719,5251,850
OTP,0,20101207,091719,5250,33
OTP,0,20101207,091719,5250,1000
OTP,0,20101207,091719,5250,70
OTP,0,20101207,091719,5250,1000
OTP,0,20101207,091719,5250,415
OTP,0,20101207,091719,5250,4
BUX1012,0,20101207,091720,21335,1
BUX1012,0,20101207,091720,21350,1
MOL,0,20101207,091720,19800,35
MOL,0,20101207,091720,19800,50
OTP,0,20101207,091720,5241,170
FHB,0,20101207,091721,959,100
FHB,0,20101207,091721,959,50
BUX1012,0,20101207,091724,21335,26
RICHTER,0,20101207,091726,42700,2
ORC,0,20101207,091728,2095,23
ORC,0,20101207,091728,2095,177
OTP,0,20101207,091730,5250,200
BUX1012,0,20101207,091731,21326,2
PHYLAXIA,0,20101207,091747,46,6001
PHYLAXIA,0,20101207,091747,46,3260
PHYLAXIA,0,20101207,091747,46,1500
PHYLAXIA,0,20101207,091747,46,6000
PHYLAXIA,0,20101207,091747,46,10000
PHYLAXIA,0,20101207,091747,46,3239
BUX1012,0,20101207,091750,21330,5
BUX1012,0,20101207,091802,21345,1
BUX1012,0,20101207,091805,21345,1
FHB,0,20101207,091820,959,100
PHYLAXIA,0,20101207,091824,46,2000
BOOK,0,20101207,091829,490,10
BOOK,0,20101207,091829,496,1
MOL,0,20101207,091848,19820,20
ECONET,0,20101207,091850,94,2
BUX1012,0,20101207,091859,21330,1
BUX1012,0,20101207,091859,21345,1
PHYLAXIA,0,20101207,091901,46,2300
OTP,0,20101207,091902,5249,100
OTP,0,20101207,091902,5250,1800
MOL,0,20101207,091903,19820,89
MOL,0,20101207,091903,19820,250
MOL,0,20101207,091903,19820,250
MOL,0,20101207,091903,19820,161
OTP,0,20101207,091907,5255,200
OTP,0,20101207,091907,5255,500
OTP,0,20101207,091907,5257,100
OTP,0,20101207,091907,5258,292
OTP,0,20101207,091907,5259,500
OTP,0,20101207,091907,5259,50
OTP,0,20101207,091907,5260,300
OTP,0,20101207,091907,5260,250
OTP,0,20101207,091907,5260,100
OTP,0,20101207,091907,5260,940
OTP,0,20101207,091907,5260,700
OTP,0,20101207,091907,5260,1000
OTP,0,20101207,091907,5260,50
OTP,0,20101207,091907,5260,2118
MOL,0,20101207,091907,19820,89
OTP,0,20101207,091911,5250,100
OTP,0,20101207,091914,5250,400
MOL,0,20101207,091916,19820,250
MOL,0,20101207,091919,19820,250
RICHTER,0,20101207,091921,42745,1
RICHTER,0,20101207,091921,42750,7
MOL,0,20101207,091921,19820,250
BUX1012,0,20101207,091922,21345,4
MOL,0,20101207,091924,19820,250
MOL,0,20101207,091926,19820,250
OTP,0,20101207,091926,5260,2502
MOL,0,20101207,091928,19820,250
BUX1012,0,20101207,091928,21347.5,7
BUX1012,0,20101207,091928,21348,1
BUX1012,0,20101207,091928,21350,12
MTELEKOM,0,20101207,091930,534,191
MOL,0,20101207,091930,19820,250
PHYLAXIA,0,20101207,091930,46,2300
MOL,0,20101207,091932,19820,250
PHYLAXIA,0,20101207,091941,46,161
PHYLAXIA,0,20101207,091941,46,4987
PHYLAXIA,0,20101207,091941,46,9852
OTP,0,20101207,091942,5250,600
OTP,0,20101207,091942,5250,303
MOL,0,20101207,091944,19820,30
PHYLAXIA,0,20101207,091947,46,148
PHYLAXIA,0,20101207,091947,46,520
PHYLAXIA,0,20101207,091947,46,332
OTP,0,20101207,091953,5250,1000
PHYLAXIA,0,20101207,091953,46,4000
BUX1012,0,20101207,091955,21350,5
BUX1012,0,20101207,091955,21350,1
PHYLAXIA,0,20101207,091957,46,668
PHYLAXIA,0,20101207,091957,46,237
OTP,0,20101207,092004,5259,1000
OTP,0,20101207,092004,5259,1000
OTP,0,20101207,092004,5260,34
OTP,0,20101207,092004,5260,167
OTP,0,20101207,092004,5260,299
PANNERGY,0,20101207,092009,851,37
PANNERGY,0,20101207,092009,850,175
MOL,0,20101207,092013,19805,5
MOL,0,20101207,092013,19805,19
OTP,0,20101207,092014,5250,35
PANNERGY,0,20101207,092015,850,70
MOL,0,20101207,092022,19815,5
MOL,0,20101207,092022,19820,5
MOL,0,20101207,092022,19820,80
MTELEKOM,0,20101207,092026,534,14
MOL,0,20101207,092033,19820,170
MOL,0,20101207,092033,19820,250
MOL,0,20101207,092033,19820,80
OTP,0,20101207,092039,5258,50
MOL,0,20101207,092039,19820,5
OTP,0,20101207,092040,5258,450
MOL,0,20101207,092041,19820,1
MOL,0,20101207,092049,19820,164
MOL,0,20101207,092049,19820,86
MOL,0,20101207,092050,19820,164
BUX1012,0,20101207,092052,21356,1
BUX1012,0,20101207,092052,21359,1
BUX1012,0,20101207,092052,21359.5,1
BUX1012,0,20101207,092052,21359.5,2
BUX1012,0,20101207,092052,21360,10
BUX1012,0,20101207,092052,21360,5
OTP,0,20101207,092055,5258,50
OTP,0,20101207,092056,5257,25
MOL,0,20101207,092056,19820,86
OTP,0,20101207,092059,5250,100
MOL,0,20101207,092059,19820,11
KEG,0,20101207,092101,159,1020
KEG,0,20101207,092101,159,200
KEG,0,20101207,092101,160,1000
KEG,0,20101207,092101,160,500
KEG,0,20101207,092101,160,280
BUX1012,0,20101207,092104,21360,3
BUX1012,0,20101207,092104,21360,1
MOL,0,20101207,092108,19820,6
SYNERGON,0,20101207,092110,504,50
OTP,0,20101207,092119,5250,215
OTP,0,20101207,092119,5250,50
OTP,0,20101207,092119,5250,355
OTP,0,20101207,092123,5255,300
OTP,0,20101207,092125,5255,200
OTP,0,20101207,092130,5255,300
RICHTER,0,20101207,092132,42700,11
RICHTER,0,20101207,092132,42700,16
MOL,0,20101207,092132,19820,147
MOL,0,20101207,092132,19820,250
MOL,0,20101207,092133,19820,103
BUX1012,0,20101207,092135,21355,5
BUX1012,0,20101207,092135,21360,1
MOL,0,20101207,092137,19820,147
MOL,0,20101207,092137,19820,250
MOL,0,20101207,092138,19820,103
RICHTER,0,20101207,092138,42700,10
KEG,0,20101207,092140,160,720
KEG,0,20101207,092140,160,280
OTP,0,20101207,092141,5255,200
BUX1012,0,20101207,092141,21365,2
BUX1012,0,20101207,092141,21365,1
BUX1012,0,20101207,092141,21368,1
BUX1012,0,20101207,092141,21369,1
BUX1012,0,20101207,092141,21370,3
BUX1012,0,20101207,092141,21370,1
BUX1012,0,20101207,092141,21370,3
BUX1012,0,20101207,092141,21370,2
BUX1012,0,20101207,092141,21370,1
BUX1012,0,20101207,092141,21385,1
BUX1012,0,20101207,092141,21385,4
BUX1012,0,20101207,092146,21360,4
BUX1012,0,20101207,092146,21350,1
KEG,0,20101207,092147,160,720
OTP,0,20101207,092147,5255,300
MOL,0,20101207,092150,19820,147
MOL,0,20101207,092150,19820,103
RICHTER,0,20101207,092151,42700,10
ORC,0,20101207,092154,2095,23
MTELEKOM,0,20101207,092157,533,168
KEG,0,20101207,092209,160,280
KEG,0,20101207,092209,160,500
OTP,0,20101207,092210,5251,100
OTP,0,20101207,092210,5251,283
OTP,0,20101207,092210,5251,273
MOL,0,20101207,092213,19820,20
OTP,0,20101207,092216,5250,1645
OTP,0,20101207,092216,5250,355
MOL,0,20101207,092218,19820,35
OTP,0,20101207,092219,5250,20
OTP,0,20101207,092220,5250,625
OTP,0,20101207,092220,5250,33
OTP,0,20101207,092220,5250,180
OTP,0,20101207,092220,5250,64
OTP,0,20101207,092220,5250,500
ECONET,0,20101207,092228,93,2
BUX1012,0,20101207,092234,21355,1
MOL,0,20101207,092238,19820,92
MOL,0,20101207,092240,19820,8
BUX1012,0,20101207,092240,21355,3
OTP,0,20101207,092300,5250,798
OTP,0,20101207,092300,5250,200
MOL,0,20101207,092301,19805,5
MOL,0,20101207,092306,19820,242
MOL,0,20101207,092306,19820,8
MOL,0,20101207,092307,19820,242
BUX1012,0,20101207,092313,21350,2
OTP,0,20101207,092314,5250,2
OTP,0,20101207,092314,5246,273
MOL,0,20101207,092315,19820,8
MOL,0,20101207,092315,19820,200
MOL,0,20101207,092317,19820,42
MOL,0,20101207,092318,19820,250
MOL,0,20101207,092319,19820,208
MOL,0,20101207,092324,19820,42
MOL,0,20101207,092324,19820,58
OTP,0,20101207,092325,5251,18
MOL,0,20101207,092328,19820,192
MOL,0,20101207,092329,19855,14
KEG,0,20101207,092345,159,100
KEG,0,20101207,092345,158,500
BUX1012,0,20101207,092346,21350,1
BUX1012,0,20101207,092348,21350,1
OTP,0,20101207,092402,5251,5
FHB,0,20101207,092403,959,200
FHB,0,20101207,092403,959,39
MTELEKOM,0,20101207,092406,533,1400
OTP,0,20101207,092419,5257,9
OTP,0,20101207,092421,5247,30
OTP,0,20101207,092421,5246,205
OTP,0,20101207,092433,5247,386
OTP,0,20101207,092433,5246,522
OTP,0,20101207,092433,5245,30
OTP,0,20101207,092433,5245,50
OTP,0,20101207,092433,5245,3012
MOL,0,20101207,092435,19855,61
KEG,0,20101207,092442,160,220
KEG,0,20101207,092442,160,1000
MTELEKOM,0,20101207,092442,533,1001
BUX1012,0,20101207,092454,21355,5
MOL,0,20101207,092457,19900,1
MOL,0,20101207,092457,19900,150
OTP,0,20101207,092457,5255,8
MOL,0,20101207,092502,19900,150
MOL,0,20101207,092504,19900,150
MOL,0,20101207,092505,19900,49
MOL,0,20101207,092505,19900,59
RICHTER,0,20101207,092519,42700,6
OTP,0,20101207,092519,5246,400
OTP,0,20101207,092519,5246,297
OTP,0,20101207,092519,5245,318
RICHTER,0,20101207,092530,42625,10
RICHTER,0,20101207,092530,42625,16
RICHTER,0,20101207,092530,42620,4
RICHTER,0,20101207,092530,42620,29
MOL,0,20101207,092535,19860,9
MOL,0,20101207,092535,19860,169
FHB,0,20101207,092539,959,20
FHB,0,20101207,092539,959,80
MTELEKOM,0,20101207,092543,533,1431
MTELEKOM,0,20101207,092543,533,110
MTELEKOM,0,20101207,092543,533,110
MTELEKOM,0,20101207,092543,533,140
MTELEKOM,0,20101207,092543,532,210
BUX1012,0,20101207,092547,21369,5
BUX1012,0,20101207,092547,21370,5
BUX1012,0,20101207,092547,21370,2
BUX1012,0,20101207,092547,21377,1
BUX1012,0,20101207,092547,21378,11
BUX1012,0,20101207,092547,21379,2
BUX1012,0,20101207,092547,21380,1
BUX1012,0,20101207,092547,21380,9
FOTEX,0,20101207,092550,412,70
ECONET,0,20101207,092626,93,998
ECONET,0,20101207,092642,93,4000
OTP,0,20101207,092718,5250,100
OTP,0,20101207,092726,5251,70
OTP,0,20101207,092736,5250,68
OTP,0,20101207,092736,5250,132
OTP,0,20101207,092737,5251,30
OTP,0,20101207,092746,5250,156
OTP,0,20101207,092758,5249,185
KEG,0,20101207,092804,160,130
OTP,0,20101207,092817,5249,100
ECONET,0,20101207,092818,93,2
OTP,0,20101207,092819,5250,100
FHB,0,20101207,092837,959,20
KEG,0,20101207,092839,160,870
BUX1012,0,20101207,092844,21360,2
BUX1012,0,20101207,092844,21360,1
KEG,0,20101207,092847,160,130
BUX1012,0,20101207,092859,21351,7
BUX1012,0,20101207,092903,21378,1
OTP,0,20101207,092912,5249,15
OTP,0,20101207,092912,5249,320
OTP,0,20101207,092912,5248,200
OTP,0,20101207,092912,5248,57
BUX1012,0,20101207,092929,21375,1
BUX1012,0,20101207,092929,21377,1
MOL,0,20101207,092936,19890,5
MOL,0,20101207,092936,19895,10
MOL,0,20101207,092936,19900,5
MOL,0,20101207,092936,19900,20
FHB,0,20101207,092937,960,600
ECONET,0,20101207,092941,94,10
MOL,0,20101207,092950,19900,17
MOL,0,20101207,092950,19900,233
FHB,0,20101207,092952,960,50
FHB,0,20101207,092952,960,200
FHB,0,20101207,092952,960,50
FHB,0,20101207,093000,960,9
MTELEKOM,0,20101207,093001,534,723
MTELEKOM,0,20101207,093001,534,797
PANNERGY,0,20101207,093003,857,150
RICHTER,0,20101207,093008,42700,17
OTP,0,20101207,093015,5248,72
OTP,0,20101207,093015,5247,25
OTP,0,20101207,093015,5245,3
RICHTER,0,20101207,093016,42700,40
FOTEX,0,20101207,093018,412,65
OTP,0,20101207,093025,5245,1667
OTP,0,20101207,093025,5245,1000
OTP,0,20101207,093025,5245,333
MOL,0,20101207,093028,19860,81
OTP,0,20101207,093042,5250,30
OTP,0,20101207,093048,5250,95
OTP,0,20101207,093048,5251,5
PHYLAXIA,0,20101207,093109,46,2000
MTELEKOM,0,20101207,093110,536,928
MTELEKOM,0,20101207,093110,536,235
OTP,0,20101207,093110,5251,125
MOL,0,20101207,093145,19850,51
OTP,0,20101207,093149,5250,70
OTP,0,20101207,093152,5250,30
OTP,0,20101207,093205,5250,30
KEG,0,20101207,093225,159,100
KEG,0,20101207,093225,158,900
RABA,0,20101207,093225,812,174
KEG,0,20101207,093232,158,2100
KEG,0,20101207,093232,158,1000
KEG,0,20101207,093232,158,900
OTP,0,20101207,093238,5250,75
OTP,0,20101207,093238,5250,725
MOL,0,20101207,093244,19820,5
EGIS,0,20101207,093246,18700,1
EGIS,0,20101207,093246,18700,1
EGIS,0,20101207,093246,18750,8
BUX1012,0,20101207,093248,21360,5
BUX1012,0,20101207,093302,21360,1
OTP,0,20101207,093303,5250,275
OTP,0,20101207,093303,5251,356
OTP,0,20101207,093303,5252,290
OTP,0,20101207,093303,5253,1602
OTP,0,20101207,093303,5255,1000
KEG,0,20101207,093306,158,100
KEG,0,20101207,093306,157,1000
KEG,0,20101207,093306,157,1000
KEG,0,20101207,093306,157,1000
KEG,0,20101207,093306,156,2000
KEG,0,20101207,093306,156,1000
KEG,0,20101207,093306,156,700
KEG,0,20101207,093306,156,500
KEG,0,20101207,093306,155,82
KEG,0,20101207,093306,155,6000
BUX1012,0,20101207,093313,21360,1
FHB,0,20101207,093318,960,210
KEG,0,20101207,093319,155,10000
BUX1012,0,20101207,093319,21360,3
BUX1012,0,20101207,093324,21351,10
BUX1012,0,20101207,093324,21350,5
MOL,0,20101207,093326,19850,20
EGIS,0,20101207,093326,18750,1
MOL,0,20101207,093327,19820,95
MOL,0,20101207,093327,19820,85
MOL,0,20101207,093327,19820,57
MOL,0,20101207,093327,19810,16
MOL,0,20101207,093327,19805,5
MOL,0,20101207,093327,19800,10
MOL,0,20101207,093327,19800,190
KEG,0,20101207,093330,155,2000
KEG,0,20101207,093333,155,1000
MTELEKOM,0,20101207,093340,536,765
MTELEKOM,0,20101207,093340,536,468
MTELEKOM,0,20101207,093340,537,50
MTELEKOM,0,20101207,093340,537,176
MTELEKOM,0,20101207,093340,537,131
OTP,0,20101207,093345,5250,30
RICHTER,0,20101207,093348,42700,8
RICHTER,0,20101207,093348,42700,16
OTP,0,20101207,093348,5250,220
OTP,0,20101207,093348,5250,253
OTP,0,20101207,093348,5250,10
MOL,0,20101207,093355,19755,40
MOL,0,20101207,093355,19755,500
MOL,0,20101207,093355,19750,10
MOL,0,20101207,093355,19750,50
MOL,0,20101207,093355,19750,1900
OTP,0,20101207,093355,5250,200
OTP,0,20101207,093356,5250,40
MOL,0,20101207,093356,19800,200
ANY,0,20101207,093402,701,550
RICHTER,0,20101207,093405,42700,20
RICHTER,0,20101207,093405,42700,100
OTP,0,20101207,093406,5250,760
OTP,0,20101207,093415,5250,1000
MOL,0,20101207,093415,19800,50
OTP,0,20101207,093420,5250,740
MTELEKOM,0,20101207,093422,535,100
MTELEKOM,0,20101207,093422,535,1581
KEG,0,20101207,093430,155,2650
OTP,0,20101207,093431,5250,1000
OTP,0,20101207,093442,5250,260
OTP,0,20101207,093442,5250,500
KEG,0,20101207,093445,155,1000
KEG,0,20101207,093449,155,600
KEG,0,20101207,093453,155,500
KEG,0,20101207,093453,155,2000
BUX1012,0,20101207,093455,21332,3
BUX1012,0,20101207,093455,21330,14
BUX1012,0,20101207,093455,21330,20
BUX1012,0,20101207,093455,21322,13
OTP,0,20101207,093512,5250,513
OTP,0,20101207,093515,5254,70
OTP,0,20101207,093515,5255,130
OTP,0,20101207,093516,5250,50
OTP,0,20101207,093517,5250,437
OTP,0,20101207,093517,5247,900
OTP,0,20101207,093517,5247,216
OTP,0,20101207,093517,5247,500
OTP,0,20101207,093517,5246,50
OTP,0,20101207,093517,5246,90
OTP,0,20101207,093517,5245,667
OTP,0,20101207,093517,5245,285
OTP,0,20101207,093517,5245,200
OTP,0,20101207,093517,5245,1
OTP,0,20101207,093517,5245,1000
OTP,0,20101207,093517,5245,50
OTP,0,20101207,093517,5243,200
OTP,0,20101207,093517,5243,50
OTP,0,20101207,093517,5243,36
OTP,0,20101207,093517,5242,318
BUX1012,0,20101207,093525,21322,7
OTP,0,20101207,093527,5245,1000
BUX1012,0,20101207,093533,21321,1
OTP,0,20101207,093534,5245,55
OTP,0,20101207,093535,5245,1000
BUX1012,0,20101207,093539,21320,16
BUX1012,0,20101207,093539,21320,5
BUX1012,0,20101207,093539,21310,1
KEG,0,20101207,093544,155,400
KEG,0,20101207,093547,155,31600
OTP,0,20101207,093548,5245,315
BUX1012,0,20101207,093554,21302,2
BUX1012,0,20101207,093555,21302,2
OTP,0,20101207,093556,5245,19
OTP,0,20101207,093557,5245,766
OTP,0,20101207,093557,5245,140
OTP,0,20101207,093557,5242,682
OTP,0,20101207,093557,5242,10
OTP,0,20101207,093557,5241,830
OTP,0,20101207,093557,5241,350
OTP,0,20101207,093557,5241,50
OTP,0,20101207,093557,5241,2000
OTP,0,20101207,093557,5240,172
OTP,0,20101207,093600,5245,257
OTP,0,20101207,093601,5240,78
BUX1012,0,20101207,093605,21302,2
BUX1012,0,20101207,093605,21300,10
BUX1012,0,20101207,093605,21300,3
BUX1012,0,20101207,093606,21303,3
BUX1012,0,20101207,093607,21310,5
BUX1012,0,20101207,093616,21310,1
OTP,0,20101207,093623,5239,1000
OTP,0,20101207,093623,5235,100
OTP,0,20101207,093640,5230,100
OTP,0,20101207,093640,5230,50
OTP,0,20101207,093640,5230,1000
OTP,0,20101207,093640,5230,100
OTP,0,20101207,093640,5230,100
OTP,0,20101207,093640,5230,20
OTP,0,20101207,093640,5230,100
OTP,0,20101207,093640,5230,500
OTP,0,20101207,093640,5230,20
OTP,0,20101207,093640,5230,1000
OTP,0,20101207,093640,5225,5
GENESIS,0,20101207,093705,241,300
GENESIS,0,20101207,093705,241,200
GENESIS,0,20101207,093705,241,111
MOL,0,20101207,093706,19795,50
OTP,0,20101207,093710,5226,15
OTP,0,20101207,093710,5225,185
OTP,0,20101207,093710,5225,4
OTP,0,20101207,093710,5222,50
OTP,0,20101207,093710,5222,6
OTP,0,20101207,093710,5222,44
OTP,0,20101207,093710,5222,27
OTP,0,20101207,093710,5221,20
OTP,0,20101207,093710,5221,5
OTP,0,20101207,093710,5221,50
OTP,0,20101207,093710,5220,25
OTP,0,20101207,093710,5220,229
OTP,0,20101207,093710,5220,71
OTP,0,20101207,093710,5220,70
OTP,0,20101207,093710,5220,59
OTP,0,20101207,093710,5220,200
BUX1012,0,20101207,093712,21310,1
BUX1012,0,20101207,093712,21303,2
BUX1012,0,20101207,093712,21300,2
OTP,0,20101207,093712,5230,10
OTP,0,20101207,093722,5235,100
OTP,0,20101207,093722,5235,10
EGIS,0,20101207,093728,18750,13
OTP,0,20101207,093728,5225,6
OTP,0,20101207,093728,5220,4
OTP,0,20101207,093747,5225,200
OTP,0,20101207,093747,5225,304
OTP,0,20101207,093747,5224,100
OTP,0,20101207,093747,5221,630
OTP,0,20101207,093747,5221,30
OTP,0,20101207,093802,5221,736
BUX1012,0,20101207,093810,21286,13
BUX1012,0,20101207,093810,21286,1
BUX1012,0,20101207,093810,21285,6
OTP,0,20101207,093823,5225,120
OTP,0,20101207,093846,5225,120
EGIS,0,20101207,093852,18700,52
OTP,0,20101207,093859,5228,120
RICHTER,0,20101207,093904,42700,29
BUX1012,0,20101207,093909,21287,36
MTELEKOM,0,20101207,093912,535,80
OTP,0,20101207,093934,5230,50
BUX1012,0,20101207,093938,21287,7
OTP,0,20101207,093944,5230,500
RICHTER,0,20101207,093950,42700,15
KEG,0,20101207,093952,158,312
OTP,0,20101207,093956,5234,50
OTP,0,20101207,093956,5234,15
MTELEKOM,0,20101207,094008,535,239
MTELEKOM,0,20101207,094008,535,4000
OTP,0,20101207,094024,5235,8
OTP,0,20101207,094024,5235,1992
OTP,0,20101207,094029,5234,8
RFV,0,20101207,094032,7800,10
OTP,0,20101207,094039,5235,8
BUX1012,0,20101207,094057,21300,10
OTP,0,20101207,094111,5235,1179
OTP,0,20101207,094111,5235,279
OTP,0,20101207,094120,5235,97
OTP,0,20101207,094130,5235,1000
OTP,0,20101207,094135,5235,445
OTP,0,20101207,094141,5235,555
OTP,0,20101207,094141,5230,50
OTP,0,20101207,094141,5230,80
BUX1012,0,20101207,094142,21300,10
RICHTER,0,20101207,094152,42700,6
RICHTER,0,20101207,094152,42700,2
MOL,0,20101207,094200,19795,100
MTELEKOM,0,20101207,094201,535,1961
GENESIS,0,20101207,094202,247,30
RICHTER,0,20101207,094204,42700,10
BUX1012,0,20101207,094209,21300,10
OTP,0,20101207,094212,5230,315
MOL,0,20101207,094214,19795,42
MOL,0,20101207,094214,19800,85
OTP,0,20101207,094221,5230,85
KEG,0,20101207,094232,158,115
OTP,0,20101207,094232,5230,24
OTP,0,20101207,094235,5230,82
FHB,0,20101207,094237,964,10
EGIS,0,20101207,094241,18745,6
OTP,0,20101207,094242,5230,78
BUX1012,0,20101207,094244,21305,5
OTP,0,20101207,094250,5229,5
OTP,0,20101207,094250,5229,210
OTP,0,20101207,094250,5229,200
OTP,0,20101207,094250,5228,85
RICHTER,0,20101207,094252,42700,13
RICHTER,0,20101207,094254,42700,8
RICHTER,0,20101207,094255,42700,15
OTP,0,20101207,094257,5230,40
FOTEX,0,20101207,094257,411,50
MTELEKOM,0,20101207,094259,535,10
OTP,0,20101207,094306,5230,20
MTELEKOM,0,20101207,094321,535,3
OTP,0,20101207,094350,5230,671
OTP,0,20101207,094350,5230,25
OTP,0,20101207,094350,5230,200
GSPARK,0,20101207,094406,790,500
BUX1012,0,20101207,094409,21305,1
OTP,0,20101207,094411,5235,200
OTP,0,20101207,094429,5236,114
OTP,0,20101207,094429,5235,86
BUX1012,0,20101207,094442,21305,2
RICHTER,0,20101207,094444,42700,27
RICHTER,0,20101207,094444,42740,70
RICHTER,0,20101207,094444,42750,8
RICHTER,0,20101207,094444,42750,20
RICHTER,0,20101207,094444,42750,17
RICHTER,0,20101207,094444,42785,2
RICHTER,0,20101207,094444,42790,56
BUX1012,0,20101207,094450,21305,2
BUX1012,0,20101207,094450,21307,1
BUX1012,0,20101207,094450,21310,5
BUX1012,0,20101207,094450,21310,10
OTP,0,20101207,094503,5240,15
OTP,0,20101207,094503,5240,185
OTP,0,20101207,094508,5240,100
FHB,0,20101207,094512,964,140
FHB,0,20101207,094512,965,141
OTP,0,20101207,094534,5235,509
OTP,0,20101207,094534,5235,249
OTP,0,20101207,094534,5235,100
OTP,0,20101207,094534,5235,38
FHB,0,20101207,094547,965,120
FHB,0,20101207,094553,965,239
ZWACK,0,20101207,094616,14800,2
BUX1012,0,20101207,094619,21309,1
BUX1012,0,20101207,094619,21324,1
BUX1012,0,20101207,094631,21324,1
RICHTER,0,20101207,094633,42705,30
ZWACK,0,20101207,094640,14760,18
OTP,0,20101207,094650,5240,150
FHB,0,20101207,094713,965,100
BUX1012,0,20101207,094713,21324,3
BUX1012,0,20101207,094713,21338,2
MTELEKOM,0,20101207,094716,535,3026
MTELEKOM,0,20101207,094716,535,400
MTELEKOM,0,20101207,094716,536,384
MTELEKOM,0,20101207,094716,536,600
MTELEKOM,0,20101207,094716,536,4590
FOTEX,0,20101207,094731,412,85
OTP,0,20101207,094733,5240,500
BUX1012,0,20101207,094801,21305,1
OTP,0,20101207,094816,5240,40
RICHTER,0,20101207,094823,42705,3
OTP,0,20101207,094837,5236,750
OTP,0,20101207,094837,5236,191
OTP,0,20101207,094837,5230,1000
OTP,0,20101207,094859,5230,1000
OTP,0,20101207,094905,5237,175
OTP,0,20101207,094905,5230,1000
OTP,0,20101207,094915,5235,600
OTP,0,20101207,094920,5230,1000
MOL,0,20101207,094930,19800,100
OTP,0,20101207,094931,5230,1000
OTP,0,20101207,094931,5230,276
OTP,0,20101207,094931,5230,1000
OTP,0,20101207,094945,5229,1000
OTP,0,20101207,095006,5230,2724
OTP,0,20101207,095006,5230,300
OTP,0,20101207,095006,5230,1000
OTP,0,20101207,095006,5240,25
OTP,0,20101207,095006,5240,1
OTP,0,20101207,095006,5240,2000
OTP,0,20101207,095006,5240,200
OTP,0,20101207,095006,5240,10000
OTP,0,20101207,095013,5240,1585
OTP,0,20101207,095019,5244,100
OTP,0,20101207,095019,5244,400
OTP,0,20101207,095019,5244,1000
OTP,0,20101207,095021,5240,3415
OTP,0,20101207,095021,5240,4000
OTP,0,20101207,095022,5245,1000
OTP,0,20101207,095022,5245,200
ANY,0,20101207,095025,700,180
OTP,0,20101207,095027,5249,50
OTP,0,20101207,095028,5249,50
OTP,0,20101207,095028,5249,1000
OTP,0,20101207,095028,5250,200
OTP,0,20101207,095028,5250,5
OTP,0,20101207,095028,5250,600
OTP,0,20101207,095028,5250,150
OTP,0,20101207,095028,5250,55
OTP,0,20101207,095028,5250,600
OTP,0,20101207,095028,5250,1000
OTP,0,20101207,095028,5250,200
OTP,0,20101207,095028,5250,500
OTP,0,20101207,095036,5250,50
OTP,0,20101207,095036,5250,1950
OTP,0,20101207,095036,5250,17
OTP,0,20101207,095037,5251,38
MTELEKOM,0,20101207,095042,536,410
MTELEKOM,0,20101207,095042,536,300
MTELEKOM,0,20101207,095042,537,1
MTELEKOM,0,20101207,095050,537,300
BUX1012,0,20101207,095051,21335,5
RICHTER,0,20101207,095101,42780,50
OTP,0,20101207,095107,5251,459
BUX1012,0,20101207,095112,21338,2
FHB,0,20101207,095113,967,10
OTP,0,20101207,095118,5255,20
OTP,0,20101207,095118,5255,10
OTP,0,20101207,095131,5255,85
OTP,0,20101207,095131,5255,948
FHB,0,20101207,095138,965,11
OTP,0,20101207,095154,5251,1000
OTP,0,20101207,095159,5252,300
OTP,0,20101207,095159,5251,3
OTP,0,20101207,095159,5251,216
OTP,0,20101207,095211,5240,1
RICHTER,0,20101207,095230,42780,20
RICHTER,0,20101207,095230,42790,14
RICHTER,0,20101207,095230,42795,13
RICHTER,0,20101207,095232,42795,16
MTELEKOM,0,20101207,095236,537,568
MTELEKOM,0,20101207,095236,537,1000
MTELEKOM,0,20101207,095236,537,232
OTP,0,20101207,095248,5243,10
OTP,0,20101207,095249,5248,9
OTP,0,20101207,095253,5250,60
OTP,0,20101207,095256,5250,81
RICHTER,0,20101207,095258,42795,5
OTP,0,20101207,095304,5243,1
MTELEKOM,0,20101207,095309,535,100
RICHTER,0,20101207,095309,42795,16
RICHTER,0,20101207,095309,42795,20
RICHTER,0,20101207,095309,42800,100
OTP,0,20101207,095310,5250,1446
OTP,0,20101207,095317,5250,2000
OTP,0,20101207,095318,5243,1
OTP,0,20101207,095323,5250,1473
OTP,0,20101207,095323,5250,481
OTP,0,20101207,095323,5250,46
OTP,0,20101207,095325,5243,48
OTP,0,20101207,095325,5243,352
RICHTER,0,20101207,095329,42800,64
RICHTER,0,20101207,095329,42800,15
OTP,0,20101207,095330,5243,1
RICHTER,0,20101207,095352,42790,6
RICHTER,0,20101207,095352,42790,12
KEG,0,20101207,095358,155,1000
KEG,0,20101207,095358,155,500
KEG,0,20101207,095358,155,600
KEG,0,20101207,095358,155,900
RICHTER,0,20101207,095413,42790,5
OTP,0,20101207,095422,5245,20
OTP,0,20101207,095429,5245,50
OTP,0,20101207,095506,5245,250
MOL,0,20101207,095515,19800,46
KEG,0,20101207,095518,155,89
OTP,0,20101207,095521,5245,120
PHYLAXIA,0,20101207,095528,46,4600
PHYLAXIA,0,20101207,095528,46,9700
PHYLAXIA,0,20101207,095528,46,5300
PHYLAXIA,0,20101207,095528,46,400
OTP,0,20101207,095541,5245,20
OTP,0,20101207,095546,5245,40
PANNERGY,0,20101207,095548,858,100
PANNERGY,0,20101207,095559,858,100
PHYLAXIA,0,20101207,095604,46,905
KEG,0,20101207,095616,155,600
OTP,0,20101207,095624,5249,50
OTP,0,20101207,095624,5249,40
OTP,0,20101207,095624,5250,6
OTP,0,20101207,095624,5250,104
OTP,0,20101207,095637,5250,647
OTP,0,20101207,095714,5246,1000
KEG,0,20101207,095715,155,311
OTP,0,20101207,095740,5245,80
OTP,0,20101207,095740,5245,188
OTP,0,20101207,095740,5245,182
OTP,0,20101207,095741,5245,29
OTP,0,20101207,095741,5245,335
OTP,0,20101207,095741,5245,500
OTP,0,20101207,095747,5241,196
OTP,0,20101207,095747,5241,206
OTP,0,20101207,095747,5240,1598
OTP,0,20101207,095803,5240,10
BUX1012,0,20101207,095811,21330,2
OTP,0,20101207,095824,5240,700
OTP,0,20101207,095840,5240,491
OTP,0,20101207,095840,5240,50
MOL,0,20101207,095919,19800,19
MOL,0,20101207,095919,19800,81
OTP,0,20101207,100006,5240,100
FOTEX,0,20101207,100014,412,135
OTP,0,20101207,100029,5233,99
RICHTER,0,20101207,100044,42790,23
OTP,0,20101207,100057,5240,30
MOL,0,20101207,100128,19780,52
MOL,0,20101207,100128,19780,5
MOL,0,20101207,100128,19760,10
MOL,0,20101207,100128,19755,6
MOL,0,20101207,100128,19755,30
MOL,0,20101207,100128,19755,500
MOL,0,20101207,100128,19755,250
MOL,0,20101207,100128,19750,47
MOL,0,20101207,100132,19750,53
MOL,0,20101207,100132,19750,45
MOL,0,20101207,100132,19750,100
RICHTER,0,20101207,100137,42710,5
RICHTER,0,20101207,100137,42710,50
RICHTER,0,20101207,100137,42700,100
RICHTER,0,20101207,100137,42700,100
RICHTER,0,20101207,100137,42700,5
RICHTER,0,20101207,100137,42700,20
OTP,0,20101207,100139,5240,20
OTP,0,20101207,100139,5242,200
OTP,0,20101207,100139,5243,530
OTP,0,20101207,100152,5243,50
RICHTER,0,20101207,100156,42700,100
KEG,0,20101207,100201,155,1000
MOL,0,20101207,100205,19715,6
MOL,0,20101207,100205,19710,50
MOL,0,20101207,100205,19700,10
MOL,0,20101207,100205,19700,100
MOL,0,20101207,100205,19700,200
BUX1012,0,20101207,100210,21335,1
BUX1012,0,20101207,100217,21337.5,4
BUX1012,0,20101207,100217,21338,1
OTP,0,20101207,100217,5241,500
OTP,0,20101207,100217,5241,256
OTP,0,20101207,100217,5240,53
MOL,0,20101207,100217,19700,134
MOL,0,20101207,100217,19700,5
MOL,0,20101207,100217,19700,11
BUX1012,0,20101207,100221,21347.5,1
BUX1012,0,20101207,100221,21349.5,1
BUX1012,0,20101207,100221,21355,5
BUX1012,0,20101207,100221,21360,2
BUX1012,0,20101207,100221,21360,2
BUX1012,0,20101207,100221,21360,1
BUX1012,0,20101207,100221,21370,3
BUX1012,0,20101207,100221,21339,5
OTP,0,20101207,100248,5243,40
RICHTER,0,20101207,100328,42700,10
RICHTER,0,20101207,100328,42700,10
MOL,0,20101207,100330,19700,19
MOL,0,20101207,100330,19700,55
OTP,0,20101207,100337,5240,25
KEG,0,20101207,100404,155,250
KEG,0,20101207,100404,155,50
KEG,0,20101207,100404,155,200
MTELEKOM,0,20101207,100411,537,768
MTELEKOM,0,20101207,100411,537,332
OTP,0,20101207,100414,5240,125
OTP,0,20101207,100414,5243,80
OTP,0,20101207,100414,5245,45
MOL,0,20101207,100512,19745,500
OTP,0,20101207,100516,5237,100
MOL,0,20101207,100525,19700,126
PANNERGY,0,20101207,100645,851,100
PANNERGY,0,20101207,100645,850,200
PANNERGY,0,20101207,100645,850,1700
MOL,0,20101207,100646,19695,400
MOL,0,20101207,100653,19655,50
MOL,0,20101207,100653,19655,10
MOL,0,20101207,100653,19655,3
MOL,0,20101207,100653,19655,27
MOL,0,20101207,100653,19655,46
MOL,0,20101207,100653,19650,5
MOL,0,20101207,100653,19650,100
MOL,0,20101207,100653,19650,19
BUX1012,0,20101207,100659,21321,9
BUX1012,0,20101207,100659,21320.5,5
BUX1012,0,20101207,100659,21320,5
BUX1012,0,20101207,100659,21315,10
BUX1012,0,20101207,100703,21310,4
BUX1012,0,20101207,100703,21307,2
BUX1012,0,20101207,100703,21305,4
BUX1012,0,20101207,100711,21305,1
BUX1012,0,20101207,100711,21302,7
BUX1012,0,20101207,100711,21301,1
BUX1012,0,20101207,100714,21301,2
MOL,0,20101207,100731,19695,7
RICHTER,0,20101207,100738,42790,24
RICHTER,0,20101207,100738,42790,4
MOL,0,20101207,100753,19650,20
BUX1012,0,20101207,100758,21303,1
BUX1012,0,20101207,100758,21301,2
BUX1012,0,20101207,100758,21300,2
BUX1012,0,20101207,100758,21300,1
BUX1012,0,20101207,100758,21300,4
EGIS,0,20101207,100805,18695,10
EGIS,0,20101207,100805,18700,30
EGIS,0,20101207,100805,18735,5
EGIS,0,20101207,100805,18740,40
EGIS,0,20101207,100805,18745,21
EGIS,0,20101207,100805,18745,15
BUX1012,0,20101207,100809,21299,3
BUX1012,0,20101207,100813,21300,5
OTP,0,20101207,100852,5245,91
OTP,0,20101207,100852,5245,50
OTP,0,20101207,100852,5245,109
OTP,0,20101207,100917,5245,741
OTP,0,20101207,100917,5245,473
OTP,0,20101207,100917,5245,20
OTP,0,20101207,100917,5246,1000
EGIS,0,20101207,100925,18770,6
EGIS,0,20101207,100925,18770,6
OTP,0,20101207,100928,5249,100
OTP,0,20101207,100928,5249,250
OTP,0,20101207,100928,5249,200
OTP,0,20101207,100928,5249,474
OTP,0,20101207,100928,5250,1249
OTP,0,20101207,100928,5250,1520
OTP,0,20101207,100928,5250,150
OTP,0,20101207,100928,5250,1057
OTP,0,20101207,100931,5250,6000
OTP,0,20101207,100932,5250,2943
OTP,0,20101207,100932,5250,225
OTP,0,20101207,100932,5250,80
OTP,0,20101207,100932,5250,10
OTP,0,20101207,100932,5250,200
OTP,0,20101207,100933,5250,473
OTP,0,20101207,100939,5254,19
OTP,0,20101207,100939,5254,20
OTP,0,20101207,100939,5255,200
OTP,0,20101207,100939,5255,50
OTP,0,20101207,100939,5255,299
OTP,0,20101207,100939,5256,350
OTP,0,20101207,100939,5257,16
OTP,0,20101207,100939,5257,120
OTP,0,20101207,100939,5257,500
OTP,0,20101207,100939,5258,426
OTP,0,20101207,100939,5258,200
OTP,0,20101207,100943,5257,100
OTP,0,20101207,100943,5251,150
OTP,0,20101207,100943,5258,374
OTP,0,20101207,100943,5258,8
OTP,0,20101207,100943,5259,1000
BUX1012,0,20101207,100948,21340,5
BUX1012,0,20101207,100948,21350,30
OTP,0,20101207,100954,5260,60
OTP,0,20101207,100954,5260,12
OTP,0,20101207,100954,5260,312
OTP,0,20101207,100954,5260,19
OTP,0,20101207,101001,5260,25
OTP,0,20101207,101001,5260,20
MOL,0,20101207,101001,19695,250
OTP,0,20101207,101002,5260,100
MOL,0,20101207,101012,19695,50
OTP,0,20101207,101013,5255,25
OTP,0,20101207,101016,5260,24
OTP,0,20101207,101016,5260,50
OTP,0,20101207,101016,5260,50
OTP,0,20101207,101016,5263,45
OTP,0,20101207,101016,5263,5
OTP,0,20101207,101016,5265,25
OTP,0,20101207,101016,5265,201
OTP,0,20101207,101016,5265,200
MOL,0,20101207,101034,19700,20
OTP,0,20101207,101037,5264,31
OTP,0,20101207,101037,5265,599
OTP,0,20101207,101037,5265,2000
BUX1012,0,20101207,101047,21359,1
MOL,0,20101207,101047,19700,10
OTP,0,20101207,101052,5267,20
OTP,0,20101207,101052,5267,130
OTP,0,20101207,101056,5267,342
OTP,0,20101207,101056,5269,100
OTP,0,20101207,101056,5270,23
OTP,0,20101207,101056,5270,10
OTP,0,20101207,101056,5270,125
OTP,0,20101207,101056,5270,75
OTP,0,20101207,101056,5270,30
OTP,0,20101207,101056,5270,65
OTP,0,20101207,101100,5270,866
MOL,0,20101207,101102,19700,6
MOL,0,20101207,101103,19700,30
MOL,0,20101207,101107,19700,308
OTP,0,20101207,101107,5270,128
OTP,0,20101207,101107,5270,372
OTP,0,20101207,101108,5270,200
OTP,0,20101207,101109,5270,134
OTP,0,20101207,101114,5262,50
OTP,0,20101207,101114,5261,225
OTP,0,20101207,101114,5260,10
OTP,0,20101207,101114,5260,95
BUX1012,0,20101207,101121,21360,4
BUX1012,0,20101207,101121,21365,1
BUX1012,0,20101207,101121,21368,2
BUX1012,0,20101207,101121,21369,3
FOTEX,0,20101207,101123,412,80
BUX1012,0,20101207,101125,21369,2
BUX1012,0,20101207,101125,21370,1
BUX1012,0,20101207,101125,21370,2
OTP,0,20101207,101146,5265,200
OTP,0,20101207,101152,5265,14
OTP,0,20101207,101153,5265,20
OTP,0,20101207,101154,5265,266
RFV,0,20101207,101203,7850,50
OTP,0,20101207,101217,5269,20
OTP,0,20101207,101217,5270,130
OTP,0,20101207,101218,5269,30
OTP,0,20101207,101218,5270,164
OTP,0,20101207,101218,5270,1000
OTP,0,20101207,101218,5270,40
DANUBIUS,0,20101207,101220,3865,27
FOTEX,0,20101207,101221,412,70
FOTEX,0,20101207,101221,412,500
FOTEX,0,20101207,101221,412,746
KEG,0,20101207,101221,155,500
OTP,0,20101207,101228,5271,160
OTP,0,20101207,101228,5270,266
OTP,0,20101207,101228,5270,193
OTP,0,20101207,101228,5270,381
OTP,0,20101207,101240,5272,100
OTP,0,20101207,101241,5272,100
OTP,0,20101207,101244,5273,11
OTP,0,20101207,101245,5271,196
OTP,0,20101207,101245,5270,119
OTP,0,20101207,101245,5270,100
OTP,0,20101207,101257,5270,585
RICHTER,0,20101207,101258,42780,15
RICHTER,0,20101207,101258,42780,4
RICHTER,0,20101207,101258,42775,15
RABA,0,20101207,101304,810,124
RABA,0,20101207,101304,808,76
OTP,0,20101207,101309,5270,40
OTP,0,20101207,101317,5270,105
OTP,0,20101207,101321,5270,150
OTP,0,20101207,101330,5270,1120
OTP,0,20101207,101330,5270,75
OTP,0,20101207,101330,5267,200
OTP,0,20101207,101330,5261,2000
OTP,0,20101207,101330,5261,1000
OTP,0,20101207,101330,5261,300
OTP,0,20101207,101330,5260,1305
EGIS,0,20101207,101334,18650,150
EGIS,0,20101207,101341,18700,50
OTP,0,20101207,101349,5270,1000
EGIS,0,20101207,101351,18700,50
RICHTER,0,20101207,101351,42700,100
EGIS,0,20101207,101358,18700,50
PHYLAXIA,0,20101207,101400,46,72
EGIS,0,20101207,101403,18700,50
OTP,0,20101207,101408,5269,50
EGIS,0,20101207,101413,18700,50
OTP,0,20101207,101415,5262,300
OTP,0,20101207,101415,5262,207
OTP,0,20101207,101419,5261,900
OTP,0,20101207,101422,5261,800
OTP,0,20101207,101422,5260,600
MTELEKOM,0,20101207,101422,536,50
MTELEKOM,0,20101207,101422,536,112
MTELEKOM,0,20101207,101422,536,100
OTP,0,20101207,101430,5260,400
EGIS,0,20101207,101431,18700,50
EGIS,0,20101207,101434,18700,50
OTP,0,20101207,101436,5260,500
EGIS,0,20101207,101445,18650,5000
RICHTER,0,20101207,101453,42700,8
EGIS,0,20101207,101453,18700,18
EGIS,0,20101207,101454,18700,32
OTP,0,20101207,101454,5261,150
EGIS,0,20101207,101455,18700,18
EGIS,0,20101207,101500,18700,50
OTP,0,20101207,101505,5261,50
EGIS,0,20101207,101506,18700,50
EGIS,0,20101207,101511,18695,25
EGIS,0,20101207,101511,18700,25
OTP,0,20101207,101511,5262,100
EGIS,0,20101207,101516,18700,25
EGIS,0,20101207,101516,18700,25
OTP,0,20101207,101520,5262,50
EGIS,0,20101207,101521,18700,50
OTP,0,20101207,101524,5260,61
EGIS,0,20101207,101526,18700,50
BUX1012,0,20101207,101526,21350,1
EGIS,0,20101207,101531,18700,50
FOTEX,0,20101207,101533,413,55
EGIS,0,20101207,101537,18700,25
EGIS,0,20101207,101537,18700,25
EGIS,0,20101207,101539,18650,30
EGIS,0,20101207,101539,18650,150
FHB,0,20101207,101540,961,20
FHB,0,20101207,101540,960,780
EGIS,0,20101207,101542,18700,50
EGIS,0,20101207,101547,18650,100
EGIS,0,20101207,101547,18700,25
EGIS,0,20101207,101547,18700,25
EGIS,0,20101207,101552,18700,50
BUX1012,0,20101207,101555,21360,4
BUX1012,0,20101207,101555,21363,1
BUX1012,0,20101207,101555,21364,8
EGIS,0,20101207,101557,18650,200
EGIS,0,20101207,101558,18700,28
OTP,0,20101207,101558,5261,25
OTP,0,20101207,101558,5261,200
OTP,0,20101207,101558,5262,25
MTELEKOM,0,20101207,101609,535,3900
MTELEKOM,0,20101207,101609,535,2000
OTP,0,20101207,101619,5261,40
OTP,0,20101207,101619,5262,12
OTP,0,20101207,101619,5262,348
OTP,0,20101207,101620,5262,120
EGIS,0,20101207,101631,18700,22
EGIS,0,20101207,101631,18700,28
EGIS,0,20101207,101631,18700,50
EGIS,0,20101207,101631,18700,50
EGIS,0,20101207,101639,18700,50
EGIS,0,20101207,101644,18700,50
EGIS,0,20101207,101650,18700,50
EGIS,0,20101207,101702,18700,100
EGIS,0,20101207,101702,18700,50
OTP,0,20101207,101703,5268,80
EGIS,0,20101207,101712,18700,50
OTP,0,20101207,101713,5268,10
OTP,0,20101207,101713,5268,390
EGIS,0,20101207,101713,18650,20
MTELEKOM,0,20101207,101715,536,1000
EGIS,0,20101207,101715,18700,27
RICHTER,0,20101207,101738,42700,17
MOL,0,20101207,101741,19725,5
OTP,0,20101207,101753,5269,450
OTP,0,20101207,101753,5269,550
MOL,0,20101207,101759,19750,5
FOTEX,0,20101207,101800,410,100
OTP,0,20101207,101808,5262,171
OTP,0,20101207,101808,5260,229
EGIS,0,20101207,101840,18795,7
EGIS,0,20101207,101840,18795,10
EGIS,0,20101207,101840,18795,10
RABA,0,20101207,101845,812,41
RABA,0,20101207,101845,815,109
OTP,0,20101207,101846,5269,450
OTP,0,20101207,101846,5270,500
OTP,0,20101207,101846,5270,285
OTP,0,20101207,101846,5270,100
OTP,0,20101207,101846,5270,6
OTP,0,20101207,101846,5270,159
RICHTER,0,20101207,101853,42700,15
RICHTER,0,20101207,101853,42670,15
RFV,0,20101207,101921,7830,2
RFV,0,20101207,101921,7883,3
EGIS,0,20101207,101930,18795,40
EGIS,0,20101207,101930,18800,10
OTP,0,20101207,101942,5265,20
MOL,0,20101207,101952,19790,40
OTP,0,20101207,102041,5265,10
OTP,0,20101207,102059,5265,40
OTP,0,20101207,102059,5265,10
RABA,0,20101207,102113,808,24
BUX1012,0,20101207,102123,21350,1
OTP,0,20101207,102134,5265,10
EGIS,0,20101207,102157,18800,3
BUX1012,0,20101207,102214,21359,2
BUX1012,0,20101207,102214,21360,18
RICHTER,0,20101207,102228,42770,2
MTELEKOM,0,20101207,102307,535,300
OTP,0,20101207,102310,5267,180
OTP,0,20101207,102310,5267,177
OTP,0,20101207,102310,5267,141
OTP,0,20101207,102310,5265,31
EGIS,0,20101207,102345,18800,2
EGIS,0,20101207,102345,18800,48
EGIS,0,20101207,102345,18800,100
BUX1012,0,20101207,102345,21350,1
BUX1012,0,20101207,102345,21350,4
RICHTER,0,20101207,102400,42710,14
RICHTER,0,20101207,102400,42710,14
RICHTER,0,20101207,102400,42705,29
OTP,0,20101207,102424,5264,30
EGIS,0,20101207,102451,18800,50
BUX1012,0,20101207,102503,21360,4
BUX1012,0,20101207,102503,21364,2
BUX1012,0,20101207,102503,21365,4
PANNERGY,0,20101207,102506,850,20
MTELEKOM,0,20101207,102510,535,700
MTELEKOM,0,20101207,102510,535,1000
BUX1012,0,20101207,102524,21340,1
PANNERGY,0,20101207,102542,850,5
FHB,0,20101207,102558,961,1212
EGIS,0,20101207,102605,18885,15
MOL,0,20101207,102614,19790,2
MTELEKOM,0,20101207,102641,535,100
EGIS,0,20101207,102645,18885,1
EGIS,0,20101207,102645,18895,3
EGIS,0,20101207,102654,18950,20
EGIS,0,20101207,102654,18950,40
EGIS,0,20101207,102654,18990,3
EGIS,0,20101207,102654,18990,29
RABA,0,20101207,102713,807,100
RABA,0,20101207,102713,806,35
RABA,0,20101207,102713,806,140
EGIS,0,20101207,102716,18990,24
RICHTER,0,20101207,102717,42725,100
EGIS,0,20101207,102733,18985,24
EGIS,0,20101207,102733,18990,76
EGIS,0,20101207,102733,18995,15
EGIS,0,20101207,102733,19000,115
EGIS,0,20101207,102733,19000,100
EGIS,0,20101207,102733,19000,176
EGIS,0,20101207,102743,19000,24
MTELEKOM,0,20101207,102743,535,100
FHB,0,20101207,102744,964,300
FHB,0,20101207,102744,965,490
FHB,0,20101207,102744,966,479
EGIS,0,20101207,102747,19000,100
EGIS,0,20101207,102751,19000,100
RICHTER,0,20101207,102755,42770,60
RICHTER,0,20101207,102755,42775,70
RICHTER,0,20101207,102755,42790,40
RICHTER,0,20101207,102755,42800,100
RICHTER,0,20101207,102755,42800,50
RICHTER,0,20101207,102755,42820,46
RICHTER,0,20101207,102755,42820,8
RICHTER,0,20101207,102810,42820,146
RICHTER,0,20101207,102810,42820,54
MTELEKOM,0,20101207,102818,535,2890
MTELEKOM,0,20101207,102818,536,1358
MTELEKOM,0,20101207,102818,536,100
MTELEKOM,0,20101207,102818,536,1000
MTELEKOM,0,20101207,102818,537,2685
MTELEKOM,0,20101207,102818,537,1000
MTELEKOM,0,20101207,102818,537,1000
MTELEKOM,0,20101207,102818,538,1000
MTELEKOM,0,20101207,102818,538,2000
MTELEKOM,0,20101207,102818,538,140
MTELEKOM,0,20101207,102818,538,200
MTELEKOM,0,20101207,102818,539,186
MTELEKOM,0,20101207,102818,539,1000
MTELEKOM,0,20101207,102818,539,3500
MTELEKOM,0,20101207,102818,539,1991
BUX1012,0,20101207,102820,21360,3
RICHTER,0,20101207,102828,42820,46
OTP,0,20101207,102831,5261,30
BUX1012,0,20101207,102834,21365,2
BUX1012,0,20101207,102834,21368,5
BUX1012,0,20101207,102834,21370,10
BUX1012,0,20101207,102834,21373,3
KEG,0,20101207,102836,156,500
RICHTER,0,20101207,102841,42820,4
BUX1012,0,20101207,102841,21373,2
BUX1012,0,20101207,102841,21375,1
RICHTER,0,20101207,102841,42825,5
RABA,0,20101207,102843,815,10
OTP,0,20101207,102848,5264,20
OTP,0,20101207,102848,5264,980
BUX1012,0,20101207,102850,21375,1
BUX1012,0,20101207,102850,21375,1
BUX1012,0,20101207,102852,21360,1
MOL,0,20101207,102855,19790,41
OTP,0,20101207,102856,5264,20
OTP,0,20101207,102856,5265,480
EGIS,0,20101207,102857,19000,64
BUX1012,0,20101207,102901,21375,1
BUX1012,0,20101207,102901,21375,1
BUX1012,0,20101207,102907,21376,3
RICHTER,0,20101207,102908,42730,3
RICHTER,0,20101207,102908,42725,40
EGIS,0,20101207,102913,19000,36
EGIS,0,20101207,102913,19000,14
OTP,0,20101207,102915,5265,991
OTP,0,20101207,102915,5265,100
OTP,0,20101207,102915,5265,1
EGIS,0,20101207,102919,19000,50
RICHTER,0,20101207,102922,42800,5
BUX1012,0,20101207,102923,21376,1
EGIS,0,20101207,102924,19000,36
EGIS,0,20101207,102926,19000,14
RICHTER,0,20101207,102927,42815,30
EGIS,0,20101207,102929,19000,50
RICHTER,0,20101207,102932,42820,96
RICHTER,0,20101207,102932,42820,4
EGIS,0,20101207,102934,19000,36
EGIS,0,20101207,102934,19000,14
EGIS,0,20101207,102940,19000,50
RICHTER,0,20101207,102941,42820,100
EGIS,0,20101207,102945,19000,36
EGIS,0,20101207,102947,19000,14
FOTEX,0,20101207,102948,412,135
EGIS,0,20101207,102950,19000,50
RICHTER,0,20101207,102950,42820,10
BUX1012,0,20101207,102954,21375,25
EGIS,0,20101207,102955,19000,50
EGIS,0,20101207,103001,19000,50
RICHTER,0,20101207,103002,42800,12
EGIS,0,20101207,103006,19000,36
MOL,0,20101207,103007,19775,5
EGIS,0,20101207,103007,19000,14
EGIS,0,20101207,103011,19000,50
OTP,0,20101207,103013,5268,50
OTP,0,20101207,103013,5268,100
OTP,0,20101207,103013,5269,30
KEG,0,20101207,103016,155,600
EGIS,0,20101207,103017,19000,50
EGIS,0,20101207,103021,18995,2
EGIS,0,20101207,103021,18995,48
EGIS,0,20101207,103027,18995,50
BUX1012,0,20101207,103028,21360,1
EGIS,0,20101207,103032,18995,50
EGIS,0,20101207,103035,18840,24
EGIS,0,20101207,103035,18835,52
EGIS,0,20101207,103035,18825,100
EGIS,0,20101207,103035,18800,124
RICHTER,0,20101207,103035,42800,5
EGIS,0,20101207,103037,18995,2
EGIS,0,20101207,103037,19000,48
OTP,0,20101207,103038,5266,25
EGIS,0,20101207,103043,18995,34
EGIS,0,20101207,103043,18995,16
EGIS,0,20101207,103048,18995,34
EGIS,0,20101207,103048,19000,16
EGIS,0,20101207,103053,18990,30
EGIS,0,20101207,103053,18990,18
EGIS,0,20101207,103053,19000,2
OTP,0,20101207,103116,5268,150
OTP,0,20101207,103116,5268,40
OTP,0,20101207,103126,5269,2970
OTP,0,20101207,103126,5269,18
OTP,0,20101207,103126,5269,12
OTP,0,20101207,103128,5268,109
EGIS,0,20101207,103131,18950,50
EGIS,0,20101207,103131,18950,5
EGIS,0,20101207,103131,18995,100
EGIS,0,20101207,103131,19000,20
EGIS,0,20101207,103131,19000,100
EGIS,0,20101207,103131,19000,70
EGIS,0,20101207,103138,19000,155
OTP,0,20101207,103147,5268,2
BUX1012,0,20101207,103148,21370,1
BUX1012,0,20101207,103148,21370,1
EGIS,0,20101207,103152,19000,45
EGIS,0,20101207,103152,19000,200
EGIS,0,20101207,103152,19000,155
BUX1012,0,20101207,103157,21376,1
BUX1012,0,20101207,103157,21379,1
BUX1012,0,20101207,103157,21380,1
BUX1012,0,20101207,103157,21380,5
BUX1012,0,20101207,103157,21380,1
BUX1012,0,20101207,103157,21384,1
BUX1012,0,20101207,103157,21386,2
BUX1012,0,20101207,103157,21390,1
BUX1012,0,20101207,103158,21390,1
BUX1012,0,20101207,103158,21393,4
BUX1012,0,20101207,103202,21393,1
BUX1012,0,20101207,103202,21394,5
BUX1012,0,20101207,103202,21395,10
OTP,0,20101207,103212,5268,100
BUX1012,0,20101207,103218,21396,2
BUX1012,0,20101207,103218,21397,1
BUX1012,0,20101207,103218,21399.5,1
BUX1012,0,20101207,103218,21400,9
BUX1012,0,20101207,103218,21400,5
BUX1012,0,20101207,103218,21400,2
BUX1012,0,20101207,103218,21400,1
BUX1012,0,20101207,103227,21400,1
OTP,0,20101207,103236,5267,174
OTP,0,20101207,103236,5267,26
EGIS,0,20101207,103242,18990,4
EGIS,0,20101207,103242,18995,50
EGIS,0,20101207,103242,19000,45
EGIS,0,20101207,103242,19000,100
EGIS,0,20101207,103242,19000,200
EGIS,0,20101207,103249,19000,1
MTELEKOM,0,20101207,103255,536,1000
EGIS,0,20101207,103256,19000,199
EGIS,0,20101207,103322,19000,1
OTP,0,20101207,103324,5268,50
MTELEKOM,0,20101207,103329,536,1000
EGIS,0,20101207,103337,19000,10
OTP,0,20101207,103342,5267,100
EGIS,0,20101207,103344,19000,89
OTP,0,20101207,103351,5268,739
OTP,0,20101207,103351,5268,472
OTP,0,20101207,103351,5268,300
RICHTER,0,20101207,103359,42780,5
RICHTER,0,20101207,103359,42795,25
OTP,0,20101207,103402,5270,36
OTP,0,20101207,103402,5270,64
PANNERGY,0,20101207,103420,857,200
PANNERGY,0,20101207,103420,858,100
PANNERGY,0,20101207,103420,859,205
PANNERGY,0,20101207,103420,860,895
RICHTER,0,20101207,103421,42795,5
OTP,0,20101207,103422,5269,100
OTP,0,20101207,103422,5268,489
OTP,0,20101207,103422,5268,33
OTP,0,20101207,103446,5268,378
OTP,0,20101207,103451,5268,122
OTP,0,20101207,103457,5265,408
OTP,0,20101207,103457,5265,92
EGIS,0,20101207,103459,19000,500
OTP,0,20101207,103501,5268,50
RICHTER,0,20101207,103511,42800,56
RICHTER,0,20101207,103511,42800,70
RICHTER,0,20101207,103511,42800,100
RICHTER,0,20101207,103519,42800,70
EGIS,0,20101207,103529,19050,100
RICHTER,0,20101207,103532,42815,20
RICHTER,0,20101207,103536,42815,251
RICHTER,0,20101207,103536,42820,100
EGIS,0,20101207,103536,19000,167
RICHTER,0,20101207,103538,42800,204
RICHTER,0,20101207,103538,42800,13
RICHTER,0,20101207,103538,42800,12
EGIS,0,20101207,103542,19000,30
RICHTER,0,20101207,103548,42805,50
RICHTER,0,20101207,103551,42800,250
RICHTER,0,20101207,103552,42850,12
RICHTER,0,20101207,103552,42850,88
EGIS,0,20101207,103554,19000,3
RICHTER,0,20101207,103606,42850,12
RICHTER,0,20101207,103606,42800,38
BUX1012,0,20101207,103614,21397.5,5
BUX1012,0,20101207,103614,21398,9
OTP,0,20101207,103619,5268,28
OTP,0,20101207,103619,5269,20
OTP,0,20101207,103619,5270,936
OTP,0,20101207,103619,5270,16
MOL,0,20101207,103621,19790,10
RICHTER,0,20101207,103627,42805,15
RICHTER,0,20101207,103627,42805,50
RICHTER,0,20101207,103627,42800,212
RICHTER,0,20101207,103634,42810,30
OTP,0,20101207,103636,5270,29
OTP,0,20101207,103636,5270,12
OTP,0,20101207,103636,5270,300
OTP,0,20101207,103636,5272,100
OTP,0,20101207,103636,5272,200
OTP,0,20101207,103636,5272,859
OTP,0,20101207,103636,5272,19
BUX1012,0,20101207,103643,21370,1
BUX1012,0,20101207,103643,21370,3
BUX1012,0,20101207,103643,21370,1
RICHTER,0,20101207,103651,42805,50
RICHTER,0,20101207,103651,42800,200
RICHTER,0,20101207,103658,42805,5
RICHTER,0,20101207,103658,42800,50
RICHTER,0,20101207,103709,42800,149
MTELEKOM,0,20101207,103716,536,106
OTP,0,20101207,103724,5272,122
BUX1012,0,20101207,103739,21399,5
EGIS,0,20101207,103739,19000,197
EGIS,0,20101207,103739,19000,80
EGIS,0,20101207,103739,19000,223
FOTEX,0,20101207,103741,412,67
MTELEKOM,0,20101207,103749,536,1100
OTP,0,20101207,103750,5273,50
OTP,0,20101207,103750,5275,15
OTP,0,20101207,103750,5275,20
OTP,0,20101207,103750,5275,115
RICHTER,0,20101207,103753,42805,50
RICHTER,0,20101207,103753,42805,88
RICHTER,0,20101207,103753,42805,20
RICHTER,0,20101207,103753,42800,250
OTP,0,20101207,103808,5275,85
OTP,0,20101207,103808,5275,115
OTP,0,20101207,103826,5275,385
OTP,0,20101207,103826,5275,8
MOL,0,20101207,103843,19790,30
OTP,0,20101207,103854,5278,500
OTP,0,20101207,103854,5278,100
OTP,0,20101207,103854,5278,1000
OTP,0,20101207,103854,5279,300
OTP,0,20101207,103854,5279,400
OTP,0,20101207,103854,5279,400
OTP,0,20101207,103854,5279,100
OTP,0,20101207,103854,5279,200
OTP,0,20101207,103912,5279,800
OTP,0,20101207,103912,5279,200
OTP,0,20101207,103921,5279,1000
OTP,0,20101207,103923,5280,60
OTP,0,20101207,103923,5280,30
OTP,0,20101207,103923,5280,100
OTP,0,20101207,103923,5280,1200
OTP,0,20101207,103923,5280,30
OTP,0,20101207,103923,5280,38
OTP,0,20101207,103923,5280,8
OTP,0,20101207,103923,5280,32
OTP,0,20101207,103923,5280,8
OTP,0,20101207,103923,5280,26
OTP,0,20101207,103923,5280,20
OTP,0,20101207,103923,5280,66
BUX1012,0,20101207,103931,21399,5
MOL,0,20101207,103932,19790,6
OTP,0,20101207,103932,5280,134
OTP,0,20101207,103932,5280,200
OTP,0,20101207,103932,5280,50
OTP,0,20101207,103932,5280,2
OTP,0,20101207,103932,5280,500
OTP,0,20101207,103932,5280,50
OTP,0,20101207,103932,5280,466
OTP,0,20101207,103933,5283,500
OTP,0,20101207,103933,5284,97
OTP,0,20101207,103933,5284,500
OTP,0,20101207,103933,5285,12
OTP,0,20101207,103933,5285,5000
OTP,0,20101207,103933,5285,100
OTP,0,20101207,103933,5285,300
OTP,0,20101207,103933,5285,200
OTP,0,20101207,103933,5286,27
OTP,0,20101207,103933,5289,11
OTP,0,20101207,103933,5289,26
RICHTER,0,20101207,103934,42800,250
OTP,0,20101207,103939,5289,150
BUX1012,0,20101207,103946,21399.5,1
BUX1012,0,20101207,103946,21399.5,1
BUX1012,0,20101207,103946,21400,1
MOL,0,20101207,103952,19795,150
MOL,0,20101207,103952,19795,50
BUX1012,0,20101207,103953,21400,1
BUX1012,0,20101207,103953,21400,7
BUX1012,0,20101207,103955,21400,18
BUX1012,0,20101207,103955,21400,10
BUX1012,0,20101207,103955,21400,2
BUX1012,0,20101207,103955,21400,3
BUX1012,0,20101207,103955,21400,3
BUX1012,0,20101207,103955,21400,3
BUX1012,0,20101207,103955,21400,10
BUX1012,0,20101207,103959,21410,1
BUX1012,0,20101207,103959,21416,4
BUX1012,0,20101207,103959,21418,1
BUX1012,0,20101207,103959,21420,1
BUX1012,0,20101207,103959,21422,1
BUX1012,0,20101207,103959,21425,1
BUX1012,0,20101207,103959,21425,3
BUX1012,0,20101207,104004,21425,1
BUX1012,0,20101207,104004,21430,1
OTP,0,20101207,104005,5285,100
RICHTER,0,20101207,104010,42800,250
RABA,0,20101207,104014,815,122
MTELEKOM,0,20101207,104019,536,500
MOL,0,20101207,104022,19800,500
MOL,0,20101207,104022,19800,1000
MOL,0,20101207,104022,19800,100
MOL,0,20101207,104022,19800,1000
OTP,0,20101207,104022,5288,500
OTP,0,20101207,104022,5288,500
OTP,0,20101207,104022,5289,54
OTP,0,20101207,104022,5289,200
OTP,0,20101207,104022,5289,200
OTP,0,20101207,104022,5289,200
OTP,0,20101207,104022,5289,1537
BUX1012,0,20101207,104023,21430,1
BUX1012,0,20101207,104023,21435,1
BUX1012,0,20101207,104023,21435,1
BUX1012,0,20101207,104023,21440,2
BUX1012,0,20101207,104023,21440,1
BUX1012,0,20101207,104023,21440,1
BUX1012,0,20101207,104023,21440,4
BUX1012,0,20101207,104026,21430,2
BUX1012,0,20101207,104026,21430,8
MOL,0,20101207,104026,19800,500
MOL,0,20101207,104026,19800,34
RFV,0,20101207,104038,7850,10
RFV,0,20101207,104038,7850,50
MOL,0,20101207,104038,19800,8
MOL,0,20101207,104038,19800,1000
OTP,0,20101207,104040,5289,1000
MOL,0,20101207,104043,19800,250
MOL,0,20101207,104047,19800,250
FHB,0,20101207,104055,966,84
FHB,0,20101207,104055,966,46
OTP,0,20101207,104055,5288,13
BUX1012,0,20101207,104100,21440,6
BUX1012,0,20101207,104100,21440,6
BUX1012,0,20101207,104100,21440,8
MOL,0,20101207,104100,19830,20
OTP,0,20101207,104107,5289,200
MOL,0,20101207,104107,19840,6
MOL,0,20101207,104111,19830,12
MOL,0,20101207,104111,19800,488
RICHTER,0,20101207,104111,42800,250
RICHTER,0,20101207,104111,42800,30
OTP,0,20101207,104116,5289,20
OTP,0,20101207,104117,5289,20
OTP,0,20101207,104118,5289,734
RICHTER,0,20101207,104118,42800,17
MOL,0,20101207,104118,19800,12
MOL,0,20101207,104118,19800,23
MTELEKOM,0,20101207,104118,536,294
MTELEKOM,0,20101207,104118,536,500
MTELEKOM,0,20101207,104118,536,134
EGIS,0,20101207,104118,19000,6
RABA,0,20101207,104119,815,200
RICHTER,0,20101207,104119,42800,233
MTELEKOM,0,20101207,104122,536,866
MTELEKOM,0,20101207,104122,536,1
MTELEKOM,0,20101207,104122,536,40
MTELEKOM,0,20101207,104122,536,640
OTP,0,20101207,104128,5289,1111
BUX1012,0,20101207,104131,21439,2
OTP,0,20101207,104132,5289,257
BUX1012,0,20101207,104133,21420.5,5
BUX1012,0,20101207,104133,21420,7
OTP,0,20101207,104136,5289,7
OTP,0,20101207,104136,5289,470
OTP,0,20101207,104136,5289,167
OTP,0,20101207,104136,5290,50
OTP,0,20101207,104136,5290,1306
OTP,0,20101207,104139,5290,250
BUX1012,0,20101207,104139,21420,13
OTP,0,20101207,104144,5290,90
PANNERGY,0,20101207,104146,860,105
OTP,0,20101207,104146,5289,27
RICHTER,0,20101207,104156,42800,17
BUX1012,0,20101207,104156,21433,24
OTP,0,20101207,104158,5290,200
OTP,0,20101207,104158,5290,100
OTP,0,20101207,104200,5290,54
OTP,0,20101207,104200,5290,300
OTP,0,20101207,104200,5290,11
OTP,0,20101207,104200,5290,20
OTP,0,20101207,104200,5290,8
OTP,0,20101207,104200,5290,47
MTELEKOM,0,20101207,104203,535,127
OTP,0,20101207,104207,5290,153
OTP,0,20101207,104207,5290,97
OTP,0,20101207,104208,5290,53
OTP,0,20101207,104208,5294,200
OTP,0,20101207,104208,5294,21
OTP,0,20101207,104208,5294,300
OTP,0,20101207,104208,5294,16
OTP,0,20101207,104208,5295,960
OTP,0,20101207,104208,5295,500
OTP,0,20101207,104208,5295,4000
OTP,0,20101207,104208,5295,100
OTP,0,20101207,104208,5295,7
OTP,0,20101207,104208,5295,100
OTP,0,20101207,104208,5295,6
OTP,0,20101207,104208,5296,1600
OTP,0,20101207,104208,5296,137
BUX1012,0,20101207,104214,21433,1
BUX1012,0,20101207,104214,21440,24
BUX1012,0,20101207,104214,21446,1
BUX1012,0,20101207,104214,21448,1
BUX1012,0,20101207,104214,21449.5,1
PANNERGY,0,20101207,104226,862,50
OTP,0,20101207,104231,5291,19
PANNERGY,0,20101207,104232,862,100
MOL,0,20101207,104234,19840,50
BUX1012,0,20101207,104237,21450,1
BUX1012,0,20101207,104237,21450,2
FHB,0,20101207,104239,965,150
FHB,0,20101207,104239,966,54
FHB,0,20101207,104239,966,563
FHB,0,20101207,104239,966,59
FHB,0,20101207,104242,966,174
OTP,0,20101207,104246,5291,1
OTP,0,20101207,104246,5291,149
OTP,0,20101207,104246,5290,100
OTP,0,20101207,104248,5296,63
OTP,0,20101207,104248,5296,465
OTP,0,20101207,104248,5297,50
OTP,0,20101207,104248,5297,2500
OTP,0,20101207,104248,5298,50
OTP,0,20101207,104248,5298,400
OTP,0,20101207,104248,5298,1130
OTP,0,20101207,104248,5298,342
OTP,0,20101207,104253,5298,30
OTP,0,20101207,104253,5298,1700
OTP,0,20101207,104253,5299,270
BUX1012,0,20101207,104254,21450,1
BUX1012,0,20101207,104254,21450,3
OTP,0,20101207,104258,5299,730
OTP,0,20101207,104258,5299,300
OTP,0,20101207,104258,5299,80
OTP,0,20101207,104258,5299,500
OTP,0,20101207,104258,5299,8
OTP,0,20101207,104258,5299,3382
OTP,0,20101207,104258,5294,138
OTP,0,20101207,104258,5291,162
RICHTER,0,20101207,104259,42850,3
BUX1012,0,20101207,104302,21450,5
BUX1012,0,20101207,104303,21450,42
BUX1012,0,20101207,104303,21450,2
RICHTER,0,20101207,104308,42845,8
OTP,0,20101207,104309,5299,5000
PANNERGY,0,20101207,104309,865,45
OTP,0,20101207,104310,5299,1618
OTP,0,20101207,104310,5299,10000
OTP,0,20101207,104310,5299,100
OTP,0,20101207,104310,5299,8282
BUX1012,0,20101207,104311,21450,6
OTP,0,20101207,104313,5299,4418
OTP,0,20101207,104313,5299,25
OTP,0,20101207,104313,5299,557
RICHTER,0,20101207,104317,42845,80
OTP,0,20101207,104318,5298,500
OTP,0,20101207,104318,5299,443
OTP,0,20101207,104318,5299,473
OTP,0,20101207,104318,5300,8
OTP,0,20101207,104318,5300,200
OTP,0,20101207,104318,5300,1000
OTP,0,20101207,104318,5300,80
OTP,0,20101207,104318,5300,1000
OTP,0,20101207,104318,5300,41
OTP,0,20101207,104318,5300,10
OTP,0,20101207,104318,5300,15
OTP,0,20101207,104318,5300,62
OTP,0,20101207,104318,5300,83
OTP,0,20101207,104318,5300,12
OTP,0,20101207,104318,5300,264
OTP,0,20101207,104318,5300,10
OTP,0,20101207,104318,5300,20
OTP,0,20101207,104318,5300,20
OTP,0,20101207,104318,5300,20
OTP,0,20101207,104318,5300,10
OTP,0,20101207,104318,5300,400
OTP,0,20101207,104318,5300,11
OTP,0,20101207,104318,5300,100
OTP,0,20101207,104318,5300,285
OTP,0,20101207,104318,5300,210
OTP,0,20101207,104318,5300,63
OTP,0,20101207,104318,5300,20
OTP,0,20101207,104318,5300,100
OTP,0,20101207,104318,5300,200
OTP,0,20101207,104318,5300,40
OTP,0,20101207,104318,5300,84
OTP,0,20101207,104318,5300,1500
OTP,0,20101207,104318,5300,100
OTP,0,20101207,104318,5300,10
OTP,0,20101207,104318,5300,200
OTP,0,20101207,104318,5300,100
OTP,0,20101207,104318,5300,1300
OTP,0,20101207,104318,5300,275
OTP,0,20101207,104318,5300,190
OTP,0,20101207,104318,5300,280
OTP,0,20101207,104318,5300,200
OTP,0,20101207,104318,5300,500
OTP,0,20101207,104318,5300,600
OTP,0,20101207,104318,5300,1000
OTP,0,20101207,104318,5300,100
OTP,0,20101207,104318,5300,39
OTP,0,20101207,104318,5300,9950
OTP,0,20101207,104318,5300,57
OTP,0,20101207,104318,5300,2213
OTP,0,20101207,104318,5300,200
OTP,0,20101207,104320,5300,20
MTELEKOM,0,20101207,104321,537,500
BUX1012,0,20101207,104321,21450,10
FHB,0,20101207,104322,966,389
FHB,0,20101207,104322,966,411
OTP,0,20101207,104323,5300,67
OTP,0,20101207,104323,5300,200
OTP,0,20101207,104323,5300,353
RICHTER,0,20101207,104330,42845,3
OTP,0,20101207,104338,5301,285
MOL,0,20101207,104343,19850,50
OTP,0,20101207,104344,5304,13
OTP,0,20101207,104344,5304,37
BUX1012,0,20101207,104346,21450,9
BUX1012,0,20101207,104346,21450,4
BUX1012,0,20101207,104346,21450,5
OTP,0,20101207,104350,5304,100
OTP,0,20101207,104353,5301,60
BUX1012,0,20101207,104353,21450,7
BUX1012,0,20101207,104353,21460,3
BUX1012,0,20101207,104353,21460,10
OTP,0,20101207,104353,5301,80
OTP,0,20101207,104354,5304,332
OTP,0,20101207,104354,5305,400
OTP,0,20101207,104354,5305,120
OTP,0,20101207,104354,5308,90
OTP,0,20101207,104354,5310,102
OTP,0,20101207,104354,5310,300
OTP,0,20101207,104354,5310,30
OTP,0,20101207,104354,5310,420
OTP,0,20101207,104354,5310,23
OTP,0,20101207,104354,5310,15
OTP,0,20101207,104354,5310,490
OTP,0,20101207,104354,5310,20
OTP,0,20101207,104355,5310,1000
OTP,0,20101207,104359,5310,1203
BUX1012,0,20101207,104404,21450,4
EGIS,0,20101207,104406,19005,10
EGIS,0,20101207,104406,19000,90
MTELEKOM,0,20101207,104406,536,2050
MTELEKOM,0,20101207,104406,536,500
MTELEKOM,0,20101207,104406,536,1000
MTELEKOM,0,20101207,104406,536,471
MTELEKOM,0,20101207,104406,535,644
RICHTER,0,20101207,104408,42835,25
RICHTER,0,20101207,104410,42835,75
RICHTER,0,20101207,104410,42840,405
OTP,0,20101207,104411,5310,21
OTP,0,20101207,104416,5310,434
OTP,0,20101207,104416,5310,117
OTP,0,20101207,104417,5310,50
OTP,0,20101207,104421,5310,100
MOL,0,20101207,104425,19845,5
MOL,0,20101207,104425,19850,30
MOL,0,20101207,104425,19850,65
OTP,0,20101207,104426,5307,130
OTP,0,20101207,104426,5304,200
OTP,0,20101207,104426,5304,151
OTP,0,20101207,104426,5304,158
OTP,0,20101207,104426,5301,1413
OTP,0,20101207,104426,5300,4380
OTP,0,20101207,104426,5300,3568
OTP,0,20101207,104426,5300,19
OTP,0,20101207,104428,5310,973
GSPARK,0,20101207,104431,790,500
OTP,0,20101207,104434,5300,1413
BUX1012,0,20101207,104434,21460,19
BUX1012,0,20101207,104434,21470,1
BUX1012,0,20101207,104437,21450,5
MTELEKOM,0,20101207,104438,536,10000
MTELEKOM,0,20101207,104438,536,500
EGIS,0,20101207,104443,19000,6
FOTEX,0,20101207,104445,412,68
FHB,0,20101207,104458,966,89
FHB,0,20101207,104458,966,563
FHB,0,20101207,104458,966,48
OTP,0,20101207,104504,5300,20
OTP,0,20101207,104509,5300,190
MOL,0,20101207,104514,19850,435
MOL,0,20101207,104514,19850,35
RICHTER,0,20101207,104515,42835,150
BUX1012,0,20101207,104518,21460,6
BUX1012,0,20101207,104518,21469,2
BUX1012,0,20101207,104518,21470,1
EBGOLD,0,20101207,104518,2980,20
EGIS,0,20101207,104519,19050,100
OTP,0,20101207,104519,5295,40
OTP,0,20101207,104519,5293,10
RICHTER,0,20101207,104523,42835,20
BUX1012,0,20101207,104523,21470,1
MTELEKOM,0,20101207,104525,536,500
OTP,0,20101207,104531,5300,2000
OTP,0,20101207,104532,5300,1000
OTP,0,20101207,104538,5293,20
RICHTER,0,20101207,104539,42835,8
FHB,0,20101207,104548,963,25
MTELEKOM,0,20101207,104553,536,428
MTELEKOM,0,20101207,104553,536,1572
OTP,0,20101207,104554,5299,850
OTP,0,20101207,104554,5299,150
BUX1012,0,20101207,104557,21450,4
MTELEKOM,0,20101207,104558,536,841
FHB,0,20101207,104558,965,442
OTP,0,20101207,104602,5299,40
RICHTER,0,20101207,104605,42825,20
MOL,0,20101207,104608,19835,22
MOL,0,20101207,104608,19815,10
MOL,0,20101207,104608,19810,50
MOL,0,20101207,104608,19810,4
OTP,0,20101207,104609,5299,10
OTP,0,20101207,104609,5299,90
RICHTER,0,20101207,104622,42825,50
OTP,0,20101207,104623,5299,20
GSPARK,0,20101207,104625,790,500
RICHTER,0,20101207,104633,42825,13
OTP,0,20101207,104644,5296,96
MTELEKOM,0,20101207,104656,536,1000
BUX1012,0,20101207,104658,21451,10
BUX1012,0,20101207,104658,21451,10
OTP,0,20101207,104659,5296,30
BUX1012,0,20101207,104713,21450,6
BUX1012,0,20101207,104713,21450,10
BUX1012,0,20101207,104719,21449,9
OTP,0,20101207,104732,5293,50
OTP,0,20101207,104744,5295,200
OTP,0,20101207,104744,5295,800
OTP,0,20101207,104744,5296,324
OTP,0,20101207,104744,5296,100
OTP,0,20101207,104744,5296,100
OTP,0,20101207,104744,5298,20
OTP,0,20101207,104744,5298,170
OTP,0,20101207,104744,5298,120
OTP,0,20101207,104744,5299,357
OTP,0,20101207,104744,5299,1000
OTP,0,20101207,104744,5299,9
RICHTER,0,20101207,104755,42830,70
RICHTER,0,20101207,104757,42830,100
OTP,0,20101207,104757,5295,108
OTP,0,20101207,104757,5299,42
EGIS,0,20101207,104758,19050,5
BUX1012,0,20101207,104801,21440,1
BUX1012,0,20101207,104801,21440,1
MTELEKOM,0,20101207,104802,536,150
OTP,0,20101207,104804,5299,28
OTP,0,20101207,104804,5300,377
OTP,0,20101207,104804,5300,50
OTP,0,20101207,104804,5300,167
OTP,0,20101207,104804,5300,100
OTP,0,20101207,104804,5300,59
OTP,0,20101207,104804,5300,100
OTP,0,20101207,104804,5300,793
OTP,0,20101207,104804,5300,207
OTP,0,20101207,104804,5300,1900
OTP,0,20101207,104804,5300,2000
OTP,0,20101207,104804,5300,200
OTP,0,20101207,104804,5300,192
RABA,0,20101207,104809,815,38
RABA,0,20101207,104809,808,112
OTP,0,20101207,104816,5300,200
OTP,0,20101207,104817,5302,400
PHYLAXIA,0,20101207,104824,47,2094
PHYLAXIA,0,20101207,104824,47,3000
PHYLAXIA,0,20101207,104824,47,1000
PHYLAXIA,0,20101207,104824,47,3100
PHYLAXIA,0,20101207,104824,47,1226
OTP,0,20101207,104826,5305,30
EGIS,0,20101207,104827,19050,95
OTP,0,20101207,104830,5305,20
OTP,0,20101207,104830,5305,30
OTP,0,20101207,104830,5305,400
OTP,0,20101207,104832,5305,72
OTP,0,20101207,104832,5308,128
MTELEKOM,0,20101207,104841,536,3850
MTELEKOM,0,20101207,104841,537,2000
MTELEKOM,0,20101207,104841,538,1550
FOTEX,0,20101207,104849,410,1500
MOL,0,20101207,104850,19840,10
MOL,0,20101207,104850,19870,640
MOL,0,20101207,104904,19870,200
MTELEKOM,0,20101207,104904,538,500
EGIS,0,20101207,104907,19090,4
KEG,0,20101207,104909,157,2000
OTP,0,20101207,104912,5305,176
OTP,0,20101207,104914,5305,300
RICHTER,0,20101207,104922,42830,30
RICHTER,0,20101207,104922,42840,17
RICHTER,0,20101207,104922,42880,5
RICHTER,0,20101207,104922,42900,48
MTELEKOM,0,20101207,104928,536,1000
MTELEKOM,0,20101207,104928,536,500
MTELEKOM,0,20101207,104928,536,1000
EGIS,0,20101207,104930,19050,167
EGIS,0,20101207,104930,19050,33
MTELEKOM,0,20101207,104940,536,3
OTP,0,20101207,104945,5305,24
OTP,0,20101207,104945,5305,135
OTP,0,20101207,104945,5305,100
MTELEKOM,0,20101207,104948,536,447
BUX1012,0,20101207,104954,21435,2
BUX1012,0,20101207,104954,21439,2
BUX1012,0,20101207,104954,21439,1
BUX1012,0,20101207,104954,21440,18
BUX1012,0,20101207,104954,21440,2
MOL,0,20101207,105002,19870,10
OTP,0,20101207,105008,5304,200
OTP,0,20101207,105008,5305,800
MOL,0,20101207,105010,19870,50
MOL,0,20101207,105010,19870,300
OTP,0,20101207,105013,5305,61
OTP,0,20101207,105013,5305,200
OTP,0,20101207,105013,5305,175
OTP,0,20101207,105013,5305,1000
OTP,0,20101207,105013,5305,64
OTP,0,20101207,105024,5305,36
OTP,0,20101207,105024,5305,164
OTP,0,20101207,105029,5305,336
BUX1012,0,20101207,105045,21440,18
BUX1012,0,20101207,105045,21445,2
RICHTER,0,20101207,105059,42900,43
RICHTER,0,20101207,105059,42900,50
OTP,0,20101207,105106,5308,372
OTP,0,20101207,105106,5308,128
BUX1012,0,20101207,105110,21445,1
OTP,0,20101207,105116,5308,1172
OTP,0,20101207,105116,5308,10
OTP,0,20101207,105116,5308,1000
OTP,0,20101207,105116,5308,318
OTP,0,20101207,105125,5305,50
RICHTER,0,20101207,105130,42990,5
RICHTER,0,20101207,105130,42990,17
RICHTER,0,20101207,105130,42995,10
RICHTER,0,20101207,105130,42995,100
RICHTER,0,20101207,105130,43000,68
MOL,0,20101207,105134,19870,200
KEG,0,20101207,105138,157,500
KEG,0,20101207,105138,157,1250
KEG,0,20101207,105138,157,1002
KEG,0,20101207,105138,157,588
OTP,0,20101207,105138,5308,30
OTP,0,20101207,105140,5308,2
OTP,0,20101207,105140,5309,100
OTP,0,20101207,105140,5310,150
OTP,0,20101207,105140,5310,500
OTP,0,20101207,105148,5314,25
OTP,0,20101207,105148,5314,1
OTP,0,20101207,105148,5315,50
OTP,0,20101207,105148,5315,250
OTP,0,20101207,105148,5315,200
OTP,0,20101207,105148,5315,140
OTP,0,20101207,105148,5315,20
OTP,0,20101207,105148,5315,300
OTP,0,20101207,105148,5315,100
OTP,0,20101207,105148,5315,200
OTP,0,20101207,105148,5315,1000
OTP,0,20101207,105148,5316,10
OTP,0,20101207,105148,5317,20
OTP,0,20101207,105148,5317,13
OTP,0,20101207,105148,5318,25
OTP,0,20101207,105148,5318,132
OTP,0,20101207,105148,5318,20
RICHTER,0,20101207,105152,43000,3
OTP,0,20101207,105153,5317,50
OTP,0,20101207,105156,5315,135
OTP,0,20101207,105158,5317,150
OTP,0,20101207,105158,5318,1448
OTP,0,20101207,105158,5319,54
OTP,0,20101207,105158,5319,100
OTP,0,20101207,105158,5319,100
OTP,0,20101207,105158,5319,100
OTP,0,20101207,105158,5319,20
OTP,0,20101207,105158,5319,100
OTP,0,20101207,105158,5319,1000
OTP,0,20101207,105158,5319,100
OTP,0,20101207,105158,5320,20
OTP,0,20101207,105158,5320,500
OTP,0,20101207,105158,5320,14
OTP,0,20101207,105158,5320,200
OTP,0,20101207,105158,5320,194
OTP,0,20101207,105158,5320,42
OTP,0,20101207,105158,5320,100
OTP,0,20101207,105158,5320,1000
OTP,0,20101207,105158,5320,100
OTP,0,20101207,105158,5320,100
OTP,0,20101207,105158,5320,1000
OTP,0,20101207,105158,5320,100
OTP,0,20101207,105158,5320,3170
OTP,0,20101207,105158,5320,700
OTP,0,20101207,105158,5320,100
OTP,0,20101207,105158,5322,40
MOL,0,20101207,105159,19875,6
BUX1012,0,20101207,105200,21445,7
OTP,0,20101207,105203,5315,100
OTP,0,20101207,105205,5315,200
OTP,0,20101207,105205,5315,157
OTP,0,20101207,105206,5315,50
BUX1012,0,20101207,105206,21448,2
BUX1012,0,20101207,105206,21449,10
BUX1012,0,20101207,105206,21450,14
OTP,0,20101207,105207,5315,40
KEG,0,20101207,105208,157,412
RICHTER,0,20101207,105215,43000,30
RICHTER,0,20101207,105215,43000,5
RICHTER,0,20101207,105215,43000,10
RICHTER,0,20101207,105215,43000,24
RICHTER,0,20101207,105215,43000,50
RICHTER,0,20101207,105215,43000,200
KEG,0,20101207,105215,157,388
EGIS,0,20101207,105217,19090,1
EGIS,0,20101207,105217,19095,10
EGIS,0,20101207,105217,19100,14
OTP,0,20101207,105229,5322,20
KEG,0,20101207,105231,157,1112
OTP,0,20101207,105233,5322,10
OTP,0,20101207,105233,5322,90
EGIS,0,20101207,105239,19050,17
EGIS,0,20101207,105241,19050,2483
EGIS,0,20101207,105252,19050,17
KEG,0,20101207,105257,158,573
KEG,0,20101207,105257,158,2000
KEG,0,20101207,105257,158,2427
OTP,0,20101207,105258,5322,30
MOL,0,20101207,105302,19865,6
OTP,0,20101207,105307,5322,105
BUX1012,0,20101207,105311,21468,3
BUX1012,0,20101207,105311,21470,7
RICHTER,0,20101207,105311,43190,14
TVK,0,20101207,105315,3440,2
TVK,0,20101207,105315,3450,20
TVK,0,20101207,105315,3450,80
MTELEKOM,0,20101207,105316,537,2000
OTP,0,20101207,105328,5316,50
TVK,0,20101207,105329,3485,21
TVK,0,20101207,105329,3490,25
TVK,0,20101207,105329,3490,54
EGIS,0,20101207,105331,19050,83
EGIS,0,20101207,105331,19095,3
EGIS,0,20101207,105331,19100,16
EGIS,0,20101207,105331,19100,350
EGIS,0,20101207,105331,19100,25
EGIS,0,20101207,105331,19100,25
EGIS,0,20101207,105331,19100,30
EGIS,0,20101207,105331,19100,33
EGIS,0,20101207,105331,19100,200
RICHTER,0,20101207,105333,43190,16
BUX1012,0,20101207,105344,21470,1
OTP,0,20101207,105345,5322,248
EGIS,0,20101207,105345,19100,200
MTELEKOM,0,20101207,105346,538,2000
BUX1012,0,20101207,105346,21465,25
RICHTER,0,20101207,105347,43190,5
RICHTER,0,20101207,105347,43190,12
RICHTER,0,20101207,105347,43190,3
OTP,0,20101207,105349,5317,10
MTELEKOM,0,20101207,105350,537,800
RICHTER,0,20101207,105356,43190,10
BUX1012,0,20101207,105400,21470,2
OTP,0,20101207,105403,5317,50
OTP,0,20101207,105403,5317,129
OTP,0,20101207,105403,5317,21
FHB,0,20101207,105404,966,11
FHB,0,20101207,105404,966,563
FHB,0,20101207,105407,966,26
BUX1012,0,20101207,105407,21470,2
BUX1012,0,20101207,105409,21475,10
BUX1012,0,20101207,105409,21476,10
BUX1012,0,20101207,105409,21478,5
BUX1012,0,20101207,105409,21478,25
BUX1012,0,20101207,105409,21479,1
BUX1012,0,20101207,105409,21479,9
BUX1012,0,20101207,105409,21480,1
OTP,0,20101207,105410,5317,120
OTP,0,20101207,105410,5316,50
OTP,0,20101207,105410,5316,200
OTP,0,20101207,105410,5316,80
OTP,0,20101207,105410,5317,167
RICHTER,0,20101207,105414,43190,14
FHB,0,20101207,105418,966,400
OTP,0,20101207,105425,5317,33
OTP,0,20101207,105425,5317,25
OTP,0,20101207,105425,5316,920
OTP,0,20101207,105425,5315,22
OTP,0,20101207,105425,5315,100
RICHTER,0,20101207,105426,43005,50
RICHTER,0,20101207,105426,43005,50
RICHTER,0,20101207,105426,43000,21
RICHTER,0,20101207,105426,43000,200
RICHTER,0,20101207,105426,43000,79
BUX1012,0,20101207,105427,21470,1
BUX1012,0,20101207,105427,21465,4
BUX1012,0,20101207,105429,21479,2
BUX1012,0,20101207,105429,21480,5
BUX1012,0,20101207,105429,21480,10
BUX1012,0,20101207,105429,21480,3
OTP,0,20101207,105431,5315,100
OTP,0,20101207,105434,5315,1000
OTP,0,20101207,105435,5319,100
OTP,0,20101207,105435,5319,156
OTP,0,20101207,105435,5319,500
OTP,0,20101207,105435,5320,2300
OTP,0,20101207,105435,5320,100
OTP,0,20101207,105435,5320,350
OTP,0,20101207,105435,5320,514
MOL,0,20101207,105436,19865,4
MOL,0,20101207,105436,19865,16
RICHTER,0,20101207,105442,43000,21
RICHTER,0,20101207,105442,43000,50
SYNERGON,0,20101207,105442,504,68
SYNERGON,0,20101207,105442,500,200
SYNERGON,0,20101207,105442,500,32
OTP,0,20101207,105443,5315,60
FHB,0,20101207,105450,966,137
FHB,0,20101207,105450,966,59
FHB,0,20101207,105452,966,204
OTP,0,20101207,105452,5315,68
OTP,0,20101207,105502,5317,5
OTP,0,20101207,105506,5318,17
OTP,0,20101207,105512,5319,400
FHB,0,20101207,105512,966,359
BUX1012,0,20101207,105514,21480,1
MOL,0,20101207,105514,19865,10
FHB,0,20101207,105514,966,59
OTP,0,20101207,105516,5319,8
MOL,0,20101207,105536,19865,9
OTP,0,20101207,105542,5318,200
OTP,0,20101207,105543,5319,85
MOL,0,20101207,105544,19880,200
BUX1012,0,20101207,105544,21479,2
BUX1012,0,20101207,105544,21480,1
BUX1012,0,20101207,105545,21480,7
BUX1012,0,20101207,105545,21466,28
OTP,0,20101207,105551,5319,7
OTP,0,20101207,105551,5320,3
BUX1012,0,20101207,105552,21466,2
OTP,0,20101207,105558,5318,108
OTP,0,20101207,105558,5318,146
OTP,0,20101207,105558,5315,650
OTP,0,20101207,105558,5315,500
BUX1012,0,20101207,105627,21480,5
OTP,0,20101207,105630,5306,140
EGIS,0,20101207,105631,19100,6
MTELEKOM,0,20101207,105632,537,200
MTELEKOM,0,20101207,105632,537,928
OTP,0,20101207,105644,5318,8
PANNERGY,0,20101207,105648,865,200
OTP,0,20101207,105651,5318,10
OTP,0,20101207,105657,5305,114
OTP,0,20101207,105657,5305,500
OTP,0,20101207,105657,5305,122
OTP,0,20101207,105657,5302,70
OTP,0,20101207,105657,5302,100
OTP,0,20101207,105657,5301,31
OTP,0,20101207,105657,5301,40
OTP,0,20101207,105657,5301,55
OTP,0,20101207,105704,5301,409
BUX1012,0,20101207,105708,21466,5
BUX1012,0,20101207,105708,21461,25
OTP,0,20101207,105710,5315,100
OTP,0,20101207,105710,5317,2400
MOL,0,20101207,105712,19880,50
MOL,0,20101207,105716,19870,37
OTP,0,20101207,105725,5305,156
OTP,0,20101207,105725,5302,444
OTP,0,20101207,105737,5306,50
MOL,0,20101207,105738,19865,28
MOL,0,20101207,105738,19860,17
MOL,0,20101207,105738,19855,50
MOL,0,20101207,105738,19850,168
OTP,0,20101207,105816,5314,10
KEG,0,20101207,105823,158,73
KEG,0,20101207,105823,158,492
KEG,0,20101207,105826,158,8
BUX1012,0,20101207,105837,21460,1
OTP,0,20101207,105844,5310,50
OTP,0,20101207,105853,5310,40
OTP,0,20101207,105854,5310,500
OTP,0,20101207,105855,5310,60
OTP,0,20101207,105855,5310,25
OTP,0,20101207,105855,5310,15
MOL,0,20101207,105914,19850,4
MOL,0,20101207,105914,19850,100
MOL,0,20101207,105914,19850,50
OTP,0,20101207,105917,5311,25
OTP,0,20101207,105922,5311,10
OTP,0,20101207,105925,5311,300
MOL,0,20101207,105928,19850,177
OTP,0,20101207,105945,5314,100
MTELEKOM,0,20101207,105947,537,700
FOTEX,0,20101207,105947,412,135
OTP,0,20101207,105952,5314,55
OTP,0,20101207,105952,5314,70
MOL,0,20101207,105953,19850,23
RABA,0,20101207,110000,816,10
MOL,0,20101207,110002,19850,12
MOL,0,20101207,110002,19870,338
OTP,0,20101207,110002,5314,398
OTP,0,20101207,110002,5314,300
OTP,0,20101207,110002,5314,2
OTP,0,20101207,110006,5311,50
HUMET,0,20101207,110007,9,600
HUMET,0,20101207,110007,9,3900
MOL,0,20101207,110008,19830,8
MOL,0,20101207,110011,19870,150
MOL,0,20101207,110011,19830,2
MOL,0,20101207,110011,19830,33
OTP,0,20101207,110015,5311,565
OTP,0,20101207,110015,5311,106
OTP,0,20101207,110015,5310,110
OTP,0,20101207,110015,5310,130
OTP,0,20101207,110015,5310,100
OTP,0,20101207,110015,5310,15
BUX1012,0,20101207,110016,21450,5
BUX1012,0,20101207,110017,21450,4
OTP,0,20101207,110025,5307,100
RICHTER,0,20101207,110025,43100,100
ZWACK,0,20101207,110031,14900,4
OTP,0,20101207,110034,5307,1200
OTP,0,20101207,110038,5310,317
OTP,0,20101207,110038,5310,64
OTP,0,20101207,110039,5307,1200
OTP,0,20101207,110040,5306,5
OTP,0,20101207,110040,5305,57
OTP,0,20101207,110040,5303,25
OTP,0,20101207,110040,5302,95
OTP,0,20101207,110045,5307,1300
OTP,0,20101207,110045,5307,50
OTP,0,20101207,110045,5314,28
OTP,0,20101207,110045,5315,4000
OTP,0,20101207,110045,5315,300
OTP,0,20101207,110045,5315,100
OTP,0,20101207,110045,5315,100
OTP,0,20101207,110045,5317,300
OTP,0,20101207,110045,5317,2500
OTP,0,20101207,110045,5317,1322
OTP,0,20101207,110046,5302,1961
OTP,0,20101207,110046,5301,536
OTP,0,20101207,110046,5301,100
OTP,0,20101207,110046,5301,300
OTP,0,20101207,110046,5301,404
OTP,0,20101207,110046,5300,699
BUX1012,0,20101207,110050,21440,6
BUX1012,0,20101207,110050,21413,2
BUX1012,0,20101207,110050,21413,1
OTP,0,20101207,110055,5309,41
OTP,0,20101207,110055,5310,467
OTP,0,20101207,110056,5310,92
OTP,0,20101207,110056,5303,100
OTP,0,20101207,110056,5300,138
OTP,0,20101207,110101,5301,360
OTP,0,20101207,110104,5302,2000
RFV,0,20101207,110108,7883,10
BUX1012,0,20101207,110116,21441,10
EGIS,0,20101207,110119,19010,30
RICHTER,0,20101207,110119,43015,4
MTELEKOM,0,20101207,110131,537,1000
MTELEKOM,0,20101207,110131,537,1000
MTELEKOM,0,20101207,110131,537,500
MTELEKOM,0,20101207,110131,537,2467
EGIS,0,20101207,110142,19010,10
ORC,0,20101207,110143,2090,51
ORC,0,20101207,110143,2090,199
OTP,0,20101207,110145,5304,5
BUX1012,0,20101207,110147,21412,2
OTP,0,20101207,110150,5304,845
OTP,0,20101207,110150,5302,155
GENESIS,0,20101207,110150,242,670
EGIS,0,20101207,110152,19010,90
MTELEKOM,0,20101207,110222,539,9
MTELEKOM,0,20101207,110222,539,970
MTELEKOM,0,20101207,110222,539,2000
MTELEKOM,0,20101207,110222,539,1
MOL,0,20101207,110222,19850,23
MOL,0,20101207,110222,19870,12
MTELEKOM,0,20101207,110229,540,380
MTELEKOM,0,20101207,110229,540,495
MTELEKOM,0,20101207,110229,540,125
OTP,0,20101207,110235,5303,850
OTP,0,20101207,110235,5303,120
OTP,0,20101207,110235,5302,345
OTP,0,20101207,110235,5302,2500
OTP,0,20101207,110235,5302,30
OTP,0,20101207,110235,5302,123
OTP,0,20101207,110235,5302,1032
OTP,0,20101207,110238,5310,45
OTP,0,20101207,110244,5302,1178
MTELEKOM,0,20101207,110251,540,25
MTELEKOM,0,20101207,110251,540,500
MTELEKOM,0,20101207,110251,540,75
OTP,0,20101207,110255,5303,50
OTP,0,20101207,110256,5303,290
OTP,0,20101207,110256,5302,2790
OTP,0,20101207,110256,5302,100
OTP,0,20101207,110256,5302,1820
EGIS,0,20101207,110259,19005,16
EGIS,0,20101207,110259,19000,23
MTELEKOM,0,20101207,110309,540,300
OTP,0,20101207,110315,5302,3180
OTP,0,20101207,110315,5302,138
OTP,0,20101207,110315,5302,1682
MTELEKOM,0,20101207,110323,539,1000
MTELEKOM,0,20101207,110323,539,5000
OTP,0,20101207,110324,5303,50
GSPARK,0,20101207,110332,799,1
RABA,0,20101207,110336,816,90
OTP,0,20101207,110338,5309,100
OTP,0,20101207,110338,5310,900
BUX1012,0,20101207,110351,21439,3
BUX1012,0,20101207,110351,21440,7
MTELEKOM,0,20101207,110354,539,1000
RABA,0,20101207,110355,817,100
RABA,0,20101207,110355,819,350
RABA,0,20101207,110355,820,460
MTELEKOM,0,20101207,110356,539,1000
OTP,0,20101207,110400,5305,200
OTP,0,20101207,110406,5304,100
PANNERGY,0,20101207,110427,863,25
OTP,0,20101207,110430,5305,200
MTELEKOM,0,20101207,110432,539,500
MTELEKOM,0,20101207,110432,539,500
OTP,0,20101207,110435,5305,100
OTP,0,20101207,110436,5305,200
BUX1012,0,20101207,110437,21440,5
OTP,0,20101207,110453,5304,56
OTP,0,20101207,110453,5304,15
OTP,0,20101207,110453,5304,29
OTP,0,20101207,110502,5305,200
OTP,0,20101207,110503,5304,15
OTP,0,20101207,110506,5305,63
OTP,0,20101207,110506,5305,200
OTP,0,20101207,110516,5305,137
MTELEKOM,0,20101207,110521,539,2000
OTP,0,20101207,110524,5304,156
OTP,0,20101207,110524,5304,44
MTELEKOM,0,20101207,110532,539,925
OTP,0,20101207,110544,5305,110
MOL,0,20101207,110548,19855,8
MOL,0,20101207,110548,19840,25
MOL,0,20101207,110548,19840,3
MTELEKOM,0,20101207,110553,539,3000
RICHTER,0,20101207,110604,43020,5
RICHTER,0,20101207,110604,43020,7
OTP,0,20101207,110608,5305,1000
MOL,0,20101207,110609,19870,500
MOL,0,20101207,110611,19875,25
MTELEKOM,0,20101207,110614,539,75
MTELEKOM,0,20101207,110614,539,1925
OTP,0,20101207,110619,5304,25
OTP,0,20101207,110620,5305,1000
OTP,0,20101207,110625,5305,753
OTP,0,20101207,110625,5305,30
MTELEKOM,0,20101207,110643,539,2075
MTELEKOM,0,20101207,110643,539,100
MOL,0,20101207,110647,19875,25
FHB,0,20101207,110648,967,50
FHB,0,20101207,110648,969,150
MOL,0,20101207,110651,19875,75
OTP,0,20101207,110659,5308,200
MTELEKOM,0,20101207,110700,539,358
OTP,0,20101207,110715,5306,40
PANNERGY,0,20101207,110725,863,200
OTP,0,20101207,110735,5306,360
OTP,0,20101207,110735,5309,1500
OTP,0,20101207,110735,5310,247
OTP,0,20101207,110736,5310,20
OTP,0,20101207,110738,5310,50
BUX1012,0,20101207,110742,21440,22
EGIS,0,20101207,110743,19015,25
EGIS,0,20101207,110745,19010,5
OTP,0,20101207,110750,5310,1238
OTP,0,20101207,110750,5310,20
OTP,0,20101207,110750,5310,90
OTP,0,20101207,110750,5310,35
OTP,0,20101207,110750,5310,4
OTP,0,20101207,110750,5310,113
RICHTER,0,20101207,110755,43140,15
FHB,0,20101207,110809,969,200
MTELEKOM,0,20101207,110812,539,642
MTELEKOM,0,20101207,110812,539,5000
MTELEKOM,0,20101207,110812,539,3378
MTELEKOM,0,20101207,110817,539,5000
FHB,0,20101207,110822,969,10
OTP,0,20101207,110825,5314,19
FOTEX,0,20101207,110827,412,68
OTP,0,20101207,110828,5310,1400
BUX1012,0,20101207,110829,21444,2
OTP,0,20101207,110831,5314,51
OTP,0,20101207,110831,5314,320
OTP,0,20101207,110831,5315,50
OTP,0,20101207,110831,5315,300
OTP,0,20101207,110831,5316,2500
OTP,0,20101207,110831,5318,30
OTP,0,20101207,110831,5318,500
OTP,0,20101207,110831,5318,249
OTP,0,20101207,110831,5318,100
RICHTER,0,20101207,110831,43140,5
RICHTER,0,20101207,110831,43190,26
RICHTER,0,20101207,110831,43190,17
RICHTER,0,20101207,110831,43195,77
OTP,0,20101207,110832,5318,31
OTP,0,20101207,110832,5318,30
OTP,0,20101207,110832,5318,39
RICHTER,0,20101207,110832,43195,23
RICHTER,0,20101207,110832,43200,91
RICHTER,0,20101207,110832,43200,21
BUX1012,0,20101207,110838,21444,3
BUX1012,0,20101207,110838,21444,1
BUX1012,0,20101207,110838,21445,20
BUX1012,0,20101207,110839,21450,1
BUX1012,0,20101207,110839,21450,30
RICHTER,0,20101207,110839,43200,14
BUX1012,0,20101207,110849,21459,10
BUX1012,0,20101207,110849,21460,35
RICHTER,0,20101207,110850,43205,5
RICHTER,0,20101207,110850,43200,111
OTP,0,20101207,110906,5318,166
OTP,0,20101207,110906,5318,134
OTP,0,20101207,110911,5318,15
BUX1012,0,20101207,110924,21460,14
OTP,0,20101207,110929,5319,532
PANNERGY,0,20101207,110930,863,572
OTP,0,20101207,110940,5318,113
OTP,0,20101207,110940,5318,130
OTP,0,20101207,110940,5315,2000
OTP,0,20101207,110944,5311,97
BUX1012,0,20101207,110947,21465,10
BUX1012,0,20101207,110950,21465,30
BUX1012,0,20101207,110951,21465,2
MTELEKOM,0,20101207,110959,539,1622
MTELEKOM,0,20101207,110959,539,378
MOL,0,20101207,111002,19860,27
OTP,0,20101207,111002,5311,3
OTP,0,20101207,111007,5315,35
OTP,0,20101207,111007,5315,395
BUX1012,0,20101207,111017,21465,8
BUX1012,0,20101207,111017,21465,1
BUX1012,0,20101207,111017,21476,1
MTELEKOM,0,20101207,111017,539,1300
MTELEKOM,0,20101207,111021,539,8322
MTELEKOM,0,20101207,111021,539,2121
MTELEKOM,0,20101207,111021,540,1950
MTELEKOM,0,20101207,111021,540,37
MTELEKOM,0,20101207,111021,540,1612
MTELEKOM,0,20101207,111021,540,711
MTELEKOM,0,20101207,111021,540,5247
OTP,0,20101207,111022,5315,76
RICHTER,0,20101207,111024,43260,4
RICHTER,0,20101207,111024,43280,10
RICHTER,0,20101207,111024,43285,6
RICHTER,0,20101207,111028,43285,3
OTP,0,20101207,111035,5312,100
OTP,0,20101207,111035,5311,1000
OTP,0,20101207,111035,5310,600
OTP,0,20101207,111035,5310,358
MTELEKOM,0,20101207,111039,540,2000
OTP,0,20101207,111042,5316,200
RICHTER,0,20101207,111043,43285,37
RICHTER,0,20101207,111043,43290,40
RICHTER,0,20101207,111043,43290,40
RICHTER,0,20101207,111043,43295,5
RICHTER,0,20101207,111043,43300,8
AAA,0,20101207,111057,210,1400
OTP,0,20101207,111057,5319,100
PHYLAXIA,0,20101207,111058,46,11500
OTP,0,20101207,111102,5319,353
OTP,0,20101207,111104,5315,182
RICHTER,0,20101207,111112,43300,50
RICHTER,0,20101207,111112,43305,10
OTP,0,20101207,111123,5318,50
MOL,0,20101207,111133,19875,50
MOL,0,20101207,111133,19880,40
OTP,0,20101207,111135,5319,47
OTP,0,20101207,111135,5319,100
OTP,0,20101207,111135,5320,2483
OTP,0,20101207,111135,5320,1000
OTP,0,20101207,111135,5320,20
OTP,0,20101207,111135,5320,50
OTP,0,20101207,111135,5320,130
OTP,0,20101207,111135,5320,92
OTP,0,20101207,111135,5320,250
OTP,0,20101207,111135,5320,8
MTELEKOM,0,20101207,111135,539,5000
OTP,0,20101207,111139,5320,820
OTP,0,20101207,111139,5320,29
OTP,0,20101207,111139,5320,127
RICHTER,0,20101207,111146,43350,10
OTP,0,20101207,111147,5320,168
GSPARK,0,20101207,111150,790,619
RICHTER,0,20101207,111155,43360,3
RICHTER,0,20101207,111158,43390,2
RICHTER,0,20101207,111158,43390,5
RICHTER,0,20101207,111158,43395,43
OTP,0,20101207,111159,5320,714
PANNERGY,0,20101207,111201,863,693
MTELEKOM,0,20101207,111202,540,53
MTELEKOM,0,20101207,111202,540,128
MTELEKOM,0,20101207,111202,540,1819
MOL,0,20101207,111203,19860,8
KEG,0,20101207,111210,158,492
KEG,0,20101207,111210,158,8
BUX1012,0,20101207,111224,21477,1
BUX1012,0,20101207,111224,21479,1
BUX1012,0,20101207,111224,21479,3
RICHTER,0,20101207,111226,43390,5
RICHTER,0,20101207,111226,43395,5
OTP,0,20101207,111227,5320,286
OTP,0,20101207,111227,5320,300
OTP,0,20101207,111227,5320,450
MOL,0,20101207,111229,19880,5
MOL,0,20101207,111229,19880,2
OTP,0,20101207,111234,5320,132
BUX1012,0,20101207,111234,21479,20
RICHTER,0,20101207,111240,43395,52
RICHTER,0,20101207,111240,43400,48
OTP,0,20101207,111243,5320,332
OTP,0,20101207,111246,5320,1500
RICHTER,0,20101207,111252,43400,32
RFV,0,20101207,111253,7900,40
OTP,0,20101207,111253,5322,117
OTP,0,20101207,111253,5322,500
OTP,0,20101207,111253,5322,383
FHB,0,20101207,111300,969,40
FHB,0,20101207,111300,969,300
FHB,0,20101207,111300,969,250
OTP,0,20101207,111302,5322,100
MOL,0,20101207,111308,19880,125
OTP,0,20101207,111309,5320,168
OTP,0,20101207,111309,5320,150
MTELEKOM,0,20101207,111310,540,300
RICHTER,0,20101207,111315,43425,9
RICHTER,0,20101207,111315,43400,25
EGIS,0,20101207,111315,19010,5
OTP,0,20101207,111328,5320,182
OTP,0,20101207,111328,5320,330
OTP,0,20101207,111328,5320,335
MTELEKOM,0,20101207,111329,540,1500
OTP,0,20101207,111335,5320,1500
OTP,0,20101207,111339,5321,80
OTP,0,20101207,111339,5322,70
RICHTER,0,20101207,111345,43400,5
OTP,0,20101207,111346,5320,653
OTP,0,20101207,111353,5320,185
BUX1012,0,20101207,111355,21479,1
BUX1012,0,20101207,111355,21480,1
BUX1012,0,20101207,111355,21480,5
MOL,0,20101207,111355,19880,20
MOL,0,20101207,111356,19850,6
MOL,0,20101207,111356,19850,50
MOL,0,20101207,111356,19850,100
OTP,0,20101207,111359,5320,200
MTELEKOM,0,20101207,111402,539,4967
MOL,0,20101207,111404,19850,175
RICHTER,0,20101207,111406,43450,4
RICHTER,0,20101207,111406,43480,5
RICHTER,0,20101207,111406,43480,5
RICHTER,0,20101207,111406,43485,6
RICHTER,0,20101207,111407,43405,100
RICHTER,0,20101207,111407,43405,4
RICHTER,0,20101207,111411,43405,8
RICHTER,0,20101207,111411,43400,38
EGIS,0,20101207,111412,19010,6
BUX1012,0,20101207,111415,21480,2
OTP,0,20101207,111416,5320,5
SYNERGON,0,20101207,111417,506,161
RICHTER,0,20101207,111417,43400,54
BUX1012,0,20101207,111419,21480,3
BUX1012,0,20101207,111424,21480,5
BUX1012,0,20101207,111424,21480,5
FHB,0,20101207,111425,969,118
OTP,0,20101207,111434,5320,50
OTP,0,20101207,111446,5316,30
MOL,0,20101207,111447,19860,10
MOL,0,20101207,111447,19860,1
OTP,0,20101207,111451,5320,200
EGIS,0,20101207,111452,19100,20
EGIS,0,20101207,111452,19100,26
BUX1012,0,20101207,111454,21480,2
BUX1012,0,20101207,111454,21484,2
BUX1012,0,20101207,111454,21485,1
BUX1012,0,20101207,111454,21485,2
BUX1012,0,20101207,111454,21485,3
HUMET,0,20101207,111457,10,1000
MOL,0,20101207,111511,19875,44
BUX1012,0,20101207,111511,21495,2
BUX1012,0,20101207,111511,21495,4
BUX1012,0,20101207,111511,21495,1
BUX1012,0,20101207,111511,21497,3
MTELEKOM,0,20101207,111515,540,1381
MTELEKOM,0,20101207,111515,540,619
EGIS,0,20101207,111517,19100,4
GSPARK,0,20101207,111518,790,300
OTP,0,20101207,111521,5320,50
OTP,0,20101207,111521,5320,50
FOTEX,0,20101207,111528,412,27
FOTEX,0,20101207,111528,412,40
OTP,0,20101207,111533,5320,40
