<TICKER>,<PER>,<DTYYYYMMDD>,<TIME>,<CLOSE>,<VOLUME>
EGIS,0,20101228,090019,20350,30
EGIS,0,20101228,090019,20350,20
EGIS,0,20101228,090019,20350,40
EGIS,0,20101228,090019,20350,4
FHB,0,20101228,090019,976,20
FHB,0,20101228,090019,976,100
FHB,0,20101228,090019,976,100
GENESIS,0,20101228,090019,183,300
GENESIS,0,20101228,090019,183,60
HUMET,0,20101228,090019,9,20000
HUMET,0,20101228,090019,9,4400
MOL,0,20101228,090019,20445,1
MTELEKOM,0,20101228,090019,515,1700
MTELEKOM,0,20101228,090019,515,2
MTELEKOM,0,20101228,090019,515,98
MTELEKOM,0,20101228,090019,515,650
MTELEKOM,0,20101228,090019,515,752
MTELEKOM,0,20101228,090019,515,208
MTELEKOM,0,20101228,090019,515,5000
OTP,0,20101228,090019,5170,924
OTP,0,20101228,090019,5170,50
OTP,0,20101228,090019,5170,300
OTP,0,20101228,090019,5170,500
OTP,0,20101228,090019,5170,200
OTP,0,20101228,090019,5170,75
OTP,0,20101228,090019,5170,75
OTP,0,20101228,090019,5170,1666
OTP,0,20101228,090019,5170,50
OTP,0,20101228,090019,5170,62
OTP,0,20101228,090019,5170,20
OTP,0,20101228,090019,5170,46
PANNERGY,0,20101228,090019,896,2000
PHYLAXIA,0,20101228,090019,44,8500
PHYLAXIA,0,20101228,090019,44,8750
RFV,0,20101228,090019,8550,11
RFV,0,20101228,090019,8550,15
BUX1112,0,20101228,090050,21950,1
BUX1112,0,20101228,090050,21950,1
BUX1112,0,20101228,090050,21950,1
BUX1112,0,20101228,090050,21950,1
BUX1112,0,20101228,090050,21950,1
MTELEKOM,0,20101228,090200,515,1000
MTELEKOM,0,20101228,090205,515,300
MTELEKOM,0,20101228,090213,515,100
OTP,0,20101228,090220,5175,390
RICHTER,0,20101228,090234,42990,1
OTP,0,20101228,090256,5176,50
OTP,0,20101228,090256,5175,20
OTP,0,20101228,090303,5184,24
OTP,0,20101228,090305,5184,1
OTP,0,20101228,090305,5187,38
OTP,0,20101228,090305,5189,200
OTP,0,20101228,090305,5190,137
OTP,0,20101228,090305,5190,100
OTP,0,20101228,090305,5198,30
OTP,0,20101228,090305,5199,279
OTP,0,20101228,090305,5181,3
OTP,0,20101228,090305,5175,743
MTELEKOM,0,20101228,090309,516,110
OTP,0,20101228,090327,5199,21
OTP,0,20101228,090327,5199,500
OTP,0,20101228,090327,5200,9
OTP,0,20101228,090327,5200,1
OTP,0,20101228,090327,5200,30
OTP,0,20101228,090327,5200,160
OTP,0,20101228,090327,5200,64
OTP,0,20101228,090328,5200,785
OTP,0,20101228,090328,5200,785
OTP,0,20101228,090328,5200,785
OTP,0,20101228,090329,5200,785
OTP,0,20101228,090329,5200,785
OTP,0,20101228,090329,5200,785
OTP,0,20101228,090330,5200,785
OTP,0,20101228,090332,5200,131
OTP,0,20101228,090332,5200,425
OTP,0,20101228,090332,5200,22
OTP,0,20101228,090336,5200,20
BUX1112,0,20101228,090336,21950,1
OTP,0,20101228,090347,5200,70
PHYLAXIA,0,20101228,090347,44,3000
PHYLAXIA,0,20101228,090347,44,95570
OTP,0,20101228,090349,5200,20
BUX1112,0,20101228,090352,21977,1
BUX1112,0,20101228,090352,21977,5
BUX1112,0,20101228,090352,21979,5
BUX1112,0,20101228,090352,21985,4
PANNERGY,0,20101228,090400,910,100
PANNERGY,0,20101228,090400,910,147
PANNERGY,0,20101228,090400,910,500
PANNERGY,0,20101228,090400,914,200
PANNERGY,0,20101228,090400,915,520
PANNERGY,0,20101228,090400,915,111
PANNERGY,0,20101228,090400,918,1513
MOL,0,20101228,090401,20445,3
MOL,0,20101228,090401,20445,90
MOL,0,20101228,090401,20450,50
RICHTER,0,20101228,090401,42990,37
RICHTER,0,20101228,090401,43000,10
RICHTER,0,20101228,090401,43000,13
RICHTER,0,20101228,090401,43000,10
RICHTER,0,20101228,090401,43000,12
RICHTER,0,20101228,090401,43000,50
RICHTER,0,20101228,090412,43050,4
BUX1112,0,20101228,090417,21985,1
BUX1112,0,20101228,090417,21986,1
RICHTER,0,20101228,090422,43050,25
KEG,0,20101228,090425,138,200
OTP,0,20101228,090429,5200,42
OTP,0,20101228,090439,5200,20
RABA,0,20101228,090453,810,490
OTP,0,20101228,090455,5201,1000
OTP,0,20101228,090455,5200,828
OTP,0,20101228,090455,5200,785
OTP,0,20101228,090455,5200,3
OTP,0,20101228,090455,5200,1000
OTP,0,20101228,090500,5200,1384
ECONET,0,20101228,090500,90,700
RICHTER,0,20101228,090515,43085,2
BUX1112,0,20101228,090517,21987,2
BUX1112,0,20101228,090517,21987.5,1
BUX1112,0,20101228,090517,21988,1
BUX1112,0,20101228,090517,21990,3
BUX1112,0,20101228,090517,21995,1
BUX1112,0,20101228,090517,21995,1
BUX1112,0,20101228,090517,21996,4
BUX1112,0,20101228,090517,21997,1
BUX1112,0,20101228,090517,21998.5,1
OTP,0,20101228,090519,5200,50
OTP,0,20101228,090519,5200,121
RICHTER,0,20101228,090535,43100,2
RICHTER,0,20101228,090540,43010,13
RICHTER,0,20101228,090549,43080,3
BUX1112,0,20101228,090557,21989,5
BUX1112,0,20101228,090557,21999,3
MOL,0,20101228,090627,20450,20
MTELEKOM,0,20101228,090630,515,1140
MTELEKOM,0,20101228,090630,515,700
MTELEKOM,0,20101228,090630,515,160
OTP,0,20101228,090637,5201,20
OTP,0,20101228,090705,5201,96
RICHTER,0,20101228,090717,43135,1
RICHTER,0,20101228,090717,43140,2
RICHTER,0,20101228,090717,43145,2
RICHTER,0,20101228,090717,43155,2
RICHTER,0,20101228,090717,43160,2
RICHTER,0,20101228,090717,43165,120
RICHTER,0,20101228,090717,43180,20
RICHTER,0,20101228,090717,43180,13
MOL,0,20101228,090717,20450,10
RICHTER,0,20101228,090727,43080,3
RICHTER,0,20101228,090753,43190,5
RICHTER,0,20101228,090753,43200,13
RICHTER,0,20101228,090753,43200,1
RICHTER,0,20101228,090803,43280,2
OTP,0,20101228,090803,5205,15
PANNERGY,0,20101228,090813,915,70
BUX1112,0,20101228,090823,21978,2
OTP,0,20101228,090827,5203,30
OTP,0,20101228,090846,5205,5
OTP,0,20101228,090846,5205,20
OTP,0,20101228,090846,5205,108
RICHTER,0,20101228,090847,43100,5
OTP,0,20101228,090903,5210,1000
OTP,0,20101228,090916,5213,10
OTP,0,20101228,090916,5214,50
OTP,0,20101228,090916,5215,14
EGIS,0,20101228,090936,20350,1
SYNERGON,0,20101228,090939,476,100
OTP,0,20101228,090945,5216,30
OTP,0,20101228,090945,5217,600
OTP,0,20101228,090945,5217,26
OTP,0,20101228,091022,5218,50
OTP,0,20101228,091022,5220,50
OTP,0,20101228,091022,5220,180
OTP,0,20101228,091022,5220,50
OTP,0,20101228,091022,5220,20
OTP,0,20101228,091022,5220,97
FOTEX,0,20101228,091028,383,2000
OTP,0,20101228,091029,5218,95
OTP,0,20101228,091032,5220,3
BUX1112,0,20101228,091037,21990,1
BUX1112,0,20101228,091037,21994,1
BUX1112,0,20101228,091037,21994,5
BUX1112,0,20101228,091037,21995,5
BUX1112,0,20101228,091037,21998,3
BUX1112,0,20101228,091037,21999,45
RICHTER,0,20101228,091039,43100,3
BUX1112,0,20101228,091041,21999,52
BUX1112,0,20101228,091041,21999.5,1
BUX1112,0,20101228,091041,22000,1
BUX1112,0,20101228,091041,22000,1
BUX1112,0,20101228,091041,22000,5
OTP,0,20101228,091043,5217,90
OTP,0,20101228,091043,5215,190
BUX1112,0,20101228,091055,21990,5
BUX1112,0,20101228,091055,22000,5
OTP,0,20101228,091104,5215,17
OTP,0,20101228,091135,5215,50
OTP,0,20101228,091140,5215,33
OTP,0,20101228,091153,5215,40
RABA,0,20101228,091206,806,470
BUX1112,0,20101228,091211,21999,5
BUX1112,0,20101228,091211,21971,10
BUX1112,0,20101228,091211,21970,15
OTP,0,20101228,091211,5210,20
OTP,0,20101228,091211,5210,15
FOTEX,0,20101228,091218,383,2000
OTP,0,20101228,091218,5210,20
OTP,0,20101228,091222,5210,945
OTP,0,20101228,091222,5201,884
OTP,0,20101228,091222,5201,1000
OTP,0,20101228,091222,5200,664
OTP,0,20101228,091222,5200,616
OTP,0,20101228,091222,5200,785
OTP,0,20101228,091222,5200,40
OTP,0,20101228,091222,5200,66
ELMU,0,20101228,091227,27445,3
ELMU,0,20101228,091227,27450,10
ELMU,0,20101228,091227,27485,2
ELMU,0,20101228,091227,27500,39
OTP,0,20101228,091237,5200,500
RICHTER,0,20101228,091244,43100,30
MTELEKOM,0,20101228,091245,516,230
OTP,0,20101228,091256,5210,20
OTP,0,20101228,091258,5201,785
MOL,0,20101228,091302,20450,12
RICHTER,0,20101228,091303,43195,2
OTP,0,20101228,091303,5210,15
MTELEKOM,0,20101228,091305,515,137
OTP,0,20101228,091306,5201,215
OTP,0,20101228,091306,5200,434
OTP,0,20101228,091306,5200,136
FHB,0,20101228,091337,975,1000
ECONET,0,20101228,091346,89,300000
OTP,0,20101228,091354,5200,400
OTP,0,20101228,091400,5200,464
OTP,0,20101228,091400,5200,321
OTP,0,20101228,091403,5200,464
OTP,0,20101228,091403,5200,321
FHB,0,20101228,091404,974,35
RICHTER,0,20101228,091416,43100,8
FHB,0,20101228,091440,974,120
MTELEKOM,0,20101228,091441,515,3
MTELEKOM,0,20101228,091441,515,997
OTP,0,20101228,091446,5200,464
OTP,0,20101228,091446,5200,850
MTELEKOM,0,20101228,091450,515,8500
MOL,0,20101228,091455,20450,15
MOL,0,20101228,091455,20450,50
OTP,0,20101228,091458,5200,5
MTELEKOM,0,20101228,091508,515,1614
RICHTER,0,20101228,091520,43060,2
RICHTER,0,20101228,091520,43060,35
RICHTER,0,20101228,091520,43055,46
RICHTER,0,20101228,091520,43055,10
RICHTER,0,20101228,091520,43050,8
EGIS,0,20101228,091531,20360,450
BUX1112,0,20101228,091534,21980,1
BUX1112,0,20101228,091534,22000,5
BUX1112,0,20101228,091534,22000,8
GENESIS,0,20101228,091536,181,500
GENESIS,0,20101228,091536,180,108
MTELEKOM,0,20101228,091539,514,150
RICHTER,0,20101228,091549,43050,42
OTP,0,20101228,091553,5200,50
MOL,0,20101228,091555,20420,240
MTELEKOM,0,20101228,091604,514,850
MTELEKOM,0,20101228,091604,514,50
MTELEKOM,0,20101228,091604,514,980
MTELEKOM,0,20101228,091604,514,979
MTELEKOM,0,20101228,091604,514,385
RICHTER,0,20101228,091607,43050,50
OTP,0,20101228,091616,5200,95
OTP,0,20101228,091616,5200,5
RICHTER,0,20101228,091622,43050,15
OTP,0,20101228,091627,5200,520
BUX1112,0,20101228,091632,22000,1
OTP,0,20101228,091633,5200,100
EGIS,0,20101228,091656,20350,39
RABA,0,20101228,091700,805,700
BUX1112,0,20101228,091701,22000,3
BUX1112,0,20101228,091704,22000,20
FOTEX,0,20101228,091708,384,50
BUX1112,0,20101228,091708,22000,3
FHB,0,20101228,091715,974,145
MOL,0,20101228,091722,20415,12
MOL,0,20101228,091722,20415,7
BUX1112,0,20101228,091730,22000,2
BUX1112,0,20101228,091736,22000,1
FOTEX,0,20101228,091749,383,3660
RICHTER,0,20101228,091752,43005,2
BUX1112,0,20101228,091754,22000,50
FHB,0,20101228,091759,974,155
MOL,0,20101228,091803,20475,1
BUX1112,0,20101228,091805,22000,5
FHB,0,20101228,091805,975,300
RICHTER,0,20101228,091807,43015,56
RICHTER,0,20101228,091807,43050,3
OTP,0,20101228,091808,5207,15
MOL,0,20101228,091831,20440,4100
BUX1112,0,20101228,091837,22000.5,1
RICHTER,0,20101228,091851,43005,2
GENESIS,0,20101228,091855,183,94
BUX1112,0,20101228,091900,22000.5,1
BUX1112,0,20101228,091911,22005,1
BUX1112,0,20101228,091927,22000,1
RABA,0,20101228,091927,805,205
RABA,0,20101228,091935,806,1200
MOL,0,20101228,092005,20440,312
OTP,0,20101228,092012,5200,375
OTP,0,20101228,092012,5200,785
RICHTER,0,20101228,092016,43050,32
BUX1112,0,20101228,092025,22000,1
GENESIS,0,20101228,092030,183,881
GENESIS,0,20101228,092030,183,119
BUX1112,0,20101228,092034,22002,10
OTP,0,20101228,092035,5200,154
OTP,0,20101228,092035,5200,631
BUX1112,0,20101228,092042,22002,10
RICHTER,0,20101228,092047,43090,6
MTELEKOM,0,20101228,092056,514,615
MTELEKOM,0,20101228,092056,514,800
MTELEKOM,0,20101228,092056,514,1000
MTELEKOM,0,20101228,092056,514,150
GSPARK,0,20101228,092115,780,892
OTP,0,20101228,092124,5199,2
OTP,0,20101228,092149,5199,53
OTP,0,20101228,092149,5199,10
OTP,0,20101228,092149,5200,154
OTP,0,20101228,092149,5200,20
OTP,0,20101228,092149,5200,548
MTELEKOM,0,20101228,092211,513,2293
BUX1112,0,20101228,092217,22002,4
MOL,0,20101228,092222,20415,43
MOL,0,20101228,092222,20410,10
MOL,0,20101228,092222,20400,50
BUX1112,0,20101228,092234,22002,1
OTP,0,20101228,092251,5190,186
RICHTER,0,20101228,092259,43055,12
RICHTER,0,20101228,092259,43050,68
RICHTER,0,20101228,092259,43005,6
RICHTER,0,20101228,092259,43000,15
OTP,0,20101228,092303,5192,275
RICHTER,0,20101228,092307,43090,2
OTP,0,20101228,092313,5197,16
MOL,0,20101228,092315,20400,12
MTELEKOM,0,20101228,092326,514,20000
EGIS,0,20101228,092329,20360,39
OTP,0,20101228,092334,5197,34
OTP,0,20101228,092334,5199,100
OTP,0,20101228,092334,5200,237
OTP,0,20101228,092334,5200,29
OTP,0,20101228,092336,5200,58
OTP,0,20101228,092336,5200,152
MTELEKOM,0,20101228,092337,514,1200
OTP,0,20101228,092342,5193,315
BUX1112,0,20101228,092355,22002,1
ORC,0,20101228,092357,1995,71
FOTEX,0,20101228,092407,385,12
FOTEX,0,20101228,092407,385,88
PANNERGY,0,20101228,092420,906,100
EGIS,0,20101228,092438,20365,202
PANNERGY,0,20101228,092447,912,160
MTELEKOM,0,20101228,092510,514,200
EBGOLD,0,20101228,092516,2941,20
HUMET,0,20101228,092540,9,5000
RICHTER,0,20101228,092617,43090,1
OTP,0,20101228,092621,5192,650
BUX1112,0,20101228,092622,22002,1
BUX1112,0,20101228,092625,22002,12
BUX1112,0,20101228,092630,22002,1
MOL,0,20101228,092722,20450,10
OTP,0,20101228,092732,5192,3000
OTP,0,20101228,092738,5195,10
OTP,0,20101228,092738,5195,25
GENESIS,0,20101228,092751,183,10
RICHTER,0,20101228,092807,43090,2
OTP,0,20101228,092813,5199,15
TVK,0,20101228,092821,3380,10
MTELEKOM,0,20101228,092830,514,985
OTP,0,20101228,092939,5199,5
OTP,0,20101228,092939,5200,33
OTP,0,20101228,092939,5200,747
FHB,0,20101228,092951,974,50
RICHTER,0,20101228,093003,43090,2
BUX1112,0,20101228,093022,22002,3
BUX1112,0,20101228,093024,22002,1
RICHTER,0,20101228,093029,43090,5
MTELEKOM,0,20101228,093153,514,40
ORC,0,20101228,093217,2000,3
BUX1112,0,20101228,093217,22002,5
BUX1112,0,20101228,093231,22002,20
RICHTER,0,20101228,093231,43130,2
BUX1112,0,20101228,093232,22009,1
MTELEKOM,0,20101228,093255,514,1000
RICHTER,0,20101228,093307,43140,3
OTP,0,20101228,093313,5195,15
FOTEX,0,20101228,093323,385,300
RABA,0,20101228,093332,807,80
OTP,0,20101228,093339,5191,113
OTP,0,20101228,093339,5190,267
BUX1112,0,20101228,093352,22002,1
OTP,0,20101228,093405,5190,2499
MTELEKOM,0,20101228,093438,514,100
EGIS,0,20101228,093446,20370,5
EGIS,0,20101228,093446,20375,20
BUX1112,0,20101228,093459,22002,2
EGIS,0,20101228,093533,20375,16
OTP,0,20101228,093538,5190,20
OTP,0,20101228,093553,5190,505
OTP,0,20101228,093650,5186,50
BUX1112,0,20101228,093701,22002,1
OTP,0,20101228,093725,5190,500
OTP,0,20101228,093725,5190,1314
OTP,0,20101228,093725,5194,20
OTP,0,20101228,093725,5194,500
OTP,0,20101228,093725,5195,485
OTP,0,20101228,093725,5200,38
OTP,0,20101228,093725,5200,71
OTP,0,20101228,093725,5200,22
OTP,0,20101228,093725,5200,785
OTP,0,20101228,093725,5200,900
OTP,0,20101228,093725,5200,23
OTP,0,20101228,093725,5200,22
OTP,0,20101228,093725,5200,35
OTP,0,20101228,093725,5200,500
OTP,0,20101228,093725,5200,9785
OTP,0,20101228,093726,5186,100
ECONET,0,20101228,093731,90,4500
BUX1112,0,20101228,093734,22005,1
BUX1112,0,20101228,093734,22010,5
MOL,0,20101228,093743,20450,25
OTP,0,20101228,093758,5199,20
OTP,0,20101228,093758,5200,215
OTP,0,20101228,093758,5200,1000
OTP,0,20101228,093758,5200,765
MOL,0,20101228,093804,20450,81
MOL,0,20101228,093804,20450,35
RICHTER,0,20101228,093812,43100,2
OTP,0,20101228,093813,5200,15
MTELEKOM,0,20101228,093815,513,4858
OTP,0,20101228,093817,5200,5
MTELEKOM,0,20101228,093819,513,49
MTELEKOM,0,20101228,093819,513,1500
MTELEKOM,0,20101228,093819,513,300
MTELEKOM,0,20101228,093819,513,3000
MTELEKOM,0,20101228,093819,513,151
OTP,0,20101228,093830,5200,995
MTELEKOM,0,20101228,093832,513,59
MTELEKOM,0,20101228,093832,513,150
MTELEKOM,0,20101228,093832,513,500
MTELEKOM,0,20101228,093832,513,500
MTELEKOM,0,20101228,093832,513,200
MTELEKOM,0,20101228,093832,513,91
RICHTER,0,20101228,093832,43100,5
BUX1112,0,20101228,093833,22010,1
RICHTER,0,20101228,093901,43010,15
BUX1112,0,20101228,093903,22016,1
BUX1112,0,20101228,093903,22018,2
BUX1112,0,20101228,093903,22020,2
BUX1112,0,20101228,093903,22025,1
BUX1112,0,20101228,093903,22030,2
BUX1112,0,20101228,093903,22030,1
MOL,0,20101228,093905,20450,208
MTELEKOM,0,20101228,093905,514,60
OTP,0,20101228,093907,5200,150
OTP,0,20101228,093919,5199,350
OTP,0,20101228,093919,5200,173
OTP,0,20101228,093919,5200,300
BUX1112,0,20101228,093924,22030,1
OTP,0,20101228,093931,5200,177
BUX1112,0,20101228,093955,22032,1
BUX1112,0,20101228,094005,22010,2
KEG,0,20101228,094021,142,50
MTELEKOM,0,20101228,094044,514,2615
FHB,0,20101228,094057,974,50
FHB,0,20101228,094057,975,250
MTELEKOM,0,20101228,094101,514,2989
MTELEKOM,0,20101228,094112,514,850
FHB,0,20101228,094129,975,20
OTP,0,20101228,094141,5190,1000
OTP,0,20101228,094147,5190,19
BUX1112,0,20101228,094222,22027,1
BUX1112,0,20101228,094222,22030,5
BUX1112,0,20101228,094253,22032,2
BUX1112,0,20101228,094253,22032,2
BUX1112,0,20101228,094253,22036.5,1
BUX1112,0,20101228,094253,22037,4
BUX1112,0,20101228,094253,22044,1
BUX1112,0,20101228,094253,22044,1
OTP,0,20101228,094313,5192,150
RICHTER,0,20101228,094313,43090,1
OTP,0,20101228,094313,5199,15
RICHTER,0,20101228,094319,43100,1
MOL,0,20101228,094331,20450,1
BUX1112,0,20101228,094404,22029.5,3
BUX1112,0,20101228,094404,22030,10
BUX1112,0,20101228,094404,22030,1
BUX1112,0,20101228,094404,22035,10
BUX1112,0,20101228,094404,22039,20
BUX1112,0,20101228,094404,22040,56
OTP,0,20101228,094413,5190,150
ZWACK,0,20101228,094445,13300,8
FOTEX,0,20101228,094450,385,612
FOTEX,0,20101228,094450,385,288
FOTEX,0,20101228,094502,384,2500
OTP,0,20101228,094509,5186,2
OTP,0,20101228,094509,5185,20
OTP,0,20101228,094509,5182,50
OTP,0,20101228,094509,5180,50
OTP,0,20101228,094509,5180,20
OTP,0,20101228,094509,5180,100
OTP,0,20101228,094512,5178,500
OTP,0,20101228,094512,5177,785
OTP,0,20101228,094512,5177,167
OTP,0,20101228,094512,5175,1000
OTP,0,20101228,094512,5175,100
OTP,0,20101228,094512,5175,30
OTP,0,20101228,094512,5173,178
OTP,0,20101228,094512,5171,1000
OTP,0,20101228,094512,5171,20
OTP,0,20101228,094512,5171,100
OTP,0,20101228,094512,5171,1000
OTP,0,20101228,094512,5171,5
OTP,0,20101228,094512,5170,20
GSPARK,0,20101228,094514,777,200
RICHTER,0,20101228,094516,43100,2
OTP,0,20101228,094550,5188,178
OTP,0,20101228,094550,5189,2000
OTP,0,20101228,094550,5190,162
OTP,0,20101228,094550,5190,1314
OTP,0,20101228,094556,5190,2346
MOL,0,20101228,094607,20460,2
MOL,0,20101228,094607,20460,3
BUX1112,0,20101228,094609,22001,5
MOL,0,20101228,094610,20450,91
RICHTER,0,20101228,094619,43060,16
RICHTER,0,20101228,094619,43050,82
OTP,0,20101228,094620,5180,300
RICHTER,0,20101228,094628,43050,8
RICHTER,0,20101228,094640,43050,10
MTELEKOM,0,20101228,094642,513,109
MTELEKOM,0,20101228,094642,513,200
MTELEKOM,0,20101228,094642,513,100
MTELEKOM,0,20101228,094642,513,1500
MTELEKOM,0,20101228,094642,512,222
MTELEKOM,0,20101228,094642,512,2727
MOL,0,20101228,094713,20410,10
MOL,0,20101228,094713,20405,10
OTP,0,20101228,094716,5197,21
MOL,0,20101228,094727,20405,190
MOL,0,20101228,094727,20400,38
MOL,0,20101228,094727,20400,5
MOL,0,20101228,094748,20400,95
MOL,0,20101228,094809,20400,103
RICHTER,0,20101228,094812,43050,3
MOL,0,20101228,094814,20400,302
OTP,0,20101228,094818,5175,2
OTP,0,20101228,094818,5196,15
KEG,0,20101228,094833,140,700
MTELEKOM,0,20101228,094845,514,100
BUX1112,0,20101228,094849,22029,19
FHB,0,20101228,094902,975,150
OTP,0,20101228,094951,5190,14
BUX1112,0,20101228,095001,22029.5,1
BUX1112,0,20101228,095001,22030,1
RFV,0,20101228,095012,8422,49
RFV,0,20101228,095126,8560,10
FOTEX,0,20101228,095134,384,2500
PANNERGY,0,20101228,095151,908,2500
MOL,0,20101228,095303,20460,1
RICHTER,0,20101228,095312,43050,2
OTP,0,20101228,095319,5189,500
OTP,0,20101228,095319,5189,178
OTP,0,20101228,095319,5190,472
OTP,0,20101228,095319,5194,185
OTP,0,20101228,095319,5195,1230
OTP,0,20101228,095319,5195,100
OTP,0,20101228,095323,5198,15
OTP,0,20101228,095326,5195,335
RICHTER,0,20101228,095408,43050,13
RICHTER,0,20101228,095425,43050,20
BUX1112,0,20101228,095437,22010,10
MTELEKOM,0,20101228,095516,514,1500
PFLAX,0,20101228,095546,502,100
PFLAX,0,20101228,095546,471,2100
DANUBIUS,0,20101228,095713,4290,100
OTP,0,20101228,095756,5180,15
RICHTER,0,20101228,095812,43050,2
OTP,0,20101228,095828,5190,15
MTELEKOM,0,20101228,095835,514,50
OTP,0,20101228,095835,5185,15
EGIS,0,20101228,095841,20385,100
EGIS,0,20101228,095902,20390,37
EGIS,0,20101228,095902,20395,90
BUX1112,0,20101228,095905,22025,2
BUX1112,0,20101228,095905,22028,1
BUX1112,0,20101228,095905,22029,2
BUX1112,0,20101228,095905,22029,6
BUX1112,0,20101228,095905,22030,9
FHB,0,20101228,095934,973,1000
MTELEKOM,0,20101228,100000,513,126
OTP,0,20101228,100000,5190,15
OTP,0,20101228,100000,5190,20
OTP,0,20101228,100000,5196,715
OTP,0,20101228,100010,5196,385
OTP,0,20101228,100010,5198,365
OTP,0,20101228,100010,5198,605
OTP,0,20101228,100010,5199,50
OTP,0,20101228,100010,5199,95
OTP,0,20101228,100010,5199,750
OTP,0,20101228,100010,5199,155
OTP,0,20101228,100010,5199,595
OTP,0,20101228,100017,5199,405
OTP,0,20101228,100017,5200,345
OTP,0,20101228,100020,5195,68
OTP,0,20101228,100031,5190,108
RICHTER,0,20101228,100037,43050,2
RICHTER,0,20101228,100051,43015,10
OTP,0,20101228,100101,5190,33
OTP,0,20101228,100112,5190,7101
ECONET,0,20101228,100121,89,520
OTP,0,20101228,100137,5200,478
OTP,0,20101228,100137,5200,272
OTP,0,20101228,100140,5200,228
OTP,0,20101228,100140,5200,100
OTP,0,20101228,100140,5200,600
OTP,0,20101228,100140,5200,11
OTP,0,20101228,100140,5200,500
OTP,0,20101228,100140,5200,600
OTP,0,20101228,100140,5200,60
OTP,0,20101228,100140,5200,25
OTP,0,20101228,100140,5200,500
OTP,0,20101228,100140,5200,200
BUX1112,0,20101228,100152,22030,5
BUX1112,0,20101228,100152,22030,10
MTELEKOM,0,20101228,100200,514,1861
MTELEKOM,0,20101228,100200,514,139
BUX1112,0,20101228,100209,22033,25
BUX1112,0,20101228,100234,22033,33
RICHTER,0,20101228,100313,43050,3
MTELEKOM,0,20101228,100327,514,61
MTELEKOM,0,20101228,100327,514,39
OTP,0,20101228,100328,5205,15
OTP,0,20101228,100335,5200,750
OTP,0,20101228,100335,5200,250
OTP,0,20101228,100350,5200,170
RICHTER,0,20101228,100357,43010,2
OTP,0,20101228,100359,5200,330
OTP,0,20101228,100359,5200,750
OTP,0,20101228,100406,5200,750
OTP,0,20101228,100412,5200,776
MTELEKOM,0,20101228,100535,514,14
MTELEKOM,0,20101228,100535,514,35
MTELEKOM,0,20101228,100535,514,2751
MOL,0,20101228,100615,20440,800
MOL,0,20101228,100616,20400,2
MTELEKOM,0,20101228,100746,513,264
MTELEKOM,0,20101228,100746,513,66
RICHTER,0,20101228,100813,43050,2
BUX1112,0,20101228,100814,22016,2
BUX1112,0,20101228,100825,22016,1
OTP,0,20101228,100828,5200,15
MTELEKOM,0,20101228,100840,513,190
OTP,0,20101228,100856,5193,10
MTELEKOM,0,20101228,100908,514,249
MTELEKOM,0,20101228,100908,514,1751
RICHTER,0,20101228,100954,43050,5
MTELEKOM,0,20101228,101010,514,249
MTELEKOM,0,20101228,101010,514,492
SYNERGON,0,20101228,101013,478,3311
MTELEKOM,0,20101228,101041,514,330
MTELEKOM,0,20101228,101057,513,200
OTP,0,20101228,101100,5195,123
MTELEKOM,0,20101228,101102,514,1178
MTELEKOM,0,20101228,101102,514,329
MTELEKOM,0,20101228,101115,514,3000
MTELEKOM,0,20101228,101210,514,100
MTELEKOM,0,20101228,101210,514,3000
MOL,0,20101228,101225,20410,150
MTELEKOM,0,20101228,101253,514,60
MTELEKOM,0,20101228,101253,514,100
RICHTER,0,20101228,101312,43050,2
PANNERGY,0,20101228,101324,908,600
OTP,0,20101228,101328,5200,15
MOL,0,20101228,101436,20400,43
MOL,0,20101228,101439,20400,57
OTP,0,20101228,101513,5197,669
EGIS,0,20101228,101519,20370,20
OTP,0,20101228,101532,5195,77
OTP,0,20101228,101532,5195,1056
ECONET,0,20101228,101631,89,5
MTELEKOM,0,20101228,101648,513,544
MTELEKOM,0,20101228,101648,513,1945
MTELEKOM,0,20101228,101648,513,7511
KEG,0,20101228,101803,142,1
RICHTER,0,20101228,101817,43050,3
OTP,0,20101228,101828,5198,15
GENESIS,0,20101228,101844,181,400
GENESIS,0,20101228,101844,181,1000
EGIS,0,20101228,101855,20355,43
EGIS,0,20101228,101855,20350,16
EGIS,0,20101228,101855,20205,18
RFV,0,20101228,101900,8550,30
OTP,0,20101228,101910,5195,2
PANNERGY,0,20101228,101933,909,700
PANNERGY,0,20101228,101933,910,1000
HUMET,0,20101228,101954,8,740
OTP,0,20101228,102004,5195,235
BUX1112,0,20101228,102010,22002.5,1
MTELEKOM,0,20101228,102049,513,150
MTELEKOM,0,20101228,102121,513,79
MTELEKOM,0,20101228,102121,513,921
BUX1112,0,20101228,102144,22001,1
PANNERGY,0,20101228,102214,910,500
FHB,0,20101228,102219,975,21
MOL,0,20101228,102238,20400,143
MOL,0,20101228,102238,20400,10
RICHTER,0,20101228,102322,43050,2
OTP,0,20101228,102333,5196,16
FOTEX,0,20101228,102334,383,500
FOTEX,0,20101228,102334,383,200
MOL,0,20101228,102341,20400,10
RICHTER,0,20101228,102430,43010,4
RICHTER,0,20101228,102430,43010,20
OTP,0,20101228,102443,5195,98
BUX1112,0,20101228,102449,22001,3
BUX1112,0,20101228,102449,22000,1
MTELEKOM,0,20101228,102453,514,35
MTELEKOM,0,20101228,102453,514,165
OTP,0,20101228,102508,5196,57
OTP,0,20101228,102508,5196,943
OTP,0,20101228,102519,5196,18
FOTEX,0,20101228,102531,383,212
FOTEX,0,20101228,102531,383,100
FOTEX,0,20101228,102531,382,88
FOTEX,0,20101228,102531,382,500
FOTEX,0,20101228,102531,382,288
RABA,0,20101228,102559,806,100
RABA,0,20101228,102559,806,376
OTP,0,20101228,102605,5196,39
OTP,0,20101228,102605,5197,50
OTP,0,20101228,102605,5198,635
OTP,0,20101228,102605,5200,276
MOL,0,20101228,102609,20365,50
MOL,0,20101228,102609,20365,50
OTP,0,20101228,102610,5195,609
TVK,0,20101228,102616,3350,10
TVK,0,20101228,102616,3335,10
TVK,0,20101228,102616,3330,10
TVK,0,20101228,102616,3330,28
BUX1112,0,20101228,102625,22000,1
OTP,0,20101228,102631,5195,40
KEG,0,20101228,102706,140,200
GENESIS,0,20101228,102706,180,392
GENESIS,0,20101228,102706,180,8
PANNERGY,0,20101228,102715,910,250
GENESIS,0,20101228,102722,181,400
OTP,0,20101228,102729,5195,351
OTP,0,20101228,102729,5199,267
OTP,0,20101228,102805,5195,23
OTP,0,20101228,102805,5195,25
MTELEKOM,0,20101228,102805,513,1079
MTELEKOM,0,20101228,102805,513,421
RICHTER,0,20101228,102811,43050,2
RICHTER,0,20101228,102827,43050,3
OTP,0,20101228,102833,5198,15
OTP,0,20101228,102856,5195,50
RABA,0,20101228,103014,806,124
RABA,0,20101228,103014,805,95
RABA,0,20101228,103014,805,481
RABA,0,20101228,103050,805,82
MTELEKOM,0,20101228,103108,514,400
OTP,0,20101228,103115,5198,15
OTP,0,20101228,103115,5198,22
RICHTER,0,20101228,103146,43010,3
MTELEKOM,0,20101228,103222,514,385
KEG,0,20101228,103250,139,1400
KEG,0,20101228,103250,138,600
KEG,0,20101228,103250,138,1000
KEG,0,20101228,103250,138,1099
KEG,0,20101228,103250,138,500
KEG,0,20101228,103250,138,1000
KEG,0,20101228,103250,138,250
KEG,0,20101228,103250,138,200
KEG,0,20101228,103250,138,951
OTP,0,20101228,103252,5195,20
MOL,0,20101228,103303,20395,1
KEG,0,20101228,103318,140,500
KEG,0,20101228,103318,141,200
RICHTER,0,20101228,103328,43050,2
OTP,0,20101228,103333,5198,15
KEG,0,20101228,103357,141,92
KEG,0,20101228,103357,141,8
MTELEKOM,0,20101228,103430,513,579
MTELEKOM,0,20101228,103430,513,1140
MTELEKOM,0,20101228,103430,513,1000
MTELEKOM,0,20101228,103430,513,162
MTELEKOM,0,20101228,103430,513,7119
MTELEKOM,0,20101228,103439,513,2881
OTP,0,20101228,103505,5197,26200
SYNERGON,0,20101228,103507,477,200
MTELEKOM,0,20101228,103508,513,119
MTELEKOM,0,20101228,103510,513,9881
OTP,0,20101228,103529,5197,54
OTP,0,20101228,103529,5198,581
OTP,0,20101228,103529,5199,1733
OTP,0,20101228,103529,5200,1163
OTP,0,20101228,103529,5200,1500
OTP,0,20101228,103529,5200,500
OTP,0,20101228,103529,5200,3900
OTP,0,20101228,103529,5200,5163
OTP,0,20101228,103529,5200,31
OTP,0,20101228,103529,5200,13
OTP,0,20101228,103529,5200,90
OTP,0,20101228,103529,5200,65
OTP,0,20101228,103529,5200,60
OTP,0,20101228,103531,5200,147
OTP,0,20101228,103531,5195,105
OTP,0,20101228,103531,5195,70
OTP,0,20101228,103531,5194,678
MTELEKOM,0,20101228,103605,513,4
MTELEKOM,0,20101228,103629,513,115
MTELEKOM,0,20101228,103629,513,85
HUMET,0,20101228,103709,9,30000
OTP,0,20101228,103709,5200,500
BUX1112,0,20101228,103713,22000,1
OTP,0,20101228,103728,5200,39
OTP,0,20101228,103741,5200,211
PANNERGY,0,20101228,103806,911,65
RICHTER,0,20101228,103832,43050,2
OTP,0,20101228,103833,5200,15
OTP,0,20101228,103844,5200,414
MTELEKOM,0,20101228,103912,513,150
BUX1112,0,20101228,103928,22001,4
BUX1112,0,20101228,103928,22000.5,2
BUX1112,0,20101228,103928,22000,3
BUX1112,0,20101228,103928,22000,20
MTELEKOM,0,20101228,103932,512,273
MTELEKOM,0,20101228,103932,512,1227
PANNERGY,0,20101228,103937,909,5000
MTELEKOM,0,20101228,104122,512,1773
MTELEKOM,0,20101228,104122,512,227
EGIS,0,20101228,104206,20350,254
GENESIS,0,20101228,104208,180,492
GENESIS,0,20101228,104208,180,2280
RICHTER,0,20101228,104224,43050,2
RICHTER,0,20101228,104224,43050,1
RICHTER,0,20101228,104230,43015,4
RICHTER,0,20101228,104230,43010,1
OTP,0,20101228,104232,5201,140
OTP,0,20101228,104232,5200,586
OTP,0,20101228,104232,5200,750
OTP,0,20101228,104232,5195,190
OTP,0,20101228,104232,5195,177
OTP,0,20101228,104232,5194,2322
OTP,0,20101228,104232,5193,2000
OTP,0,20101228,104232,5192,750
OTP,0,20101228,104232,5192,750
OTP,0,20101228,104232,5190,2899
OTP,0,20101228,104232,5190,100
PANNERGY,0,20101228,104237,910,477
PANNERGY,0,20101228,104237,910,423
EGIS,0,20101228,104239,20350,2290
OTP,0,20101228,104244,5190,750
OTP,0,20101228,104245,5190,750
OTP,0,20101228,104251,5190,27836
OTP,0,20101228,104251,5190,51
MOL,0,20101228,104254,20370,1
FHB,0,20101228,104258,975,102
RICHTER,0,20101228,104333,43095,3
OTP,0,20101228,104333,5203,15
BUX1112,0,20101228,104435,22000,1
MTELEKOM,0,20101228,104442,513,335
MTELEKOM,0,20101228,104442,513,15
PANNERGY,0,20101228,104515,910,347
PHYLAXIA,0,20101228,104557,44,3000
OTP,0,20101228,104604,5202,1090
BUX1112,0,20101228,104610,21981.5,1
BUX1112,0,20101228,104610,21981,4
BUX1112,0,20101228,104610,21980.5,1
BUX1112,0,20101228,104610,21980,1
BUX1112,0,20101228,104610,21980,3
RFV,0,20101228,104634,8520,9500
OTP,0,20101228,104713,5201,2000
OTP,0,20101228,104741,5200,30
MOL,0,20101228,104815,20370,1
OTP,0,20101228,104831,5202,230
RICHTER,0,20101228,104832,43100,2
OTP,0,20101228,104833,5203,3
OTP,0,20101228,104833,5203,12
OTP,0,20101228,104857,5200,720
OTP,0,20101228,104857,5200,750
OTP,0,20101228,104857,5200,750
OTP,0,20101228,104857,5200,750
OTP,0,20101228,104857,5200,100
OTP,0,20101228,104857,5200,29
OTP,0,20101228,104901,5203,74
OTP,0,20101228,104901,5203,26
GENESIS,0,20101228,104949,180,220
MTELEKOM,0,20101228,105022,512,349
OTP,0,20101228,105022,5200,65
OTP,0,20101228,105022,5200,58
OTP,0,20101228,105126,5200,32
MTELEKOM,0,20101228,105135,513,500
MOL,0,20101228,105144,20370,4
MOL,0,20101228,105144,20365,6
SYNERGON,0,20101228,105145,476,400
OTP,0,20101228,105149,5200,174
MTELEKOM,0,20101228,105207,512,5
OTP,0,20101228,105230,5200,15
OTP,0,20101228,105234,5201,1500
RICHTER,0,20101228,105250,43095,100
ECONET,0,20101228,105257,89,1155
ECONET,0,20101228,105257,89,45
MOL,0,20101228,105300,20365,4
RICHTER,0,20101228,105338,43100,2
OTP,0,20101228,105338,5203,15
DANUBIUS,0,20101228,105415,4310,20
DANUBIUS,0,20101228,105415,4305,10
MOL,0,20101228,105518,20360,50
MOL,0,20101228,105518,20360,30
MOL,0,20101228,105518,20360,35
MOL,0,20101228,105518,20355,26
PANNERGY,0,20101228,105528,905,300
MOL,0,20101228,105546,20365,6
FHB,0,20101228,105620,975,897
FHB,0,20101228,105620,975,103
GENESIS,0,20101228,105643,180,780
RABA,0,20101228,105653,805,400
MTELEKOM,0,20101228,105755,513,300
RICHTER,0,20101228,105809,43040,10
KEG,0,20101228,105829,140,700
MOL,0,20101228,105831,20395,39
RICHTER,0,20101228,105838,43095,3
OTP,0,20101228,105838,5202,15
BUX1112,0,20101228,105910,21996,1
BUX1112,0,20101228,105935,22000,2
RABA,0,20101228,105944,805,37
RABA,0,20101228,105944,805,43963
OTP,0,20101228,105957,5202,5
OTP,0,20101228,105957,5202,60
BUX1112,0,20101228,110000,22010,1
BUX1112,0,20101228,110000,22010,1
OTP,0,20101228,110021,5202,100
MTELEKOM,0,20101228,110029,513,1150
BUX1112,0,20101228,110044,22010,2
MTELEKOM,0,20101228,110057,513,500
GENESIS,0,20101228,110113,181,600
OTP,0,20101228,110142,5202,50
OTP,0,20101228,110202,5202,805
OTP,0,20101228,110202,5201,300
OTP,0,20101228,110202,5200,406
OTP,0,20101228,110202,5200,750
OTP,0,20101228,110202,5200,39
OTP,0,20101228,110202,5200,12
RICHTER,0,20101228,110204,43095,12
BUX1112,0,20101228,110204,22010,5
HUMET,0,20101228,110236,9,10000
KEG,0,20101228,110303,140,2000
OTP,0,20101228,110309,5198,500
OTP,0,20101228,110313,5197,65
RICHTER,0,20101228,110337,43090,2
OTP,0,20101228,110343,5200,15
KEG,0,20101228,110348,140,800
MOL,0,20101228,110445,20420,20
GENESIS,0,20101228,110512,181,2391
GENESIS,0,20101228,110512,181,336
MOL,0,20101228,110532,20430,200
OTP,0,20101228,110537,5200,50
OTP,0,20101228,110604,5200,1623
OTP,0,20101228,110604,5200,901
MTELEKOM,0,20101228,110630,513,2320
OTP,0,20101228,110650,5200,476
MOL,0,20101228,110650,20420,17
OTP,0,20101228,110704,5200,465
ELMU,0,20101228,110735,27200,3630
RICHTER,0,20101228,110737,43090,18
MOL,0,20101228,110803,20450,1
MOL,0,20101228,110834,20440,131
RICHTER,0,20101228,110837,43095,2
OTP,0,20101228,110843,5200,15
EGIS,0,20101228,110850,20350,10
MTELEKOM,0,20101228,110949,513,1950
BUX1112,0,20101228,111020,22010,1
RFV,0,20101228,111026,8550,35
MTELEKOM,0,20101228,111028,513,27
BUX1112,0,20101228,111111,22014,5
BUX1112,0,20101228,111111,22015,5
BUX1112,0,20101228,111111,22016,10
BUX1112,0,20101228,111111,22020,3
OTP,0,20101228,111114,5195,590
FOTEX,0,20101228,111213,382,1212
FOTEX,0,20101228,111213,382,1375
FOTEX,0,20101228,111213,382,150
FOTEX,0,20101228,111213,382,263
SYNERGON,0,20101228,111224,477,5000
OTP,0,20101228,111237,5190,50
OTP,0,20101228,111237,5190,1000
OTP,0,20101228,111237,5185,7
OTP,0,20101228,111237,5185,293
PHYLAXIA,0,20101228,111248,44,2000
PHYLAXIA,0,20101228,111248,44,6250
BUX1112,0,20101228,111255,22020,76
EGIS,0,20101228,111304,20350,38
FHB,0,20101228,111304,973,299
MOL,0,20101228,111304,20420,8
MOL,0,20101228,111304,20400,161
MOL,0,20101228,111304,20385,89
MOL,0,20101228,111304,20365,60
MTELEKOM,0,20101228,111304,512,2419
MTELEKOM,0,20101228,111304,512,500
MTELEKOM,0,20101228,111304,512,1844
OTP,0,20101228,111304,5185,207
OTP,0,20101228,111304,5184,100
OTP,0,20101228,111304,5183,14
OTP,0,20101228,111304,5182,967
RICHTER,0,20101228,111304,43050,7
RICHTER,0,20101228,111304,43040,33
RICHTER,0,20101228,111304,43030,59
RICHTER,0,20101228,111337,43095,3
OTP,0,20101228,111348,5190,15
GENESIS,0,20101228,111438,181,158
GENESIS,0,20101228,111438,182,842
OTP,0,20101228,111438,5183,17
MTELEKOM,0,20101228,111449,512,80
MTELEKOM,0,20101228,111506,512,327
MOL,0,20101228,111510,20450,2
RABA,0,20101228,111518,806,400
RICHTER,0,20101228,111553,43050,8
RICHTER,0,20101228,111553,43050,2
OTP,0,20101228,111607,5183,3
OTP,0,20101228,111607,5182,33
OTP,0,20101228,111607,5182,1000
OTP,0,20101228,111607,5180,35
OTP,0,20101228,111607,5180,70
OTP,0,20101228,111609,5180,170
BUX1112,0,20101228,111635,22000,2
BUX1112,0,20101228,111648,22000,5
GENESIS,0,20101228,111648,182,158
MTELEKOM,0,20101228,111650,512,749
MTELEKOM,0,20101228,111650,512,1251
OTP,0,20101228,111714,5180,150
MTELEKOM,0,20101228,111732,512,1000
MTELEKOM,0,20101228,111754,512,200
MTELEKOM,0,20101228,111802,512,549
MTELEKOM,0,20101228,111802,512,95
MTELEKOM,0,20101228,111802,512,900
MTELEKOM,0,20101228,111802,512,4686
ECONET,0,20101228,111806,89,2955
ECONET,0,20101228,111806,89,560
OTP,0,20101228,111811,5177,57
SYNERGON,0,20101228,111816,476,100
OTP,0,20101228,111817,5179,10
RICHTER,0,20101228,111837,43095,2
OTP,0,20101228,111845,5180,539
OTP,0,20101228,111845,5180,50
OTP,0,20101228,111845,5180,51
OTP,0,20101228,111853,5190,16
MTELEKOM,0,20101228,111908,513,500
MOL,0,20101228,111908,20440,2
MOL,0,20101228,111908,20445,5
MOL,0,20101228,111908,20450,72
MOL,0,20101228,111908,20450,170
MOL,0,20101228,111908,20450,10
MOL,0,20101228,111908,20450,30
MOL,0,20101228,111908,20455,50
MOL,0,20101228,111908,20460,7
MOL,0,20101228,111908,20460,150
MOL,0,20101228,111920,20460,2
MTELEKOM,0,20101228,111924,513,1950
MOL,0,20101228,111933,20460,100
SYNERGON,0,20101228,112001,475,60
BUX1112,0,20101228,112015,22013,5
BUX1112,0,20101228,112015,22020,2
EBGOLD,0,20101228,112026,2955,21
FOTEX,0,20101228,112142,382,137
FOTEX,0,20101228,112142,381,154
OTP,0,20101228,112156,5190,17
MTELEKOM,0,20101228,112158,513,359
RICHTER,0,20101228,112221,43055,3
ZWACK,0,20101228,112239,13350,5
MOL,0,20101228,112240,20460,91
MOL,0,20101228,112244,20460,80
OTP,0,20101228,112251,5188,456
OTP,0,20101228,112251,5185,167
OTP,0,20101228,112251,5183,17
OTP,0,20101228,112251,5181,143
OTP,0,20101228,112251,5180,360
OTP,0,20101228,112251,5180,64
EGIS,0,20101228,112259,20350,216
EGIS,0,20101228,112259,20270,61
EGIS,0,20101228,112259,20225,28
EGIS,0,20101228,112259,20220,40
EGIS,0,20101228,112259,20205,10
EGIS,0,20101228,112259,20205,2
EGIS,0,20101228,112259,20200,100
MOL,0,20101228,112321,20460,216
MTELEKOM,0,20101228,112327,513,300
RICHTER,0,20101228,112337,43060,1
RICHTER,0,20101228,112344,43095,1
MTELEKOM,0,20101228,112348,513,10
SYNERGON,0,20101228,112355,475,100
OTP,0,20101228,112358,5190,15
EGIS,0,20101228,112416,20200,43
MOL,0,20101228,112500,20450,17
PANNERGY,0,20101228,112603,906,130
MTELEKOM,0,20101228,112618,512,32
OTP,0,20101228,112655,5181,20
MTELEKOM,0,20101228,112702,512,282
MTELEKOM,0,20101228,112702,512,200
MTELEKOM,0,20101228,112702,512,2518
OTP,0,20101228,112733,5190,18
RICHTER,0,20101228,112823,43050,7
RICHTER,0,20101228,112827,43050,19
MTELEKOM,0,20101228,112827,513,648
RICHTER,0,20101228,112837,43050,3
RICHTER,0,20101228,112839,43050,41
RICHTER,0,20101228,112846,43050,3
RICHTER,0,20101228,112846,43050,15
OTP,0,20101228,112858,5190,15
OTP,0,20101228,112900,5181,30
OTP,0,20101228,112900,5180,470
ECONET,0,20101228,112920,88,300
OTP,0,20101228,112928,5180,466
OTP,0,20101228,112928,5180,80
OTP,0,20101228,113109,5180,2
MOL,0,20101228,113132,20410,36
MOL,0,20101228,113132,20400,19
MOL,0,20101228,113132,20400,248
MOL,0,20101228,113132,20400,120
OTP,0,20101228,113215,5180,8
MOL,0,20101228,113233,20400,77
OTP,0,20101228,113252,5178,20
MTELEKOM,0,20101228,113305,513,230
MTELEKOM,0,20101228,113329,513,1950
RICHTER,0,20101228,113337,43085,1
RICHTER,0,20101228,113337,43085,1
KEG,0,20101228,113344,141,800
KEG,0,20101228,113344,141,1000
KEG,0,20101228,113344,141,1099
KEG,0,20101228,113344,141,1400
KEG,0,20101228,113344,141,45
OTP,0,20101228,113347,5180,20
OTP,0,20101228,113403,5180,15
MTELEKOM,0,20101228,113428,513,3891
MTELEKOM,0,20101228,113428,513,3000
MTELEKOM,0,20101228,113428,513,3109
OTP,0,20101228,113431,5180,24
OTP,0,20101228,113506,5180,10
KEG,0,20101228,113539,141,2000
OTP,0,20101228,113539,5180,50
OTP,0,20101228,113603,5178,10
ANY,0,20101228,113611,716,485
RABA,0,20101228,113653,805,37
RABA,0,20101228,113653,805,3061
MTELEKOM,0,20101228,113700,513,70
KEG,0,20101228,113713,142,1159
KEG,0,20101228,113713,142,2000
KEG,0,20101228,113713,142,10000
KEG,0,20101228,113713,142,30000
KEG,0,20101228,113713,142,1500
KEG,0,20101228,113713,142,1000
KEG,0,20101228,113713,142,8000
KEG,0,20101228,113713,142,5490
OTP,0,20101228,113730,5178,15
FOTEX,0,20101228,113731,382,2000
MOL,0,20101228,113749,20400,32
KEG,0,20101228,113753,142,10
KEG,0,20101228,113753,143,11
KEG,0,20101228,113753,143,3000
KEG,0,20101228,113753,143,1979
OTP,0,20101228,113758,5179,200
MTELEKOM,0,20101228,113807,513,1821
MTELEKOM,0,20101228,113807,513,125
MTELEKOM,0,20101228,113807,513,5000
MTELEKOM,0,20101228,113807,513,1554
MTELEKOM,0,20101228,113816,513,4446
MTELEKOM,0,20101228,113816,513,350
KEG,0,20101228,113819,143,21
KEG,0,20101228,113819,143,751
KEG,0,20101228,113819,143,292
KEG,0,20101228,113819,143,1000
KEG,0,20101228,113819,143,2936
KEG,0,20101228,113822,143,600
RICHTER,0,20101228,113837,43085,2
KEG,0,20101228,113856,142,10
KEG,0,20101228,113858,141,1240
KEG,0,20101228,113858,143,1444
KEG,0,20101228,113858,144,500
KEG,0,20101228,113858,144,2000
KEG,0,20101228,113858,144,216
OTP,0,20101228,113903,5180,15
FHB,0,20101228,114002,975,200
BUX1112,0,20101228,114039,22010,4
KEG,0,20101228,114143,144,200
MOL,0,20101228,114303,20440,1
PANNERGY,0,20101228,114312,906,30
KEG,0,20101228,114326,144,584
KEG,0,20101228,114326,144,201
RICHTER,0,20101228,114338,43080,3
OTP,0,20101228,114403,5180,15
OTP,0,20101228,114447,5180,20
PANNERGY,0,20101228,114459,905,47
PANNERGY,0,20101228,114459,905,153
MTELEKOM,0,20101228,114512,514,630
SYNERGON,0,20101228,114632,476,200
TVK,0,20101228,114635,3340,28
OTP,0,20101228,114652,5179,100
MOL,0,20101228,114722,20420,2741
OTP,0,20101228,114725,5178,5
OTP,0,20101228,114725,5177,100
OTP,0,20101228,114725,5176,295
GENESIS,0,20101228,114800,182,62
RICHTER,0,20101228,114837,43075,2
RICHTER,0,20101228,114850,43075,28
RICHTER,0,20101228,114850,43080,19
RICHTER,0,20101228,114850,43080,60
RICHTER,0,20101228,114850,43080,5
RICHTER,0,20101228,114850,43085,1
GENESIS,0,20101228,114853,181,438
OTP,0,20101228,114900,5179,41
OTP,0,20101228,114903,5179,15
OTP,0,20101228,114906,5176,100
PANNERGY,0,20101228,114908,905,187
MOL,0,20101228,115002,20400,100
OTP,0,20101228,115003,5179,44
OTP,0,20101228,115003,5179,55
BUX1112,0,20101228,115036,22010,1
DANUBIUS,0,20101228,115048,4310,199
KEG,0,20101228,115054,144,30
KEG,0,20101228,115058,142,300
KEG,0,20101228,115058,142,1500
KEG,0,20101228,115058,142,8
KEG,0,20101228,115058,141,1192
OTP,0,20101228,115109,5179,30
MOL,0,20101228,115124,20400,25
OTP,0,20101228,115129,5179,70
OTP,0,20101228,115129,5179,130
OTP,0,20101228,115135,5180,2
KEG,0,20101228,115156,144,577
KEG,0,20101228,115156,144,2000
KEG,0,20101228,115156,144,423
EMASZ,0,20101228,115159,21300,40
OTP,0,20101228,115226,5180,20
MTELEKOM,0,20101228,115238,514,2220
OTP,0,20101228,115238,5180,201
OTP,0,20101228,115238,5180,164
OTP,0,20101228,115239,5179,70
OTP,0,20101228,115239,5176,330
EMASZ,0,20101228,115240,21300,20
MTELEKOM,0,20101228,115245,514,3780
MTELEKOM,0,20101228,115245,514,2220
PANNERGY,0,20101228,115259,903,250
RICHTER,0,20101228,115305,43085,16
OTP,0,20101228,115317,5179,220
MTELEKOM,0,20101228,115321,513,545
DANUBIUS,0,20101228,115337,4310,300
RICHTER,0,20101228,115337,43090,2
OTP,0,20101228,115351,5179,220
MTELEKOM,0,20101228,115353,514,580
MTELEKOM,0,20101228,115356,514,2200
MTELEKOM,0,20101228,115356,514,100
MTELEKOM,0,20101228,115356,514,1610
ELMU,0,20101228,115357,27200,135
MOL,0,20101228,115414,20400,10
SYNERGON,0,20101228,115419,476,300
SYNERGON,0,20101228,115419,480,1
MTELEKOM,0,20101228,115440,514,390
MTELEKOM,0,20101228,115440,514,160
OTP,0,20101228,115503,5180,18
KEG,0,20101228,115514,144,1200
KEG,0,20101228,115531,143,1000
FREESOFT,0,20101228,115610,1995,250
OTP,0,20101228,115646,5177,96
DANUBIUS,0,20101228,115647,4310,300
OTP,0,20101228,115714,5176,25
OTP,0,20101228,115714,5176,100
OTP,0,20101228,115714,5175,119
RABA,0,20101228,115729,805,37
RABA,0,20101228,115729,805,171
MTELEKOM,0,20101228,115820,513,609
OTP,0,20101228,115832,5175,881
OTP,0,20101228,115832,5175,2
OTP,0,20101228,115832,5175,70
OTP,0,20101228,115832,5175,200
OTP,0,20101228,115832,5173,2
OTP,0,20101228,115832,5173,200
OTP,0,20101228,115832,5172,20
OTP,0,20101228,115832,5172,200
OTP,0,20101228,115832,5171,130
OTP,0,20101228,115832,5171,295
RICHTER,0,20101228,115835,43065,1
RICHTER,0,20101228,115837,43090,1
PANNERGY,0,20101228,115942,903,250
KEG,0,20101228,120055,144,79
KEG,0,20101228,120055,144,21
MTELEKOM,0,20101228,120055,514,4840
MTELEKOM,0,20101228,120055,514,3100
MTELEKOM,0,20101228,120055,514,1000
MTELEKOM,0,20101228,120102,514,5000
OTP,0,20101228,120131,5171,74
KEG,0,20101228,120211,142,631
KEG,0,20101228,120214,142,6169
KEG,0,20101228,120214,141,3808
KEG,0,20101228,120214,141,4000
KEG,0,20101228,120214,140,5000
KEG,0,20101228,120214,140,500
KEG,0,20101228,120214,139,400
KEG,0,20101228,120214,138,49
KEG,0,20101228,120214,138,74
KEG,0,20101228,120237,143,575
KEG,0,20101228,120237,144,1425
MTELEKOM,0,20101228,120353,514,11060
MTELEKOM,0,20101228,120353,514,940
PANNERGY,0,20101228,120415,903,2600
GENESIS,0,20101228,120431,181,62
GENESIS,0,20101228,120431,180,138
MTELEKOM,0,20101228,120439,514,60
MTELEKOM,0,20101228,120523,514,385
MTELEKOM,0,20101228,120523,514,5615
OTP,0,20101228,120548,5175,715
MTELEKOM,0,20101228,120552,514,385
MTELEKOM,0,20101228,120616,514,15
MTELEKOM,0,20101228,120617,514,985
MTELEKOM,0,20101228,120617,514,15
MTELEKOM,0,20101228,120617,514,1985
RABA,0,20101228,120633,804,500
RABA,0,20101228,120633,803,92
ECONET,0,20101228,120633,89,1000
PANNERGY,0,20101228,120646,903,1000
OTP,0,20101228,120649,5172,45
MTELEKOM,0,20101228,120652,514,15
MTELEKOM,0,20101228,120652,514,191985
MTELEKOM,0,20101228,120654,514,15
OTP,0,20101228,120712,5172,255
OTP,0,20101228,120712,5172,430
OTP,0,20101228,120712,5172,100
OTP,0,20101228,120712,5171,731
OTP,0,20101228,120712,5171,50
OTP,0,20101228,120712,5171,100
OTP,0,20101228,120712,5171,15
OTP,0,20101228,120712,5171,108
OTP,0,20101228,120712,5171,65
OTP,0,20101228,120712,5170,20
OTP,0,20101228,120712,5170,75
OTP,0,20101228,120712,5170,1000
OTP,0,20101228,120712,5170,51
OTP,0,20101228,120717,5170,161
OTP,0,20101228,120717,5170,48
OTP,0,20101228,120717,5170,5
OTP,0,20101228,120717,5170,50
OTP,0,20101228,120717,5170,20
BUX1112,0,20101228,120730,22010,10
OTP,0,20101228,120733,5170,1000
BUX1112,0,20101228,120751,22010,60
OTP,0,20101228,120759,5170,430
OTP,0,20101228,120800,5170,570
BUX1112,0,20101228,120806,22010,1
OTP,0,20101228,120806,5168,200
BUX1112,0,20101228,120809,22010,10
EGIS,0,20101228,120809,20225,38
FHB,0,20101228,120809,974,50
FHB,0,20101228,120809,973,201
FHB,0,20101228,120809,973,48
MOL,0,20101228,120810,20400,33
MOL,0,20101228,120810,20400,241
MOL,0,20101228,120810,20400,44
MTELEKOM,0,20101228,120810,513,4050
MTELEKOM,0,20101228,120810,513,713
OTP,0,20101228,120810,5166,100
OTP,0,20101228,120810,5164,300
OTP,0,20101228,120810,5162,80
OTP,0,20101228,120810,5162,5
OTP,0,20101228,120810,5161,50
OTP,0,20101228,120810,5161,5
OTP,0,20101228,120810,5161,748
OTP,0,20101228,120810,5161,252
OTP,0,20101228,120810,5161,748
RICHTER,0,20101228,120810,43065,20
RICHTER,0,20101228,120810,43055,45
RICHTER,0,20101228,120810,43050,29
RICHTER,0,20101228,120810,43050,5
OTP,0,20101228,120815,5170,252
BUX1112,0,20101228,120823,22010,2
OTP,0,20101228,120949,5170,50
FOTEX,0,20101228,120950,381,291
MTELEKOM,0,20101228,121003,513,389
BUX1112,0,20101228,121006,22010,5
BUX1112,0,20101228,121032,21980,1
BUX1112,0,20101228,121032,21975,1
BUX1112,0,20101228,121032,21975,4
BUX1112,0,20101228,121032,21960.5,1
BUX1112,0,20101228,121032,21960,8
OTP,0,20101228,121040,5170,128
MTELEKOM,0,20101228,121100,514,150
MTELEKOM,0,20101228,121100,515,1
MTELEKOM,0,20101228,121103,514,11064
MTELEKOM,0,20101228,121108,514,1480
OTP,0,20101228,121127,5171,52
FHB,0,20101228,121400,975,697
OTP,0,20101228,121440,5171,20
OTP,0,20101228,121440,5171,500
OTP,0,20101228,121440,5170,72
OTP,0,20101228,121440,5170,340
MOL,0,20101228,121505,20400,10
OTP,0,20101228,121516,5170,35
MOL,0,20101228,121613,20400,40
FHB,0,20101228,121619,973,52
FHB,0,20101228,121619,972,48
RABA,0,20101228,121633,805,370
ECONET,0,20101228,121657,88,694
MOL,0,20101228,121709,20400,40
OTP,0,20101228,121749,5170,533
OTP,0,20101228,121751,5170,122
MOL,0,20101228,121854,20400,16
MOL,0,20101228,121854,20400,61
MOL,0,20101228,121931,20400,100
OTP,0,20101228,121946,5178,10
RABA,0,20101228,121949,805,2500
OTP,0,20101228,122017,5178,10
OTP,0,20101228,122019,5175,500
MTELEKOM,0,20101228,122057,513,400
ECONET,0,20101228,122124,88,2300
OTP,0,20101228,122124,5170,100
RICHTER,0,20101228,122201,43050,2
RICHTER,0,20101228,122201,43050,2
RICHTER,0,20101228,122201,43040,1
MTELEKOM,0,20101228,122215,514,400
MOL,0,20101228,122303,20440,1
EGIS,0,20101228,122525,20225,1
EGIS,0,20101228,122525,20220,15
EGIS,0,20101228,122525,20210,50
EGIS,0,20101228,122525,20210,34
ORC,0,20101228,122536,1955,72
ORC,0,20101228,122536,1955,99
ORC,0,20101228,122536,1950,135
ORC,0,20101228,122536,1950,10
ORC,0,20101228,122536,1950,98
OTP,0,20101228,122554,5170,245
OTP,0,20101228,122554,5170,100
OTP,0,20101228,122601,5167,20
OTP,0,20101228,122601,5165,500
OTP,0,20101228,122601,5163,70
OTP,0,20101228,122601,5161,50
OTP,0,20101228,122601,5161,20
OTP,0,20101228,122601,5161,20
OTP,0,20101228,122610,5161,40
OTP,0,20101228,122614,5170,509
OTP,0,20101228,122620,5170,451
OTP,0,20101228,122623,5170,549
OTP,0,20101228,122628,5170,451
OTP,0,20101228,122638,5170,1000
OTP,0,20101228,122639,5170,49
OTP,0,20101228,122644,5170,951
RABA,0,20101228,122701,804,850
RABA,0,20101228,122701,803,258
RABA,0,20101228,122701,803,250
RABA,0,20101228,122701,802,30
RABA,0,20101228,122701,802,100
RABA,0,20101228,122701,801,150
RABA,0,20101228,122701,801,200
RABA,0,20101228,122701,801,300
RABA,0,20101228,122701,801,500
RABA,0,20101228,122701,801,150
RABA,0,20101228,122701,800,200
RABA,0,20101228,122701,800,1000
RABA,0,20101228,122701,800,1362
SYNERGON,0,20101228,122801,475,815
SYNERGON,0,20101228,122801,475,140
SYNERGON,0,20101228,122801,474,1000
SYNERGON,0,20101228,122801,472,220
SYNERGON,0,20101228,122801,472,200
SYNERGON,0,20101228,122801,472,25
ECONET,0,20101228,122829,88,1700
MTELEKOM,0,20101228,122853,514,2000
FOTEX,0,20101228,122902,381,555
FOTEX,0,20101228,122902,381,1000
FOTEX,0,20101228,122902,381,1000
FOTEX,0,20101228,122902,380,300
FOTEX,0,20101228,122902,380,100
FOTEX,0,20101228,122902,380,199
FOTEX,0,20101228,122902,380,800
FOTEX,0,20101228,122902,380,609
FOTEX,0,20101228,122902,380,7
OTP,0,20101228,122905,5178,40
RABA,0,20101228,122944,802,1500
MOL,0,20101228,123122,20400,39
MOL,0,20101228,123122,20400,11
KEG,0,20101228,123140,142,100
KEG,0,20101228,123140,143,900
GENESIS,0,20101228,123142,181,120
MTELEKOM,0,20101228,123158,514,600
MTELEKOM,0,20101228,123158,514,200
KEG,0,20101228,123227,143,40
ELMU,0,20101228,123244,27040,28
MOL,0,20101228,123343,20400,89
RICHTER,0,20101228,123424,43090,12
MOL,0,20101228,123426,20400,111
OTP,0,20101228,123428,5178,20
MOL,0,20101228,123444,20430,7
MOL,0,20101228,123444,20435,900
MOL,0,20101228,123444,20440,540
MOL,0,20101228,123444,20445,9
MOL,0,20101228,123444,20450,44
RABA,0,20101228,123543,803,1000
OTP,0,20101228,123558,5178,20
MOL,0,20101228,123655,20400,6
MOL,0,20101228,123707,20400,80
OTP,0,20101228,123756,5178,39
RABA,0,20101228,124023,802,500
RABA,0,20101228,124051,802,500
MOL,0,20101228,124121,20450,6
SYNERGON,0,20101228,124210,472,320
HUMET,0,20101228,124224,9,5090
HUMET,0,20101228,124224,9,5910
OTP,0,20101228,124237,5175,70
HUMET,0,20101228,124312,8,7848
HUMET,0,20101228,124329,9,1000
ZWACK,0,20101228,124352,13300,24
ZWACK,0,20101228,124352,13300,9
OTP,0,20101228,124442,5170,18
HUMET,0,20101228,124445,9,6290
HUMET,0,20101228,124445,9,13710
HUMET,0,20101228,124604,9,2000
GENESIS,0,20101228,124948,181,65
OTP,0,20101228,124955,5170,250
EGIS,0,20101228,125006,20350,2
EGIS,0,20101228,125006,20350,5
EGIS,0,20101228,125006,20350,25
EGIS,0,20101228,125006,20350,25
KEG,0,20101228,125013,141,1075
OTP,0,20101228,125049,5173,800
FHB,0,20101228,125050,975,15
FHB,0,20101228,125050,975,313
MTELEKOM,0,20101228,125118,514,210
HUMET,0,20101228,125148,9,14290
HUMET,0,20101228,125148,9,710
OTP,0,20101228,125154,5170,36
MTELEKOM,0,20101228,125219,514,500
OTP,0,20101228,125349,5170,70
OTP,0,20101228,125403,5170,626
OTP,0,20101228,125403,5163,38
OTP,0,20101228,125403,5162,76
MOL,0,20101228,125605,20400,114
MOL,0,20101228,125605,20400,10
MOL,0,20101228,125605,20400,210
MOL,0,20101228,125607,20385,210
MOL,0,20101228,125610,20380,10
MOL,0,20101228,125612,20375,1
FHB,0,20101228,125619,973,209
MOL,0,20101228,125714,20375,80
OTP,0,20101228,125716,5171,70
OTP,0,20101228,125716,5170,1000
OTP,0,20101228,125716,5162,84
OTP,0,20101228,125716,5162,150
OTP,0,20101228,125716,5162,20
OTP,0,20101228,125716,5161,200
OTP,0,20101228,125716,5161,1000
OTP,0,20101228,125716,5160,13
OTP,0,20101228,125716,5160,500
OTP,0,20101228,125716,5160,399
FOTEX,0,20101228,125718,382,102
MOL,0,20101228,125803,20405,1
GSPARK,0,20101228,125811,780,32
EGIS,0,20101228,125841,20350,35
OTP,0,20101228,125907,5170,800
OTP,0,20101228,125907,5170,200
OTP,0,20101228,125907,5170,800
OTP,0,20101228,125907,5170,200
OTP,0,20101228,125908,5167,20
OTP,0,20101228,125911,5175,56
OTP,0,20101228,125911,5175,24
OTP,0,20101228,125911,5179,320
PANNERGY,0,20101228,125925,904,5
RABA,0,20101228,125953,804,356
KEG,0,20101228,125959,141,20
PHYLAXIA,0,20101228,130016,44,6000
ECONET,0,20101228,130035,88,600
MOL,0,20101228,130043,20385,40
RABA,0,20101228,130202,804,336
MOL,0,20101228,130203,20405,4
PHYLAXIA,0,20101228,130256,45,572
PHYLAXIA,0,20101228,130256,45,3000
PHYLAXIA,0,20101228,130256,45,10000
PHYLAXIA,0,20101228,130256,45,25
PHYLAXIA,0,20101228,130256,45,1606
PHYLAXIA,0,20101228,130256,45,2000
PHYLAXIA,0,20101228,130256,45,600
PHYLAXIA,0,20101228,130256,45,3000
PHYLAXIA,0,20101228,130256,45,1400
PHYLAXIA,0,20101228,130256,45,3750
PHYLAXIA,0,20101228,130256,45,5000
PHYLAXIA,0,20101228,130256,45,18000
PHYLAXIA,0,20101228,130256,45,2250
PHYLAXIA,0,20101228,130256,45,2250
PHYLAXIA,0,20101228,130256,45,2000
PHYLAXIA,0,20101228,130256,45,10000
PHYLAXIA,0,20101228,130256,45,1894
PHYLAXIA,0,20101228,130341,45,946
SYNERGON,0,20101228,130403,476,95
BUX1112,0,20101228,130414,21980,38
PHYLAXIA,0,20101228,130450,45,15000
ANY,0,20101228,130452,720,525
MTELEKOM,0,20101228,130529,514,160
MTELEKOM,0,20101228,130537,514,100
OTP,0,20101228,130720,5171,100
PHYLAXIA,0,20101228,130741,45,1100
OTP,0,20101228,130830,5179,8
RABA,0,20101228,130948,804,900
RABA,0,20101228,130948,803,100
MTELEKOM,0,20101228,131004,514,1630
MTELEKOM,0,20101228,131004,514,2000
MTELEKOM,0,20101228,131004,514,3000
MTELEKOM,0,20101228,131004,514,3370
GSPARK,0,20101228,131043,777,53
GSPARK,0,20101228,131043,776,84
OTP,0,20101228,131053,5179,2
OTP,0,20101228,131122,5179,813
OTP,0,20101228,131122,5180,187
OTP,0,20101228,131125,5180,523
OTP,0,20101228,131125,5180,370
OTP,0,20101228,131125,5180,107
RFV,0,20101228,131327,8539,1400
OTP,0,20101228,131405,5180,18
OTP,0,20101228,131405,5180,20
MTELEKOM,0,20101228,131419,514,1630
MTELEKOM,0,20101228,131419,514,70
MTELEKOM,0,20101228,131419,514,360
MTELEKOM,0,20101228,131419,514,200
MTELEKOM,0,20101228,131419,514,7740
RICHTER,0,20101228,131432,43040,15
MTELEKOM,0,20101228,131503,514,1000
KEG,0,20101228,131531,142,2000
OTP,0,20101228,131554,5181,1
OTP,0,20101228,131554,5180,784
OTP,0,20101228,131651,5185,661
OTP,0,20101228,131651,5190,124
OTP,0,20101228,131716,5189,1
EGIS,0,20101228,131931,20230,15
FHB,0,20101228,131947,972,120
PHYLAXIA,0,20101228,132000,45,2000
BUX1112,0,20101228,132107,21999.5,1
BUX1112,0,20101228,132107,22000,1
BOOK,0,20101228,132220,480,300
BOOK,0,20101228,132220,490,10
GSPARK,0,20101228,132224,778,3061
PANNERGY,0,20101228,132257,904,45
EMASZ,0,20101228,132259,21200,35
FOTEX,0,20101228,132325,384,500
FOTEX,0,20101228,132325,385,12
FOTEX,0,20101228,132325,385,750
FOTEX,0,20101228,132325,385,238
PANNERGY,0,20101228,132334,904,454
RICHTER,0,20101228,132408,43040,12
MTELEKOM,0,20101228,132452,514,1000
OTP,0,20101228,132454,5180,178
OTP,0,20101228,132454,5180,500
OTP,0,20101228,132454,5180,322
ORC,0,20101228,132605,1990,10
OTP,0,20101228,132631,5188,100
OTP,0,20101228,132631,5189,889
OTP,0,20101228,132631,5190,11
MTELEKOM,0,20101228,132646,513,2800
PANNERGY,0,20101228,132658,904,397
EBGOLD,0,20101228,132739,2956,30
OTP,0,20101228,132757,5185,178
OTP,0,20101228,132757,5180,1000
OTP,0,20101228,132757,5172,2000
OTP,0,20101228,132757,5172,23
OTP,0,20101228,132757,5171,900
OTP,0,20101228,132757,5170,879
BUX1112,0,20101228,132800,22000,2
MTELEKOM,0,20101228,132815,514,260
MTELEKOM,0,20101228,132815,514,2540
OTP,0,20101228,132844,5180,121
OTP,0,20101228,132857,5180,289
OTP,0,20101228,132857,5180,500
OTP,0,20101228,132858,5180,211
OTP,0,20101228,132858,5175,389
OTP,0,20101228,132905,5180,1000
OTP,0,20101228,132915,5180,1000
OTP,0,20101228,132920,5189,1000
OTP,0,20101228,132920,5190,44
OTP,0,20101228,132920,5190,1000
OTP,0,20101228,132920,5190,200
OTP,0,20101228,132920,5193,5
OTP,0,20101228,132920,5195,115
OTP,0,20101228,132920,5195,400
OTP,0,20101228,132920,5195,20
OTP,0,20101228,132920,5196,38
OTP,0,20101228,132920,5198,1418
OTP,0,20101228,132920,5198,50
OTP,0,20101228,132920,5198,600
OTP,0,20101228,132920,5199,90
OTP,0,20101228,133021,5181,2
OTP,0,20101228,133125,5181,198
OTP,0,20101228,133125,5181,500
OTP,0,20101228,133125,5180,202
KEG,0,20101228,133149,142,500
KEG,0,20101228,133150,142,1000
MOL,0,20101228,133303,20440,1
EGIS,0,20101228,133346,20360,50
MTELEKOM,0,20101228,133351,514,974
MOL,0,20101228,133411,20430,31
FHB,0,20101228,133438,975,410
OTP,0,20101228,133501,5185,1000
OTP,0,20101228,133501,5180,798
OTP,0,20101228,133501,5175,211
OTP,0,20101228,133501,5173,200
OTP,0,20101228,133501,5172,1000
OTP,0,20101228,133501,5171,1000
OTP,0,20101228,133501,5171,10
OTP,0,20101228,133501,5170,1051
PHYLAXIA,0,20101228,133531,45,6980
MTELEKOM,0,20101228,133803,513,20
PHYLAXIA,0,20101228,133807,45,3000
RICHTER,0,20101228,133828,43050,2
RICHTER,0,20101228,133828,43050,10
MOL,0,20101228,133840,20430,9
MOL,0,20101228,133840,20440,20
MOL,0,20101228,133840,20440,21
OTP,0,20101228,133856,5196,20
OTP,0,20101228,133856,5197,180
PANNERGY,0,20101228,133913,908,49
PANNERGY,0,20101228,133913,908,250
PANNERGY,0,20101228,133913,909,201
TVK,0,20101228,133917,3340,30
KEG,0,20101228,133927,143,60
KEG,0,20101228,133927,143,110
KEG,0,20101228,133927,143,3320
FOTEX,0,20101228,134014,382,1500
OTP,0,20101228,134128,5180,8000
EGIS,0,20101228,134134,20365,10
EGIS,0,20101228,134134,20375,12
OTP,0,20101228,134147,5175,621
MTELEKOM,0,20101228,134200,513,2219
RICHTER,0,20101228,134228,43050,1
MTELEKOM,0,20101228,134236,513,2000
KEG,0,20101228,134302,142,900
FHB,0,20101228,134306,973,300
OTP,0,20101228,134356,5180,109
MTELEKOM,0,20101228,134422,514,1000
OTP,0,20101228,134440,5180,57
OTP,0,20101228,134441,5175,2
MTELEKOM,0,20101228,134500,514,2086
MTELEKOM,0,20101228,134500,514,8000
MTELEKOM,0,20101228,134500,514,650
MTELEKOM,0,20101228,134500,514,710
MTELEKOM,0,20101228,134500,514,28554
MTELEKOM,0,20101228,134508,513,300
KEG,0,20101228,134519,141,100
OTP,0,20101228,134544,5175,377
OTP,0,20101228,134544,5175,23
MTELEKOM,0,20101228,134600,513,283
RABA,0,20101228,134602,806,100
RABA,0,20101228,134602,806,150
RABA,0,20101228,134602,807,120
RABA,0,20101228,134602,807,300
RABA,0,20101228,134602,807,50
BUX1112,0,20101228,134609,22000,1
OTP,0,20101228,134634,5175,780
RICHTER,0,20101228,134650,43080,12
OTP,0,20101228,134719,5177,1000
OTP,0,20101228,134850,5180,43
MOL,0,20101228,134938,20405,1
FHB,0,20101228,134941,974,200
OTP,0,20101228,135111,5180,40
ELMU,0,20101228,135121,27205,45
ELMU,0,20101228,135121,27200,3585
EGIS,0,20101228,135204,20375,1
EGIS,0,20101228,135204,20390,5
EGIS,0,20101228,135204,20390,11
EGIS,0,20101228,135204,20395,30
EGIS,0,20101228,135204,20395,25
EGIS,0,20101228,135204,20400,9
EGIS,0,20101228,135204,20400,10
EGIS,0,20101228,135204,20400,21
EGIS,0,20101228,135204,20400,45
EGIS,0,20101228,135204,20400,5
EGIS,0,20101228,135204,20400,148
OTP,0,20101228,135306,5175,197
OTP,0,20101228,135306,5175,103
MTELEKOM,0,20101228,135416,513,876
MTELEKOM,0,20101228,135416,513,289
KEG,0,20101228,135440,142,4000
OTP,0,20101228,135503,5176,23
OTP,0,20101228,135647,5175,897
MOL,0,20101228,135650,20405,200
OTP,0,20101228,135719,5175,103
OTP,0,20101228,135927,5175,200
BUX1112,0,20101228,140028,22000,7
OTP,0,20101228,140149,5175,110
GENESIS,0,20101228,140214,181,94
GENESIS,0,20101228,140214,181,26
OTP,0,20101228,140222,5179,1133
OTP,0,20101228,140319,5175,500
RABA,0,20101228,140546,808,210
RICHTER,0,20101228,140839,43050,50
MTELEKOM,0,20101228,140846,513,30
RICHTER,0,20101228,140853,43050,5
KEG,0,20101228,141128,142,16
KEG,0,20101228,141128,142,1984
OTP,0,20101228,141132,5175,87
OTP,0,20101228,141132,5175,413
OTP,0,20101228,141140,5176,335
MOL,0,20101228,141303,20435,1
RICHTER,0,20101228,141443,43060,9
ZWACK,0,20101228,141619,13300,3
HUMET,0,20101228,141730,9,9290
HUMET,0,20101228,141730,9,8618
OTP,0,20101228,141745,5175,10
MOL,0,20101228,141840,20405,1
MTELEKOM,0,20101228,141848,513,240
MTELEKOM,0,20101228,141949,513,80
OTP,0,20101228,142021,5175,35
BUX1112,0,20101228,142037,21985,5
RICHTER,0,20101228,142203,43080,12
MOL,0,20101228,142209,20435,9
MOL,0,20101228,142209,20440,27
MOL,0,20101228,142338,20440,392
MOL,0,20101228,142338,20440,83
RABA,0,20101228,142402,807,20
RABA,0,20101228,142402,806,270
MOL,0,20101228,142402,20405,20
MOL,0,20101228,142412,20440,250
MOL,0,20101228,142412,20450,25
MOL,0,20101228,142412,20450,10
MOL,0,20101228,142412,20450,215
RABA,0,20101228,142413,806,500
ECONET,0,20101228,142632,89,2985
ECONET,0,20101228,142632,89,8000
ECONET,0,20101228,142632,89,2081
MOL,0,20101228,142655,20405,28
MOL,0,20101228,142655,20405,2
BUX1112,0,20101228,142700,21980,7
FHB,0,20101228,142740,973,230
GENESIS,0,20101228,142759,181,963
GENESIS,0,20101228,142906,181,11
ECONET,0,20101228,142937,89,4000
RICHTER,0,20101228,142940,43080,1
OTP,0,20101228,143004,5175,310
MTELEKOM,0,20101228,143037,513,1000
MOL,0,20101228,143049,20405,233
RICHTER,0,20101228,143105,43095,15
RICHTER,0,20101228,143105,43100,6
RICHTER,0,20101228,143105,43100,100
RICHTER,0,20101228,143105,43100,20
RICHTER,0,20101228,143105,43100,50
RICHTER,0,20101228,143105,43100,5
RICHTER,0,20101228,143131,43100,8
RICHTER,0,20101228,143149,43125,10
RICHTER,0,20101228,143149,43140,9
OTP,0,20101228,143225,5176,180
PANNERGY,0,20101228,143226,909,30
OTP,0,20101228,143234,5176,7000
RICHTER,0,20101228,143349,43100,1
EMASZ,0,20101228,143355,21200,2
FOTEX,0,20101228,143407,382,28
FOTEX,0,20101228,143407,382,100
FOTEX,0,20101228,143407,381,265
FOTEX,0,20101228,143407,381,19
OTP,0,20101228,143651,5176,1000
OTP,0,20101228,143829,5175,232
OTP,0,20101228,143829,5175,68
PHYLAXIA,0,20101228,143906,45,20000
OTP,0,20101228,144036,5175,209
OTP,0,20101228,144052,5175,24
SYNERGON,0,20101228,144111,473,425
SYNERGON,0,20101228,144111,472,175
HUMET,0,20101228,144113,9,14690
RABA,0,20101228,144146,806,20
OTP,0,20101228,144232,5175,699
OTP,0,20101228,144233,5175,1
OTP,0,20101228,144240,5176,500
FOTEX,0,20101228,144246,381,216
FOTEX,0,20101228,144246,380,134
OTP,0,20101228,144248,5176,150
MOL,0,20101228,144258,20405,15
MOL,0,20101228,144258,20405,5
RFV,0,20101228,144344,8540,5
OTP,0,20101228,144410,5177,500
ELMU,0,20101228,144510,27485,5
ELMU,0,20101228,144510,27485,40
MOL,0,20101228,144522,20440,150
MOL,0,20101228,144522,20445,10
MOL,0,20101228,144522,20450,35
MOL,0,20101228,144522,20450,6
MOL,0,20101228,144522,20450,10
MOL,0,20101228,144522,20450,289
OTP,0,20101228,144551,5176,200
MOL,0,20101228,144757,20405,5
MOL,0,20101228,144803,20450,1
PHYLAXIA,0,20101228,144952,45,562
PHYLAXIA,0,20101228,145025,45,400
OTP,0,20101228,145035,5177,642
OTP,0,20101228,145047,5178,265
RABA,0,20101228,145127,803,180
RABA,0,20101228,145209,804,800
RICHTER,0,20101228,145241,43140,2
GENESIS,0,20101228,145251,180,4860
OTP,0,20101228,145300,5177,2000
OTP,0,20101228,145313,5178,38
GENESIS,0,20101228,145419,180,2
GENESIS,0,20101228,145419,179,1100
GENESIS,0,20101228,145419,179,900
GENESIS,0,20101228,145530,179,5
GENESIS,0,20101228,145530,181,25
OTP,0,20101228,145602,5176,20
FHB,0,20101228,145744,972,832
FHB,0,20101228,145744,972,668
FOTEX,0,20101228,145842,381,15
FOTEX,0,20101228,145842,380,250
FOTEX,0,20101228,145842,380,209
FOTEX,0,20101228,145842,380,107
FOTEX,0,20101228,145842,380,200
FOTEX,0,20101228,145842,380,719
OTP,0,20101228,145900,5176,130
OTP,0,20101228,145900,5175,20
OTP,0,20101228,145900,5175,70
OTP,0,20101228,145908,5175,880
OTP,0,20101228,145915,5175,120
OTP,0,20101228,145921,5172,100
OTP,0,20101228,145921,5172,38
OTP,0,20101228,145921,5172,112
OTP,0,20101228,145921,5172,68
OTP,0,20101228,145921,5171,232
BUX1112,0,20101228,145933,21975.5,1
BUX1112,0,20101228,145933,21975,4
OTP,0,20101228,145938,5175,1000
MTELEKOM,0,20101228,145959,514,500
BUX1112,0,20101228,150111,21999.5,5
BUX1112,0,20101228,150111,22000,3
BUX1112,0,20101228,150111,22009,7
BUX1112,0,20101228,150111,22010,6
BUX1112,0,20101228,150111,22014,1
BUX1112,0,20101228,150111,22018,5
BUX1112,0,20101228,150111,22020,1
BUX1112,0,20101228,150111,22020,9
PANNUNION,0,20101228,150335,139,150
PANNUNION,0,20101228,150335,140,350
PANNUNION,0,20101228,150335,143,336
EBGOLD,0,20101228,150340,2980,5
OTP,0,20101228,150413,5177,100
EGIS,0,20101228,150428,20390,10
EGIS,0,20101228,150428,20395,2
EGIS,0,20101228,150428,20400,28
RFV,0,20101228,150454,8520,70
ECONET,0,20101228,150500,88,1500
MTELEKOM,0,20101228,150508,513,1700
HUMET,0,20101228,150511,9,2865
HUMET,0,20101228,150511,9,1120
HUMET,0,20101228,150546,9,5000
BUX1112,0,20101228,150548,22020,1
BUX1112,0,20101228,150554,22020,13
RFV,0,20101228,150558,8520,70
BUX1112,0,20101228,150603,22020,1
DANUBIUS,0,20101228,150623,4400,4
EGIS,0,20101228,150626,20255,35
EGIS,0,20101228,150626,20250,3
FHB,0,20101228,150626,972,299
MOL,0,20101228,150626,20410,318
MTELEKOM,0,20101228,150626,513,4763
OTP,0,20101228,150626,5175,1000
OTP,0,20101228,150626,5171,288
RICHTER,0,20101228,150627,43100,45
RICHTER,0,20101228,150627,43065,12
RICHTER,0,20101228,150627,43060,6
RICHTER,0,20101228,150627,43060,30
RICHTER,0,20101228,150627,43055,6
BUX1112,0,20101228,150630,22020,2
BUX1112,0,20101228,150639,22020,1
OTP,0,20101228,150640,5175,500
BUX1112,0,20101228,150645,22020,15
RFV,0,20101228,150646,8520,50
OTP,0,20101228,150702,5176,20
OTP,0,20101228,150702,5176,830
BUX1112,0,20101228,150729,22020,1
FOTEX,0,20101228,150738,380,31
FOTEX,0,20101228,150738,379,159
FOTEX,0,20101228,150738,379,101
MOL,0,20101228,150800,20420,130
OTP,0,20101228,150827,5176,20
OTP,0,20101228,150839,5176,1000
OTP,0,20101228,150840,5176,1000
OTP,0,20101228,151026,5176,2580
OTP,0,20101228,151035,5175,360
OTP,0,20101228,151037,5177,400
OTP,0,20101228,151037,5178,100
OTP,0,20101228,151055,5176,2500
EMASZ,0,20101228,151056,21450,3
EMASZ,0,20101228,151056,21480,3
EMASZ,0,20101228,151056,21485,5
EMASZ,0,20101228,151056,21500,20
OTP,0,20101228,151120,5178,14
ANY,0,20101228,151200,717,1000
EGIS,0,20101228,151250,20395,5
OTP,0,20101228,151317,5176,500
MTELEKOM,0,20101228,151318,514,10946
MTELEKOM,0,20101228,151318,514,3070
MTELEKOM,0,20101228,151318,514,3000
MTELEKOM,0,20101228,151318,514,100
MTELEKOM,0,20101228,151318,514,200
MTELEKOM,0,20101228,151318,514,7085
MTELEKOM,0,20101228,151318,514,4226
MTELEKOM,0,20101228,151318,514,40
MTELEKOM,0,20101228,151318,514,11333
OTP,0,20101228,151327,5175,70
MTELEKOM,0,20101228,151336,514,3000
PANNERGY,0,20101228,151337,905,89
PANNERGY,0,20101228,151337,905,161
OTP,0,20101228,151423,5178,83
OTP,0,20101228,151423,5178,50
OTP,0,20101228,151423,5178,250
OTP,0,20101228,151423,5178,250
OTP,0,20101228,151423,5179,250
OTP,0,20101228,151423,5180,11
OTP,0,20101228,151423,5180,40
OTP,0,20101228,151423,5180,1000
OTP,0,20101228,151423,5180,66
RABA,0,20101228,151447,803,400
BUX1112,0,20101228,151449,22020,8
OTP,0,20101228,151520,5180,70
OTP,0,20101228,151526,5180,64
OTP,0,20101228,151526,5190,23
OTP,0,20101228,151526,5195,26
OTP,0,20101228,151526,5195,100
OTP,0,20101228,151526,5198,287
PHYLAXIA,0,20101228,151529,45,82
OTP,0,20101228,151529,5198,13
OTP,0,20101228,151529,5199,275
OTP,0,20101228,151529,5200,212
OTP,0,20101228,151557,5200,50
FHB,0,20101228,151610,972,1033
FHB,0,20101228,151610,972,1427
ECONET,0,20101228,151617,88,2000
MOL,0,20101228,151629,20450,50
MOL,0,20101228,151629,20450,50
MOL,0,20101228,151629,20450,40
DANUBIUS,0,20101228,151631,4400,16
DANUBIUS,0,20101228,151631,4415,20
DANUBIUS,0,20101228,151631,4420,10
DANUBIUS,0,20101228,151631,4425,30
DANUBIUS,0,20101228,151631,4430,300
DANUBIUS,0,20101228,151631,4435,1500
DANUBIUS,0,20101228,151631,4445,20
DANUBIUS,0,20101228,151631,4470,20
DANUBIUS,0,20101228,151631,4470,25
DANUBIUS,0,20101228,151631,4470,24
DANUBIUS,0,20101228,151631,4475,244
DANUBIUS,0,20101228,151631,4480,291
MOL,0,20101228,151649,20450,350
MOL,0,20101228,151649,20450,188
RFV,0,20101228,151655,8530,17
RFV,0,20101228,151655,8520,10
MTELEKOM,0,20101228,151715,514,100
OTP,0,20101228,151731,5199,14
MTELEKOM,0,20101228,151745,514,1000
OTP,0,20101228,151853,5180,8
PANNERGY,0,20101228,151854,903,900
DANUBIUS,0,20101228,151935,4400,128
OTP,0,20101228,151941,5190,91
HUMET,0,20101228,151956,9,3000
PANNERGY,0,20101228,152001,900,100
PANNERGY,0,20101228,152001,900,260
PANNERGY,0,20101228,152001,900,200
PANNERGY,0,20101228,152001,900,58
OTP,0,20101228,152009,5180,11
ECONET,0,20101228,152044,88,906
ECONET,0,20101228,152044,88,9094
OTP,0,20101228,152053,5180,150
HUMET,0,20101228,152102,9,5500
PHYLAXIA,0,20101228,152102,45,1956
PHYLAXIA,0,20101228,152102,45,44
MOL,0,20101228,152117,20410,71
FHB,0,20101228,152129,972,484
ANY,0,20101228,152151,719,50
ANY,0,20101228,152151,720,500
ANY,0,20101228,152151,720,10
MOL,0,20101228,152303,20460,1
OTP,0,20101228,152319,5194,1
RABA,0,20101228,152342,805,40
PANNERGY,0,20101228,152353,899,110
OTP,0,20101228,152358,5180,31
OTP,0,20101228,152358,5177,269
PANNERGY,0,20101228,152421,898,8
MTELEKOM,0,20101228,152436,514,4567
MTELEKOM,0,20101228,152436,514,3433
MTELEKOM,0,20101228,152443,514,567
MTELEKOM,0,20101228,152443,514,433
OTP,0,20101228,152456,5194,85
MOL,0,20101228,152506,20450,200
OTP,0,20101228,152509,5194,319
KEG,0,20101228,152606,141,6880
KEG,0,20101228,152606,140,120
OTP,0,20101228,152630,5180,10
RICHTER,0,20101228,152636,43140,1
KEG,0,20101228,152642,141,1000
BUX1112,0,20101228,152705,22020,10
OTP,0,20101228,152705,5178,50
OTP,0,20101228,152735,5177,231
OTP,0,20101228,152735,5177,500
OTP,0,20101228,152735,5176,100
OTP,0,20101228,152735,5175,1000
OTP,0,20101228,152735,5175,100
OTP,0,20101228,152735,5172,12
OTP,0,20101228,152735,5171,480
OTP,0,20101228,152735,5171,50
OTP,0,20101228,152735,5171,55
OTP,0,20101228,152735,5171,55
OTP,0,20101228,152735,5170,949
OTP,0,20101228,152735,5170,200
OTP,0,20101228,152735,5170,88
BUX1112,0,20101228,152738,22020,6
BUX1112,0,20101228,152742,22020,1
BUX1112,0,20101228,152757,22020,4
RFV,0,20101228,152814,8535,8
BUX1112,0,20101228,152839,22000,1
OTP,0,20101228,152842,5176,320
KEG,0,20101228,152842,142,100
OTP,0,20101228,152904,5176,180
OTP,0,20101228,152904,5176,70
GSPARK,0,20101228,152932,778,72
MTELEKOM,0,20101228,152937,514,9567
MTELEKOM,0,20101228,152937,514,10000
MTELEKOM,0,20101228,152937,514,10000
MTELEKOM,0,20101228,152937,514,30
MTELEKOM,0,20101228,152937,514,3000
MTELEKOM,0,20101228,152937,515,317
MTELEKOM,0,20101228,152937,515,400
MTELEKOM,0,20101228,152937,515,220
MTELEKOM,0,20101228,152937,515,1850
MTELEKOM,0,20101228,152937,515,264
MTELEKOM,0,20101228,152937,515,200
MTELEKOM,0,20101228,152937,515,380
MTELEKOM,0,20101228,152937,515,5000
MTELEKOM,0,20101228,152937,515,1000
MTELEKOM,0,20101228,152937,515,400
MTELEKOM,0,20101228,152937,516,1000
MTELEKOM,0,20101228,152943,515,12372
OTP,0,20101228,152956,5176,50
MTELEKOM,0,20101228,153001,515,2000
MTELEKOM,0,20101228,153010,515,5628
HUMET,0,20101228,153057,9,15
OTP,0,20101228,153120,5175,320
EBGOLD,0,20101228,153153,2980,42
EBGOLD,0,20101228,153153,2980,58
PANNERGY,0,20101228,153218,898,47
PANNERGY,0,20101228,153218,898,250
OTP,0,20101228,153227,5175,180
DANUBIUS,0,20101228,153248,4400,72
BUX1112,0,20101228,153533,21972.5,3
BUX1112,0,20101228,153533,21972,6
BUX1112,0,20101228,153533,21971,1
BUX1112,0,20101228,153533,21968,5
PANNERGY,0,20101228,153551,898,235
PHYLAXIA,0,20101228,153628,45,1000
MOL,0,20101228,153634,20450,15
BUX1112,0,20101228,153639,21981,10
BUX1112,0,20101228,153644,21981,3
MTELEKOM,0,20101228,153742,515,150
MOL,0,20101228,153743,20450,285
MTELEKOM,0,20101228,153751,515,20
MTELEKOM,0,20101228,153816,515,12
OTP,0,20101228,153830,5175,38
OTP,0,20101228,153852,5175,380
OTP,0,20101228,153916,5180,10
OTP,0,20101228,153939,5180,25
OTP,0,20101228,153951,5175,24
MTELEKOM,0,20101228,154002,515,2000
MTELEKOM,0,20101228,154005,515,5190
MTELEKOM,0,20101228,154005,515,4810
MTELEKOM,0,20101228,154007,515,190
MTELEKOM,0,20101228,154015,515,5060
MTELEKOM,0,20101228,154015,515,4500
MTELEKOM,0,20101228,154031,515,200
ECONET,0,20101228,154032,88,2170
OTP,0,20101228,154044,5175,58
OTP,0,20101228,154113,5175,25
MOL,0,20101228,154128,20440,10
OTP,0,20101228,154152,5174,1000
OTP,0,20101228,154152,5174,1000
FHB,0,20101228,154212,972,1500
ETFBUXOTP,0,20101228,154232,895,50
MTELEKOM,0,20101228,154234,515,11
OTP,0,20101228,154234,5171,3
MOL,0,20101228,154234,20430,1
OTP,0,20101228,154243,5175,17
PHYLAXIA,0,20101228,154256,45,264
MTELEKOM,0,20101228,154312,515,229
MTELEKOM,0,20101228,154312,515,3321
MOL,0,20101228,154313,20430,30
OTP,0,20101228,154324,5175,15
KEG,0,20101228,154341,140,160
MTELEKOM,0,20101228,154342,515,10000
MTELEKOM,0,20101228,154409,515,500
MTELEKOM,0,20101228,154418,515,200
MOL,0,20101228,154448,20440,3
HUMET,0,20101228,154457,9,2000
MTELEKOM,0,20101228,154506,515,979
MTELEKOM,0,20101228,154506,515,4021
MTELEKOM,0,20101228,154550,515,479
MTELEKOM,0,20101228,154550,515,500
MTELEKOM,0,20101228,154555,514,195
MTELEKOM,0,20101228,154555,514,205
OTP,0,20101228,154603,5175,23
OTP,0,20101228,154603,5175,75
OTP,0,20101228,154603,5171,39
OTP,0,20101228,154603,5170,412
OTP,0,20101228,154603,5170,1000
OTP,0,20101228,154603,5170,50
OTP,0,20101228,154603,5170,48
OTP,0,20101228,154603,5170,268
MTELEKOM,0,20101228,154614,515,21
MTELEKOM,0,20101228,154614,515,232
MTELEKOM,0,20101228,154628,515,21
OTP,0,20101228,154652,5176,270
MTELEKOM,0,20101228,154701,515,2879
MTELEKOM,0,20101228,154905,514,9795
MTELEKOM,0,20101228,154905,513,1000
MTELEKOM,0,20101228,154905,513,7740
MTELEKOM,0,20101228,154905,513,2000
MTELEKOM,0,20101228,154905,513,200
MTELEKOM,0,20101228,154905,513,2000
MTELEKOM,0,20101228,154905,513,5000
MTELEKOM,0,20101228,154905,513,100
MTELEKOM,0,20101228,154905,513,1000
MTELEKOM,0,20101228,154905,513,1000
MTELEKOM,0,20101228,154905,513,1000
MTELEKOM,0,20101228,154905,513,1000
MTELEKOM,0,20101228,154905,513,1000
MTELEKOM,0,20101228,154905,513,150
MTELEKOM,0,20101228,154905,513,1000
MTELEKOM,0,20101228,154905,512,402
MTELEKOM,0,20101228,154905,512,340
MTELEKOM,0,20101228,154905,512,5000
MTELEKOM,0,20101228,154905,512,310
MTELEKOM,0,20101228,154905,512,150
MTELEKOM,0,20101228,154905,512,3400
MTELEKOM,0,20101228,154905,512,50
MTELEKOM,0,20101228,154905,512,1000
MTELEKOM,0,20101228,154905,512,500
MTELEKOM,0,20101228,154905,512,4000
MTELEKOM,0,20101228,154905,512,2000
MTELEKOM,0,20101228,154905,512,3000
MTELEKOM,0,20101228,154905,512,1000
MTELEKOM,0,20101228,154905,512,100
MTELEKOM,0,20101228,154905,512,500
MTELEKOM,0,20101228,154905,512,500
MTELEKOM,0,20101228,154905,512,10000
MTELEKOM,0,20101228,154905,512,200
MTELEKOM,0,20101228,154905,512,200
MTELEKOM,0,20101228,154905,512,8500
MTELEKOM,0,20101228,154905,512,300
MTELEKOM,0,20101228,154905,512,100
MTELEKOM,0,20101228,154905,512,200
MTELEKOM,0,20101228,154905,512,100
MTELEKOM,0,20101228,154905,512,1485
MTELEKOM,0,20101228,154905,512,950
MTELEKOM,0,20101228,154905,512,400
MTELEKOM,0,20101228,154905,512,150
MTELEKOM,0,20101228,154905,512,5000
MTELEKOM,0,20101228,154905,512,100
MTELEKOM,0,20101228,154905,512,1000
MTELEKOM,0,20101228,154905,512,3000
MTELEKOM,0,20101228,154905,512,6000
MTELEKOM,0,20101228,154905,512,200
MTELEKOM,0,20101228,154905,512,590
MTELEKOM,0,20101228,154905,512,200
MTELEKOM,0,20101228,154905,512,5088
MTELEKOM,0,20101228,154908,515,400
MTELEKOM,0,20101228,154939,513,20000
OTP,0,20101228,154942,5170,500
MTELEKOM,0,20101228,154946,514,9000
MTELEKOM,0,20101228,154958,514,2000
MTELEKOM,0,20101228,155005,514,1000
ECONET,0,20101228,155005,89,10
MTELEKOM,0,20101228,155019,514,6000
MTELEKOM,0,20101228,155034,514,1898
OTP,0,20101228,155037,5175,20
OTP,0,20101228,155044,5175,102
MTELEKOM,0,20101228,155102,513,1721
OTP,0,20101228,155117,5170,100
ANY,0,20101228,155118,720,1400
OTP,0,20101228,155146,5175,398
DANUBIUS,0,20101228,155155,4440,400
OTP,0,20101228,155217,5176,230
OTP,0,20101228,155217,5176,100
OTP,0,20101228,155217,5179,70
OTP,0,20101228,155217,5179,600
OTP,0,20101228,155223,5179,300
OTP,0,20101228,155223,5180,700
OTP,0,20101228,155225,5180,389
OTP,0,20101228,155225,5180,33
OTP,0,20101228,155225,5180,578
GSPARK,0,20101228,155233,777,6500
TVK,0,20101228,155302,3350,140
PFLAX,0,20101228,155310,518,1
RICHTER,0,20101228,155331,43140,9
PHYLAXIA,0,20101228,155417,45,242
FOTEX,0,20101228,155447,379,899
KEG,0,20101228,155455,141,200
MOL,0,20101228,155603,20440,47
MOL,0,20101228,155603,20440,50
MOL,0,20101228,155603,20440,100
MOL,0,20101228,155603,20450,515
MOL,0,20101228,155603,20460,783
MOL,0,20101228,155603,20460,25
MOL,0,20101228,155603,20470,190
MOL,0,20101228,155603,20470,20
OTP,0,20101228,155613,5180,422
OTP,0,20101228,155613,5180,183
OTP,0,20101228,155613,5180,395
MOL,0,20101228,155807,20470,10
EBGOLD,0,20101228,155807,2987,100
KEG,0,20101228,155827,141,850
MOL,0,20101228,155843,20475,1
OTP,0,20101228,155852,5180,205
OTP,0,20101228,155852,5180,300
OTP,0,20101228,155852,5180,495
KEG,0,20101228,155907,141,1000
OTP,0,20101228,155933,5180,505
OTP,0,20101228,155933,5180,28
OTP,0,20101228,155933,5180,50
OTP,0,20101228,155933,5180,300
OTP,0,20101228,155933,5180,117
MTELEKOM,0,20101228,155943,514,1677
OTP,0,20101228,160016,5180,231
OTP,0,20101228,160132,5175,225
RICHTER,0,20101228,160201,43105,15
RICHTER,0,20101228,160203,43150,8
BUX1112,0,20101228,160246,21976,4
BUX1112,0,20101228,160246,21975.5,1
MOL,0,20101228,160303,20475,1
MOL,0,20101228,160317,20475,3
MOL,0,20101228,160317,20475,10
MOL,0,20101228,160317,20475,100
MOL,0,20101228,160317,20475,12
MOL,0,20101228,160317,20480,50
MOL,0,20101228,160317,20480,25
OTP,0,20101228,160319,5175,56
MOL,0,20101228,160408,20470,130
RICHTER,0,20101228,160414,43150,7
RICHTER,0,20101228,160414,43150,33
RICHTER,0,20101228,160416,43150,13
RICHTER,0,20101228,160457,43130,250
RICHTER,0,20101228,160458,43150,83
RICHTER,0,20101228,160526,43130,3
RICHTER,0,20101228,160526,43120,20
MOL,0,20101228,160537,20470,45
GENESIS,0,20101228,160539,179,50
GENESIS,0,20101228,160539,178,250
GENESIS,0,20101228,160539,178,164
OTP,0,20101228,160547,5180,252
OTP,0,20101228,160547,5180,25
OTP,0,20101228,160547,5180,44
RICHTER,0,20101228,160602,43150,56
RICHTER,0,20101228,160602,43150,24
OTP,0,20101228,160602,5175,1000
OTP,0,20101228,160602,5171,100
OTP,0,20101228,160602,5170,132
OTP,0,20101228,160602,5170,1000
OTP,0,20101228,160602,5170,681
MOL,0,20101228,160619,20470,85
PANNERGY,0,20101228,160652,900,10
RICHTER,0,20101228,160655,43150,76
RICHTER,0,20101228,160655,43150,20
EMASZ,0,20101228,160700,21500,29
EMASZ,0,20101228,160700,21500,20
MOL,0,20101228,160710,20470,400
OTP,0,20101228,160713,5178,100
OTP,0,20101228,160713,5178,350
OTP,0,20101228,160713,5180,156
OTP,0,20101228,160713,5180,200
OTP,0,20101228,160713,5180,194
RABA,0,20101228,160735,806,200
RABA,0,20101228,160748,806,500
MOL,0,20101228,160750,20480,25
MOL,0,20101228,160750,20480,137
MOL,0,20101228,160750,20480,100
MOL,0,20101228,160750,20480,238
RFV,0,20101228,160800,8520,10
MOL,0,20101228,160803,20480,252
MOL,0,20101228,160803,20485,79
RICHTER,0,20101228,160810,43150,4
RICHTER,0,20101228,160810,43150,6
MOL,0,20101228,160824,20470,52
OTP,0,20101228,160838,5175,250
OTP,0,20101228,160838,5175,300
OTP,0,20101228,160838,5175,200
OTP,0,20101228,160838,5180,250
OTP,0,20101228,160838,5180,456
OTP,0,20101228,160838,5180,544
OTP,0,20101228,160839,5180,799
OTP,0,20101228,160839,5180,201
OTP,0,20101228,160845,5180,1000
MOL,0,20101228,160847,20470,48
OTP,0,20101228,160848,5179,1000
BUX1112,0,20101228,160849,21998,1
BUX1112,0,20101228,160849,22000,2
OTP,0,20101228,160849,5179,900
OTP,0,20101228,160849,5180,100
BUX1112,0,20101228,160856,22000,13
MOL,0,20101228,160857,20450,69
GENESIS,0,20101228,160903,180,170
GENESIS,0,20101228,160903,180,240
GENESIS,0,20101228,160903,183,90
MOL,0,20101228,160905,20450,262
MOL,0,20101228,160905,20450,60
MTELEKOM,0,20101228,160906,513,4967
RICHTER,0,20101228,160914,43150,18
MTELEKOM,0,20101228,160917,513,450
EGIS,0,20101228,160922,20265,20
EGIS,0,20101228,160922,20260,2
EGIS,0,20101228,160922,20260,17
RICHTER,0,20101228,160925,43150,86
FHB,0,20101228,160937,972,275
RABA,0,20101228,160947,806,50
RABA,0,20101228,160947,803,20
RABA,0,20101228,160947,801,140
OTP,0,20101228,160948,5171,20
RICHTER,0,20101228,160953,43160,3
RICHTER,0,20101228,160953,43160,3
RICHTER,0,20101228,160953,43195,19
RICHTER,0,20101228,160953,43195,20
RICHTER,0,20101228,160953,43200,100
RICHTER,0,20101228,160953,43200,50
RICHTER,0,20101228,160953,43200,5
OTP,0,20101228,160954,5170,100
RICHTER,0,20101228,160954,43150,5
OTP,0,20101228,160958,5171,22
OTP,0,20101228,161008,5171,508
OTP,0,20101228,161008,5178,6811
RICHTER,0,20101228,161011,43200,3
OTP,0,20101228,161049,5177,1450
OTP,0,20101228,161049,5178,50
OTP,0,20101228,161113,5177,1400
OTP,0,20101228,161113,5178,100
OTP,0,20101228,161119,5170,30
OTP,0,20101228,161142,5177,550
ELMU,0,20101228,161154,27475,3
ELMU,0,20101228,161154,27485,5
BUX1112,0,20101228,161202,22015.5,1
BUX1112,0,20101228,161202,22016,4
BUX1112,0,20101228,161202,22017,2
BUX1112,0,20101228,161202,22019.5,2
BUX1112,0,20101228,161202,22020,10
RICHTER,0,20101228,161211,43200,17
BUX1112,0,20101228,161212,22020,17
EGIS,0,20101228,161217,20265,20
BUX1112,0,20101228,161220,22020,48
EGIS,0,20101228,161221,20265,2
MTELEKOM,0,20101228,161225,514,480
MTELEKOM,0,20101228,161226,513,60
RICHTER,0,20101228,161228,43240,60
ELMU,0,20101228,161228,27500,13
OTP,0,20101228,161234,5177,350
OTP,0,20101228,161234,5178,358
OTP,0,20101228,161242,5178,700
OTP,0,20101228,161258,5178,8
OTP,0,20101228,161355,5179,70
OTP,0,20101228,161355,5179,500
OTP,0,20101228,161355,5179,500
OTP,0,20101228,161355,5179,21
OTP,0,20101228,161355,5179,409
MTELEKOM,0,20101228,161403,513,12802
MTELEKOM,0,20101228,161403,513,9700
MTELEKOM,0,20101228,161403,513,290
MTELEKOM,0,20101228,161403,513,2208
MTELEKOM,0,20101228,161405,513,1792
OTP,0,20101228,161422,5179,91
OTP,0,20101228,161422,5180,1282
GENESIS,0,20101228,161425,178,86
GENESIS,0,20101228,161425,178,1750
GENESIS,0,20101228,161425,176,80
GENESIS,0,20101228,161425,176,1000
GENESIS,0,20101228,161425,175,2584
MTELEKOM,0,20101228,161518,512,912
MTELEKOM,0,20101228,161518,512,110
MTELEKOM,0,20101228,161518,512,30
MTELEKOM,0,20101228,161518,512,100
MTELEKOM,0,20101228,161518,512,1000
MTELEKOM,0,20101228,161518,512,4848
MTELEKOM,0,20101228,161527,512,3400
EGIS,0,20101228,161538,20265,2
MTELEKOM,0,20101228,161554,513,1700
MOL,0,20101228,161616,20470,202
MOL,0,20101228,161616,20470,120
MOL,0,20101228,161616,20470,100
MOL,0,20101228,161616,20470,78
MOL,0,20101228,161625,20470,178
MTELEKOM,0,20101228,161646,513,1000
MOL,0,20101228,161647,20470,234
MOL,0,20101228,161647,20470,100
OTP,0,20101228,161649,5175,1000
OTP,0,20101228,161649,5170,300
OTP,0,20101228,161649,5170,20
OTP,0,20101228,161702,5175,1000
OTP,0,20101228,161702,5175,1000
OTP,0,20101228,161729,5177,540
MTELEKOM,0,20101228,161730,513,1458
MTELEKOM,0,20101228,161730,513,542
MOL,0,20101228,161750,20475,166
EGIS,0,20101228,161751,20265,4
ZWACK,0,20101228,161807,13130,13
MTELEKOM,0,20101228,161837,512,560
OTP,0,20101228,161837,5177,1000
ECONET,0,20101228,161905,89,1000
MTELEKOM,0,20101228,161931,512,970
MTELEKOM,0,20101228,162013,513,58
MTELEKOM,0,20101228,162013,513,92
RICHTER,0,20101228,162022,43220,2
MTELEKOM,0,20101228,162023,513,1000
DANUBIUS,0,20101228,162039,4400,28
DANUBIUS,0,20101228,162039,4400,72
OTP,0,20101228,162144,5180,217
OTP,0,20101228,162144,5180,183
MTELEKOM,0,20101228,162145,512,1292
EGIS,0,20101228,162146,20265,5
OTP,0,20101228,162236,5175,15
ECONET,0,20101228,162243,89,2909
ECONET,0,20101228,162243,89,7591
ECONET,0,20101228,162304,89,1000
OTP,0,20101228,162308,5177,400
MOL,0,20101228,162325,20460,23
HUMET,0,20101228,162331,9,2485
HUMET,0,20101228,162331,9,3765
ORC,0,20101228,162334,1955,100
ORC,0,20101228,162334,1955,80
OTP,0,20101228,162336,5180,110
ECONET,0,20101228,162423,89,409
ECONET,0,20101228,162423,89,291
MOL,0,20101228,162426,20465,128
FOTEX,0,20101228,162440,380,500
OTP,0,20101228,162442,5175,57
BUX1112,0,20101228,162448,22000,50
ORC,0,20101228,162500,1955,12
ORC,0,20101228,162500,1950,14
MOL,0,20101228,162501,20460,177
EGIS,0,20101228,162508,20250,37
EGIS,0,20101228,162508,20250,1
FHB,0,20101228,162508,972,299
MOL,0,20101228,162508,20450,200
MOL,0,20101228,162508,20420,100
MOL,0,20101228,162508,20405,18
MTELEKOM,0,20101228,162508,512,4763
OTP,0,20101228,162509,5175,928
OTP,0,20101228,162509,5170,2
OTP,0,20101228,162509,5170,358
RICHTER,0,20101228,162509,43230,12
RICHTER,0,20101228,162509,43205,22
RICHTER,0,20101228,162509,43200,30
RICHTER,0,20101228,162509,43200,35
EGIS,0,20101228,162509,20215,10
EGIS,0,20101228,162509,20215,5
AAA,0,20101228,162519,229,100
MTELEKOM,0,20101228,162540,512,150
BUX1112,0,20101228,162541,22000,50
OTP,0,20101228,162542,5170,27
MTELEKOM,0,20101228,162600,512,100
BUX1112,0,20101228,162619,21981,4
BUX1112,0,20101228,162619,21980,6
FOTEX,0,20101228,162621,379,291
PANNERGY,0,20101228,162624,906,9
MOL,0,20101228,162642,20450,200
MOL,0,20101228,162642,20450,200
MOL,0,20101228,162642,20450,200
MOL,0,20101228,162642,20450,200
OTP,0,20101228,162649,5175,707
MOL,0,20101228,162656,20450,200
OTP,0,20101228,162702,5175,293
OTP,0,20101228,162705,5175,107
RICHTER,0,20101228,162710,43200,15
MOL,0,20101228,162714,20430,200
ECONET,0,20101228,162719,89,609
ECONET,0,20101228,162719,89,8391
ECONET,0,20101228,162724,89,1609
ECONET,0,20101228,162724,89,2000
ECONET,0,20101228,162724,89,3000
ECONET,0,20101228,162724,89,1391
ECONET,0,20101228,162732,89,609
OTP,0,20101228,162733,5175,100
MTELEKOM,0,20101228,162805,512,3917
MTELEKOM,0,20101228,162805,512,380
MTELEKOM,0,20101228,162805,512,500
MTELEKOM,0,20101228,162805,512,10000
MTELEKOM,0,20101228,162805,512,3000
MTELEKOM,0,20101228,162805,512,1000
MTELEKOM,0,20101228,162805,512,200
MTELEKOM,0,20101228,162805,512,1003
GSPARK,0,20101228,162812,776,182
OTP,0,20101228,162908,5176,25
RICHTER,0,20101228,162919,43235,1
RICHTER,0,20101228,162919,43235,107
RICHTER,0,20101228,162919,43235,42
RICHTER,0,20101228,162925,43235,58
RICHTER,0,20101228,162930,43205,30
RICHTER,0,20101228,162930,43200,20
OTP,0,20101228,162930,5176,175
MTELEKOM,0,20101228,162956,512,200
OTP,0,20101228,163001,5178,1287
GENESIS,0,20101228,163015,182,20
FHB,0,20101228,163018,972,250
FOTEX,0,20101228,163028,383,750
FOTEX,0,20101228,163028,383,250
EGIS,0,20101228,163037,20215,50
MOL,0,20101228,163050,20405,520
MOL,0,20101228,163050,20405,12
MOL,0,20101228,163050,20400,125
MTELEKOM,0,20101228,163051,512,797
MTELEKOM,0,20101228,163051,512,180
MTELEKOM,0,20101228,163051,512,150
MTELEKOM,0,20101228,163051,512,400
MTELEKOM,0,20101228,163051,512,50
MTELEKOM,0,20101228,163051,511,127
MTELEKOM,0,20101228,163051,511,2739
MTELEKOM,0,20101228,163051,511,2000
MTELEKOM,0,20101228,163051,511,430
MTELEKOM,0,20101228,163051,511,519
MTELEKOM,0,20101228,163051,511,247
MTELEKOM,0,20101228,163051,511,2558
OTP,0,20101228,163051,5176,325
OTP,0,20101228,163051,5175,793
OTP,0,20101228,163051,5171,200
OTP,0,20101228,163051,5171,235
OTP,0,20101228,163051,5170,615
OTP,0,20101228,163051,5170,66
OTP,0,20101228,163051,5170,20
OTP,0,20101228,163051,5168,193
OTP,0,20101228,163051,5166,100
OTP,0,20101228,163051,5166,100
OTP,0,20101228,163051,5166,50
OTP,0,20101228,163051,5166,10
OTP,0,20101228,163051,5165,1042
RICHTER,0,20101228,163051,43200,30
RICHTER,0,20101228,163051,43200,100
RICHTER,0,20101228,163051,43150,64
RICHTER,0,20101228,163051,43145,13
RICHTER,0,20101228,163051,43140,13
OTP,0,20101228,163059,5175,1000
OTP,0,20101228,163059,5175,1000
FOTEX,0,20101228,163059,379,500
FHB,0,20101228,163111,972,747
PHYLAXIA,0,20101228,163112,44,4516
OTP,0,20101228,163113,5179,1000
OTP,0,20101228,163113,5180,300
OTP,0,20101228,163113,5180,100
OTP,0,20101228,163113,5180,455
OTP,0,20101228,163113,5180,145
OTP,0,20101228,163114,5180,155
OTP,0,20101228,163114,5180,750
OTP,0,20101228,163115,5180,95
OTP,0,20101228,163118,5180,1000
OTP,0,20101228,163151,5175,913
FHB,0,20101228,163204,972,18
OTP,0,20101228,163214,5180,5
PANNERGY,0,20101228,163220,903,5000
OTP,0,20101228,163222,5180,82
OTP,0,20101228,163222,5180,74
MTELEKOM,0,20101228,163238,512,120
MTELEKOM,0,20101228,163238,512,100
MTELEKOM,0,20101228,163239,511,2100
MTELEKOM,0,20101228,163240,512,500
MTELEKOM,0,20101228,163242,512,110
MTELEKOM,0,20101228,163251,512,50
MTELEKOM,0,20101228,163258,512,120
RABA,0,20101228,163258,805,100
RABA,0,20101228,163302,805,587
RABA,0,20101228,163313,808,5
MTELEKOM,0,20101228,163354,512,165
MTELEKOM,0,20101228,163354,512,7835
MTELEKOM,0,20101228,163354,512,165
MTELEKOM,0,20101228,163354,512,1835
OTP,0,20101228,163423,5180,500
OTP,0,20101228,163430,5180,426
OTP,0,20101228,163432,5180,74
OTP,0,20101228,163432,5182,6
OTP,0,20101228,163456,5180,150
MTELEKOM,0,20101228,163512,512,165
MTELEKOM,0,20101228,163512,512,500
MTELEKOM,0,20101228,163512,512,50
PHYLAXIA,0,20101228,163517,44,242
MTELEKOM,0,20101228,163548,511,2000
RABA,0,20101228,163551,805,150
MTELEKOM,0,20101228,163558,512,282
MOL,0,20101228,163606,20405,20
RABA,0,20101228,163607,806,550
OTP,0,20101228,163647,5180,20
KEG,0,20101228,163652,142,1374
KEG,0,20101228,163652,142,200
KEG,0,20101228,163652,142,80
OTP,0,20101228,163654,5180,300
MTELEKOM,0,20101228,163655,512,200
MTELEKOM,0,20101228,163657,511,600
ANY,0,20101228,163719,722,200
OTP,0,20101228,163743,5181,50
OTP,0,20101228,163746,5182,55
BUX1112,0,20101228,163748,21990,1
MOL,0,20101228,163803,20430,1
MTELEKOM,0,20101228,163807,512,150
OTP,0,20101228,163826,5182,19
OTP,0,20101228,163828,5182,131
OTP,0,20101228,163828,5180,530
OTP,0,20101228,163828,5180,24
MTELEKOM,0,20101228,163835,512,2561
MTELEKOM,0,20101228,163835,512,900
MTELEKOM,0,20101228,163835,512,700
MOL,0,20101228,163842,20405,180
MOL,0,20101228,163842,20400,194
MOL,0,20101228,163842,20400,158
MOL,0,20101228,163842,20400,19
MOL,0,20101228,163842,20400,1
MOL,0,20101228,163842,20400,200
MOL,0,20101228,163842,20400,200
OTP,0,20101228,163846,5180,1000
OTP,0,20101228,163846,5180,815
MOL,0,20101228,163850,20400,448
RICHTER,0,20101228,163852,43205,58
RICHTER,0,20101228,163852,43200,150
OTP,0,20101228,163852,5180,185
OTP,0,20101228,163854,5180,15
RICHTER,0,20101228,163856,43200,92
OTP,0,20101228,163859,5180,985
OTP,0,20101228,163902,5180,1000
PHYLAXIA,0,20101228,163902,44,3530
OTP,0,20101228,163903,5180,15
RICHTER,0,20101228,163920,43220,3
OTP,0,20101228,163921,5180,985
OTP,0,20101228,163922,5180,1000
OTP,0,20101228,163923,5180,515
RICHTER,0,20101228,163923,43205,58
MOL,0,20101228,163931,20410,564
OTP,0,20101228,163933,5180,485
OTP,0,20101228,163933,5180,15
OTP,0,20101228,163935,5180,200
OTP,0,20101228,163942,5180,500
RICHTER,0,20101228,163955,43205,50
GENESIS,0,20101228,164000,177,20
GENESIS,0,20101228,164000,177,600
GENESIS,0,20101228,164000,176,300
GENESIS,0,20101228,164000,175,416
GENESIS,0,20101228,164000,175,200
GENESIS,0,20101228,164000,173,50
GENESIS,0,20101228,164000,172,500
GENESIS,0,20101228,164000,172,300
GENESIS,0,20101228,164000,171,600
GENESIS,0,20101228,164000,171,200
GENESIS,0,20101228,164000,171,400
GENESIS,0,20101228,164000,170,50
GENESIS,0,20101228,164000,170,1364
OTP,0,20101228,164000,5180,285
OTP,0,20101228,164002,5180,215
OTP,0,20101228,164008,5180,100
OTP,0,20101228,164009,5180,500
OTP,0,20101228,164019,5180,185
OTP,0,20101228,164019,5180,1000
RICHTER,0,20101228,164024,43195,64
RICHTER,0,20101228,164024,43200,36
OTP,0,20101228,164027,5180,815
OTP,0,20101228,164038,5181,1343
OTP,0,20101228,164040,5181,753
OTP,0,20101228,164040,5180,185
OTP,0,20101228,164040,5180,1000
OTP,0,20101228,164043,5180,562
RICHTER,0,20101228,164045,43200,50
OTP,0,20101228,164047,5180,438
OTP,0,20101228,164047,5180,1000
MOL,0,20101228,164050,20405,200
MOL,0,20101228,164050,20400,131
MTELEKOM,0,20101228,164056,512,839
FOTEX,0,20101228,164056,379,80
MTELEKOM,0,20101228,164059,512,4128
RICHTER,0,20101228,164100,43200,14
RICHTER,0,20101228,164100,43200,30
OTP,0,20101228,164101,5180,562
OTP,0,20101228,164101,5180,438
RICHTER,0,20101228,164103,43200,14
FHB,0,20101228,164104,970,200
RICHTER,0,20101228,164105,43150,90
OTP,0,20101228,164111,5180,1000
RICHTER,0,20101228,164111,43200,58
OTP,0,20101228,164111,5180,658
OTP,0,20101228,164111,5180,342
OTP,0,20101228,164113,5180,658
OTP,0,20101228,164113,5180,200
OTP,0,20101228,164113,5180,142
OTP,0,20101228,164114,5179,858
OTP,0,20101228,164114,5180,142
OTP,0,20101228,164116,5180,858
OTP,0,20101228,164117,5180,142
OTP,0,20101228,164117,5175,100
OTP,0,20101228,164117,5175,258
OTP,0,20101228,164132,5180,742
OTP,0,20101228,164132,5180,1000
OTP,0,20101228,164135,5180,258
BUX1112,0,20101228,164141,21999,2
BUX1112,0,20101228,164141,22000,1
BUX1112,0,20101228,164141,22000,47
FHB,0,20101228,164148,971,200
OTP,0,20101228,164152,5180,742
OTP,0,20101228,164152,5180,258
BUX1112,0,20101228,164153,21999.5,1
BUX1112,0,20101228,164153,22000,3
OTP,0,20101228,164214,5180,742
OTP,0,20101228,164214,5180,1000
OTP,0,20101228,164216,5180,1000
OTP,0,20101228,164218,5180,258
EGIS,0,20101228,164219,20205,10
EGIS,0,20101228,164219,20165,15
EGIS,0,20101228,164219,20155,14
EGIS,0,20101228,164220,20155,33
PHYLAXIA,0,20101228,164221,44,1125
EGIS,0,20101228,164222,20155,69
OTP,0,20101228,164229,5180,742
RICHTER,0,20101228,164232,43200,7
HUMET,0,20101228,164232,9,1235
HUMET,0,20101228,164232,9,5000
OTP,0,20101228,164234,5180,258
OTP,0,20101228,164241,5180,742
OTP,0,20101228,164241,5180,1000
OTP,0,20101228,164246,5180,258
RICHTER,0,20101228,164252,43210,28
OTP,0,20101228,164306,5180,742
OTP,0,20101228,164306,5180,258
OTP,0,20101228,164306,5180,742
RICHTER,0,20101228,164311,43210,14
OTP,0,20101228,164314,5180,258
OTP,0,20101228,164314,5180,742
OTP,0,20101228,164315,5180,258
OTP,0,20101228,164315,5180,742
OTP,0,20101228,164316,5180,258
OTP,0,20101228,164316,5180,742
OTP,0,20101228,164319,5179,1000
RICHTER,0,20101228,164335,43150,30
RICHTER,0,20101228,164335,43150,11
RICHTER,0,20101228,164335,43105,3
RICHTER,0,20101228,164335,43105,20
RICHTER,0,20101228,164335,43060,19
RICHTER,0,20101228,164335,43025,1
RICHTER,0,20101228,164350,43150,23
RICHTER,0,20101228,164359,43110,21
OTP,0,20101228,164440,5172,100
MOL,0,20101228,164447,20400,421
MOL,0,20101228,164447,20400,179
MOL,0,20101228,164508,20400,96
RABA,0,20101228,164514,806,1490
MTELEKOM,0,20101228,164541,512,5000
MTELEKOM,0,20101228,164558,512,942
KEG,0,20101228,164612,142,2000
OTP,0,20101228,164641,5172,5
OTP,0,20101228,164707,5172,49
OTP,0,20101228,164721,5178,2
OTP,0,20101228,164721,5178,150
OTP,0,20101228,164721,5179,1000
OTP,0,20101228,164721,5179,430
OTP,0,20101228,164721,5180,1000
OTP,0,20101228,164721,5180,100
OTP,0,20101228,164721,5180,1919
FOTEX,0,20101228,164723,379,129
FOTEX,0,20101228,164723,379,421
OTP,0,20101228,164724,5180,1000
OTP,0,20101228,164724,5180,81
OTP,0,20101228,164724,5180,35
GENESIS,0,20101228,164729,175,417
BUX1112,0,20101228,164733,22007.5,1
BUX1112,0,20101228,164733,22008,10
BUX1112,0,20101228,164733,22009,1
OTP,0,20101228,164739,5181,500
OTP,0,20101228,164739,5184,500
OTP,0,20101228,164739,5184,46
OTP,0,20101228,164739,5184,354
OTP,0,20101228,164739,5184,20
OTP,0,20101228,164739,5184,60
OTP,0,20101228,164739,5185,200
OTP,0,20101228,164739,5185,300
OTP,0,20101228,164739,5187,66
OTP,0,20101228,164742,5187,434
OTP,0,20101228,164742,5188,566
GENESIS,0,20101228,164746,175,50
OTP,0,20101228,164800,5180,130
MTELEKOM,0,20101228,164802,512,20000
PHYLAXIA,0,20101228,164812,44,13080
OTP,0,20101228,164814,5180,100
OTP,0,20101228,164815,5185,100
PANNERGY,0,20101228,164830,901,50
OTP,0,20101228,164837,5185,300
OTP,0,20101228,164842,5188,434
OTP,0,20101228,164842,5188,42
OTP,0,20101228,164843,5185,1500
MOL,0,20101228,164847,20400,210
MOL,0,20101228,164847,20400,140
GSPARK,0,20101228,164854,777,59
PANNERGY,0,20101228,164914,901,6
GENESIS,0,20101228,164925,175,213
GENESIS,0,20101228,164925,172,500
GENESIS,0,20101228,164925,171,1
MTELEKOM,0,20101228,164927,512,150
OTP,0,20101228,164928,5185,1350
OTP,0,20101228,164938,5185,750
OTP,0,20101228,164938,5185,250
MTELEKOM,0,20101228,164943,513,500
OTP,0,20101228,164950,5185,24
MTELEKOM,0,20101228,164958,512,571
PANNERGY,0,20101228,165002,901,9
GENESIS,0,20101228,165009,174,5000
MTELEKOM,0,20101228,165015,512,20000
RICHTER,0,20101228,165019,43200,150
MTELEKOM,0,20101228,165054,512,4209
MTELEKOM,0,20101228,165054,512,791
OTP,0,20101228,165058,5186,1000
MTELEKOM,0,20101228,165100,512,559
MTELEKOM,0,20101228,165100,512,257
MTELEKOM,0,20101228,165100,512,250
OTP,0,20101228,165103,5185,500
OTP,0,20101228,165103,5188,28
BUX1112,0,20101228,165109,22010,1
OTP,0,20101228,165128,5190,306
OTP,0,20101228,165138,5185,226
OTP,0,20101228,165138,5185,274
MOL,0,20101228,165146,20405,9
MOL,0,20101228,165146,20400,60
MOL,0,20101228,165146,20400,126
GENESIS,0,20101228,165159,172,500
MTELEKOM,0,20101228,165203,512,1000
OTP,0,20101228,165217,5185,4
OTP,0,20101228,165222,5185,156
MTELEKOM,0,20101228,165230,512,200
PHYLAXIA,0,20101228,165232,44,1000
KEG,0,20101228,165241,142,1000
BUX1112,0,20101228,165249,22010,5
MOL,0,20101228,165251,20405,500
MTELEKOM,0,20101228,165317,512,200
MTELEKOM,0,20101228,165321,512,500
BUX1112,0,20101228,165323,22010,1
PHYLAXIA,0,20101228,165344,44,2000
MTELEKOM,0,20101228,165348,512,1034
MTELEKOM,0,20101228,165348,512,5000
MTELEKOM,0,20101228,165348,512,1000
MTELEKOM,0,20101228,165348,512,2000
MTELEKOM,0,20101228,165348,512,1000
MTELEKOM,0,20101228,165356,512,5000
OTP,0,20101228,165359,5185,50
BUX1112,0,20101228,165431,22010,1
BUX1112,0,20101228,165435,22010,5
MOL,0,20101228,165442,20400,3
FHB,0,20101228,165451,971,300
MTELEKOM,0,20101228,165453,512,1966
MTELEKOM,0,20101228,165453,512,50
MTELEKOM,0,20101228,165453,512,900
MTELEKOM,0,20101228,165453,512,200
MTELEKOM,0,20101228,165501,511,2000
MTELEKOM,0,20101228,165513,511,300
MTELEKOM,0,20101228,165513,512,1000
MTELEKOM,0,20101228,165513,511,100
MTELEKOM,0,20101228,165513,512,485
MTELEKOM,0,20101228,165513,512,300
MOL,0,20101228,165513,20400,240
MOL,0,20101228,165513,20400,12
RICHTER,0,20101228,165513,43110,2
RICHTER,0,20101228,165513,43110,10
OTP,0,20101228,165514,5189,100
OTP,0,20101228,165514,5189,137
OTP,0,20101228,165514,5189,40
OTP,0,20101228,165514,5189,10
OTP,0,20101228,165514,5185,90
OTP,0,20101228,165514,5189,30
OTP,0,20101228,165514,5185,10
OTP,0,20101228,165514,5185,43
OTP,0,20101228,165515,5185,20
OTP,0,20101228,165515,5185,50
MTELEKOM,0,20101228,165523,512,99
MTELEKOM,0,20101228,165523,512,621
BUX1112,0,20101228,165524,22010,9
BUX1112,0,20101228,165536,22010,1
OTP,0,20101228,165548,5185,73
OTP,0,20101228,165548,5185,621
MTELEKOM,0,20101228,165557,512,79
MTELEKOM,0,20101228,165557,512,1144
BUX1112,0,20101228,165600,22010,1
BUX1112,0,20101228,165612,22010,3
MTELEKOM,0,20101228,165613,512,2000
MTELEKOM,0,20101228,165622,512,120
OTP,0,20101228,165626,5188,2
OTP,0,20101228,165652,5185,379
RABA,0,20101228,165652,807,600
OTP,0,20101228,165654,5185,20
OTP,0,20101228,165655,5185,15
OTP,0,20101228,165655,5185,3
OTP,0,20101228,165655,5180,10
OTP,0,20101228,165656,5180,10
OTP,0,20101228,165657,5185,58
OTP,0,20101228,165657,5185,25
OTP,0,20101228,165658,5185,17
OTP,0,20101228,165658,5185,3
DANUBIUS,0,20101228,165741,4470,3
RFV,0,20101228,165747,8480,2
OTP,0,20101228,165748,5185,390
MTELEKOM,0,20101228,165757,511,1736
ORC,0,20101228,165758,1995,3
FOTEX,0,20101228,165802,382,220
MTELEKOM,0,20101228,165806,512,770
MTELEKOM,0,20101228,165822,511,1
RICHTER,0,20101228,165827,43110,11
RICHTER,0,20101228,165833,43110,30
MTELEKOM,0,20101228,165841,512,10
RICHTER,0,20101228,165845,43110,20
RICHTER,0,20101228,165852,43110,39
ECONET,0,20101228,165853,90,500
DANUBIUS,0,20101228,165858,4470,1
RABA,0,20101228,165859,808,2
MTELEKOM,0,20101228,165915,512,100
RFV,0,20101228,165924,8520,2
OTP,0,20101228,165934,5185,607
OTP,0,20101228,165934,5185,183
OTP,0,20101228,165950,5185,50
PANNERGY,0,20101228,165951,906,2
MTELEKOM,0,20101228,165957,511,25000
OTP,0,20101228,165957,5186,100
OTP,0,20101228,165957,5185,767
OTP,0,20101228,165957,5185,1000
OTP,0,20101228,165957,5185,133
GENESIS,0,20101228,165958,172,150
GENESIS,0,20101228,165958,171,299
GENESIS,0,20101228,165958,171,1000
GENESIS,0,20101228,165958,170,1136
GENESIS,0,20101228,165958,170,415
ECONET,0,20101228,170505,90,3000
ECONET,0,20101228,170505,90,13066
ECONET,0,20101228,170505,90,13934
ECONET,0,20101228,170505,90,4066
ECONET,0,20101228,170505,90,4000
ECONET,0,20101228,170505,90,609
ECONET,0,20101228,170505,90,1325
EGIS,0,20101228,170505,20110,150
EGIS,0,20101228,170505,20110,6
EGIS,0,20101228,170505,20110,31
EGIS,0,20101228,170505,20110,66
EGIS,0,20101228,170505,20110,100
EGIS,0,20101228,170505,20110,6
EGIS,0,20101228,170505,20110,10
EGIS,0,20101228,170505,20110,4
EGIS,0,20101228,170505,20110,16
EGIS,0,20101228,170505,20110,2
EGIS,0,20101228,170505,20110,7
FHB,0,20101228,170505,967,113
FHB,0,20101228,170505,967,281
FHB,0,20101228,170505,967,200
FHB,0,20101228,170505,967,747
FHB,0,20101228,170505,967,150
FHB,0,20101228,170505,967,300
FHB,0,20101228,170505,967,1369
FREESOFT,0,20101228,170505,2074,1
GENESIS,0,20101228,170505,172,20
GENESIS,0,20101228,170505,172,980
KEG,0,20101228,170505,141,1000
KEG,0,20101228,170505,141,4000
MOL,0,20101228,170505,20400,20
MOL,0,20101228,170505,20400,155
MOL,0,20101228,170505,20400,850
MOL,0,20101228,170505,20400,50
MOL,0,20101228,170505,20400,79
MOL,0,20101228,170505,20400,619
MOL,0,20101228,170505,20400,48
MOL,0,20101228,170505,20400,80
MTELEKOM,0,20101228,170505,511,1500
MTELEKOM,0,20101228,170505,511,1580
MTELEKOM,0,20101228,170505,511,53
MTELEKOM,0,20101228,170505,511,6000
MTELEKOM,0,20101228,170505,511,1960
MTELEKOM,0,20101228,170505,511,2000
MTELEKOM,0,20101228,170505,511,5000
MTELEKOM,0,20101228,170505,511,2000
MTELEKOM,0,20101228,170505,511,15000
MTELEKOM,0,20101228,170505,511,200
MTELEKOM,0,20101228,170505,511,80
MTELEKOM,0,20101228,170505,511,1040
MTELEKOM,0,20101228,170505,511,200
MTELEKOM,0,20101228,170505,511,175
MTELEKOM,0,20101228,170505,511,14640
MTELEKOM,0,20101228,170505,511,6000
MTELEKOM,0,20101228,170505,511,100
