<TICKER>,<PER>,<DTYYYYMMDD>,<TIME>,<CLOSE>,<VOLUME>
ECONET,0,20101229,090048,89,1500
EGIS,0,20101229,090048,20110,4
EGIS,0,20101229,090048,20110,5
EGIS,0,20101229,090048,20110,1
FHB,0,20101229,090048,972,7303
GENESIS,0,20101229,090048,177,100
GENESIS,0,20101229,090048,177,20
GENESIS,0,20101229,090048,177,660
GENESIS,0,20101229,090048,177,300
GENESIS,0,20101229,090048,177,40
MOL,0,20101229,090048,20400,5
MOL,0,20101229,090048,20400,75
MOL,0,20101229,090048,20400,250
MOL,0,20101229,090048,20400,7
MOL,0,20101229,090048,20400,200
MTELEKOM,0,20101229,090048,513,7800
MTELEKOM,0,20101229,090048,513,3000
MTELEKOM,0,20101229,090048,513,3160
MTELEKOM,0,20101229,090048,513,3000
MTELEKOM,0,20101229,090048,513,840
MTELEKOM,0,20101229,090048,513,160
MTELEKOM,0,20101229,090048,513,540
MTELEKOM,0,20101229,090048,513,2410
MTELEKOM,0,20101229,090048,513,500
MTELEKOM,0,20101229,090048,513,90
MTELEKOM,0,20101229,090048,513,255
MTELEKOM,0,20101229,090048,513,200
OTP,0,20101229,090048,5190,300
OTP,0,20101229,090048,5190,2300
OTP,0,20101229,090048,5190,19
OTP,0,20101229,090048,5190,11
OTP,0,20101229,090048,5190,39
OTP,0,20101229,090048,5190,200
OTP,0,20101229,090048,5190,50
OTP,0,20101229,090048,5190,383
OTP,0,20101229,090048,5190,341
OTP,0,20101229,090048,5190,976
PANNERGY,0,20101229,090048,909,100
RABA,0,20101229,090048,805,10038
RICHTER,0,20101229,090048,43200,20
RICHTER,0,20101229,090048,43200,40
RICHTER,0,20101229,090048,43200,3
RICHTER,0,20101229,090048,43200,17
RICHTER,0,20101229,090048,43200,2
SYNERGON,0,20101229,090048,471,4000
SYNERGON,0,20101229,090048,471,280
SYNERGON,0,20101229,090048,471,1000
SYNERGON,0,20101229,090048,471,479
BUX1112,0,20101229,090051,21994,1
MOL,0,20101229,090200,20400,56
OTP,0,20101229,090200,5190,1024
GENESIS,0,20101229,090201,177,540
MOL,0,20101229,090209,20420,355
MOL,0,20101229,090224,20400,5
RICHTER,0,20101229,090245,43200,12
MTELEKOM,0,20101229,090256,512,500
GENESIS,0,20101229,090341,177,280
GENESIS,0,20101229,090413,177,220
GENESIS,0,20101229,090413,176,1000
GENESIS,0,20101229,090413,175,219
OTP,0,20101229,090423,5180,2000
RICHTER,0,20101229,090454,43105,4
MTELEKOM,0,20101229,090507,514,90
OTP,0,20101229,090527,5170,200
OTP,0,20101229,090538,5161,50
OTP,0,20101229,090538,5160,17
OTP,0,20101229,090538,5160,200
ZWACK,0,20101229,090540,13390,2
ZWACK,0,20101229,090540,13390,200
OTP,0,20101229,090540,5160,29
ZWACK,0,20101229,090550,13500,10
OTP,0,20101229,090556,5160,500
OTP,0,20101229,090608,5158,296
OTP,0,20101229,090608,5160,204
OTP,0,20101229,090623,5160,60
BUX1112,0,20101229,090625,21989.5,1
OTP,0,20101229,090631,5160,400
OTP,0,20101229,090640,5160,540
OTP,0,20101229,090640,5160,460
OTP,0,20101229,090657,5161,10
BUX1112,0,20101229,090700,21989.5,2
BUX1112,0,20101229,090700,21989,2
MTELEKOM,0,20101229,090703,512,500
KEG,0,20101229,090726,143,1
GENESIS,0,20101229,090740,175,781
GENESIS,0,20101229,090740,175,135
FREESOFT,0,20101229,090742,1950,50
OTP,0,20101229,090808,5166,65
BUX1112,0,20101229,090810,21970,1
RICHTER,0,20101229,090819,43100,100
RICHTER,0,20101229,090847,43000,62
GENESIS,0,20101229,090857,175,15
MOL,0,20101229,090928,20400,50
OTP,0,20101229,090929,5170,524
OTP,0,20101229,091002,5169,300
OTP,0,20101229,091002,5170,296
OTP,0,20101229,091002,5170,100
OTP,0,20101229,091010,5170,10
MTELEKOM,0,20101229,091017,514,820
MTELEKOM,0,20101229,091017,514,180
MOL,0,20101229,091022,20400,30
OTP,0,20101229,091113,5170,70
GENESIS,0,20101229,091132,175,59
GENESIS,0,20101229,091149,175,10
OTP,0,20101229,091222,5175,1000
OTP,0,20101229,091222,5175,100
OTP,0,20101229,091228,5180,600
OTP,0,20101229,091228,5180,10
OTP,0,20101229,091349,5180,500
OTP,0,20101229,091355,5181,23
OTP,0,20101229,091355,5183,36
PFLAX,0,20101229,091437,514,366
PFLAX,0,20101229,091437,517,30
PFLAX,0,20101229,091437,533,2164
SYNERGON,0,20101229,091506,478,130
SYNERGON,0,20101229,091506,479,500
SYNERGON,0,20101229,091506,480,1370
PFLAX,0,20101229,091534,533,186
PFLAX,0,20101229,091534,534,90
PFLAX,0,20101229,091534,538,99
PFLAX,0,20101229,091534,539,330
PFLAX,0,20101229,091534,540,500
PFLAX,0,20101229,091534,548,180
PFLAX,0,20101229,091534,550,3300
PFLAX,0,20101229,091558,550,315
PFLAX,0,20101229,091609,557,100
PFLAX,0,20101229,091609,560,200
PFLAX,0,20101229,091609,574,40
PFLAX,0,20101229,091609,580,300
PFLAX,0,20101229,091609,590,300
PFLAX,0,20101229,091609,590,50
PFLAX,0,20101229,091609,593,196
PFLAX,0,20101229,091609,597,100
PFLAX,0,20101229,091609,598,100
PFLAX,0,20101229,091609,599,200
PFLAX,0,20101229,091609,600,500
PFLAX,0,20101229,091609,600,292
PFLAX,0,20101229,091609,606,200
PFLAX,0,20101229,091609,614,200
PFLAX,0,20101229,091609,619,100
MTELEKOM,0,20101229,091610,514,100
RICHTER,0,20101229,091622,42985,5
OTP,0,20101229,091630,5182,100
KEG,0,20101229,091636,140,525
KEG,0,20101229,091636,139,175
OTP,0,20101229,091644,5182,12
OTP,0,20101229,091725,5180,100
OTP,0,20101229,091746,5180,70
MTELEKOM,0,20101229,091901,514,100
OTP,0,20101229,091904,5180,347
GENESIS,0,20101229,091923,177,500
OTP,0,20101229,091956,5178,2
OTP,0,20101229,091956,5178,500
OTP,0,20101229,092113,5172,50
OTP,0,20101229,092113,5172,90
GENESIS,0,20101229,092120,177,150
MTELEKOM,0,20101229,092149,513,1100
RICHTER,0,20101229,092153,42900,10
OTP,0,20101229,092154,5177,86
OTP,0,20101229,092154,5177,14
MOL,0,20101229,092204,20475,2
OTP,0,20101229,092220,5170,200
MOL,0,20101229,092222,20475,93
OTP,0,20101229,092308,5171,140
OTP,0,20101229,092325,5170,1349
MOL,0,20101229,092328,20400,61
OTP,0,20101229,092331,5161,5
OTP,0,20101229,092331,5160,95
OTP,0,20101229,092332,5170,415
GENESIS,0,20101229,092348,179,970
GENESIS,0,20101229,092348,180,330
ETFBUXOTP,0,20101229,092403,893,944
EGIS,0,20101229,092404,20115,1
MTELEKOM,0,20101229,092404,513,204
OTP,0,20101229,092404,5161,50
MOL,0,20101229,092404,20400,12
RICHTER,0,20101229,092404,42810,2
RICHTER,0,20101229,092404,42750,2
MOL,0,20101229,092405,20400,150
MTELEKOM,0,20101229,092413,514,100
BUX1112,0,20101229,092439,21967.5,1
BUX1112,0,20101229,092439,21962,1
BUX1112,0,20101229,092439,21961.5,1
OTP,0,20101229,092514,5177,51
OTP,0,20101229,092525,5178,100
OTP,0,20101229,092525,5178,50
MTELEKOM,0,20101229,092525,513,1661
MTELEKOM,0,20101229,092525,513,500
MTELEKOM,0,20101229,092525,513,489
OTP,0,20101229,092554,5179,25
OTP,0,20101229,092554,5179,14
MTELEKOM,0,20101229,092555,513,500
RICHTER,0,20101229,092612,42800,100
OTP,0,20101229,092613,5170,31
GENESIS,0,20101229,092615,180,170
GENESIS,0,20101229,092615,181,30
OTP,0,20101229,092702,5179,200
GENESIS,0,20101229,092704,181,20
GENESIS,0,20101229,092704,182,30
FHB,0,20101229,092730,970,200
FHB,0,20101229,092750,972,200
KEG,0,20101229,092757,142,3000
GENESIS,0,20101229,092806,182,250
EGIS,0,20101229,092815,20115,2
EGIS,0,20101229,092815,20110,12
EGIS,0,20101229,092815,20110,36
OTP,0,20101229,092831,5170,169
OTP,0,20101229,092831,5170,24
OTP,0,20101229,092831,5170,200
OTP,0,20101229,092831,5162,147
PFLAX,0,20101229,092849,617,350
BOOK,0,20101229,092854,465,160
ZWACK,0,20101229,092913,13210,31
MOL,0,20101229,092913,20400,12
ECONET,0,20101229,092941,89,1115
MOL,0,20101229,092945,20400,50
MOL,0,20101229,093110,20400,21
KEG,0,20101229,093115,142,2000
RICHTER,0,20101229,093123,42900,21
GENESIS,0,20101229,093143,182,220
GENESIS,0,20101229,093143,183,10
GENESIS,0,20101229,093143,184,500
GENESIS,0,20101229,093143,184,69
GENESIS,0,20101229,093151,184,1201
BOOK,0,20101229,093225,465,240
BOOK,0,20101229,093232,465,60
OTP,0,20101229,093257,5165,200
PFLAX,0,20101229,093318,616,520
OTP,0,20101229,093341,5164,450
PANNERGY,0,20101229,093405,900,20
PANNERGY,0,20101229,093405,900,230
MTELEKOM,0,20101229,093443,513,2011
MTELEKOM,0,20101229,093443,513,100
MTELEKOM,0,20101229,093443,512,2600
MTELEKOM,0,20101229,093443,512,100
MTELEKOM,0,20101229,093443,512,1000
MTELEKOM,0,20101229,093443,512,234
MTELEKOM,0,20101229,093443,512,120
MTELEKOM,0,20101229,093443,512,48
MTELEKOM,0,20101229,093443,512,500
MTELEKOM,0,20101229,093443,512,164
PANNERGY,0,20101229,093443,907,8
OTP,0,20101229,093451,5164,50
OTP,0,20101229,093451,5164,130
OTP,0,20101229,093503,5162,153
OTP,0,20101229,093503,5162,10
OTP,0,20101229,093503,5162,350
OTP,0,20101229,093503,5162,1000
OTP,0,20101229,093503,5161,417
OTP,0,20101229,093540,5161,48
OTP,0,20101229,093540,5161,50
OTP,0,20101229,093544,5170,393
OTP,0,20101229,093544,5170,2
OTP,0,20101229,093550,5170,605
MOL,0,20101229,093600,20420,36
BUX1112,0,20101229,093600,21961,1
OTP,0,20101229,093607,5170,300
MTELEKOM,0,20101229,093612,513,600
OTP,0,20101229,093614,5170,300
OTP,0,20101229,093624,5170,95
GENESIS,0,20101229,093625,183,150
GENESIS,0,20101229,093625,184,390
GENESIS,0,20101229,093625,185,500
GENESIS,0,20101229,093625,185,160
ECONET,0,20101229,093628,89,836
TVK,0,20101229,093645,3350,146
PFLAX,0,20101229,093742,615,5000
OTP,0,20101229,093909,5172,265
SYNERGON,0,20101229,093952,479,2
MOL,0,20101229,094010,20410,10
OTP,0,20101229,094040,5171,158
OTP,0,20101229,094040,5170,305
ECONET,0,20101229,094043,89,1000
PANNERGY,0,20101229,094050,900,8
PHYLAXIA,0,20101229,094142,44,2000
PHYLAXIA,0,20101229,094142,44,1000
MOL,0,20101229,094156,20405,5
MOL,0,20101229,094156,20400,5
OTP,0,20101229,094247,5172,370
GENESIS,0,20101229,094257,185,330
OTP,0,20101229,094324,5165,463
EGIS,0,20101229,094331,20250,5
OTP,0,20101229,094346,5170,80
EGIS,0,20101229,094349,20250,15
MOL,0,20101229,094356,20425,64
MOL,0,20101229,094403,20425,125
OTP,0,20101229,094408,5161,100
OTP,0,20101229,094408,5161,260
EMASZ,0,20101229,094425,21480,5
GENESIS,0,20101229,094444,180,151
GENESIS,0,20101229,094444,179,500
GENESIS,0,20101229,094444,178,4349
RICHTER,0,20101229,094446,42890,100
RABA,0,20101229,094510,803,1000
MTELEKOM,0,20101229,094604,513,6050
RFV,0,20101229,094720,8480,5
ELMU,0,20101229,094725,27500,1
ELMU,0,20101229,094725,27500,2
ZWACK,0,20101229,094734,13145,30
ZWACK,0,20101229,094744,13140,11
ZWACK,0,20101229,094744,13140,100
ZWACK,0,20101229,094838,13140,39
ZWACK,0,20101229,094838,13145,70
BUX1112,0,20101229,094904,21980,1
BUX1112,0,20101229,094904,21997,10
BUX1112,0,20101229,094904,21998,50
BUX1112,0,20101229,094904,22000,30
EGIS,0,20101229,094906,20115,2
EGIS,0,20101229,094906,20110,24
EGIS,0,20101229,094906,20105,6
EGIS,0,20101229,094906,20090,5
EGIS,0,20101229,094906,20060,1
FHB,0,20101229,094906,967,299
MOL,0,20101229,094906,20400,48
MOL,0,20101229,094906,20400,270
MTELEKOM,0,20101229,094906,513,100
MTELEKOM,0,20101229,094906,512,4663
OTP,0,20101229,094907,5163,44
OTP,0,20101229,094907,5162,1000
OTP,0,20101229,094907,5162,244
RICHTER,0,20101229,094907,42800,41
RICHTER,0,20101229,094907,42800,10
RICHTER,0,20101229,094907,42800,5
RICHTER,0,20101229,094907,42800,16
RICHTER,0,20101229,094907,42790,2
RICHTER,0,20101229,094907,42750,8
RICHTER,0,20101229,094907,42720,10
RICHTER,0,20101229,094907,42710,7
RICHTER,0,20101229,094907,42710,4
RICHTER,0,20101229,094908,42900,15
BUX1112,0,20101229,094920,22000,3
OTP,0,20101229,094946,5162,156
OTP,0,20101229,094946,5162,122
GENESIS,0,20101229,094947,183,390
BUX1112,0,20101229,095010,22000,1
PFLAX,0,20101229,095016,600,99
PFLAX,0,20101229,095016,603,23
FOTEX,0,20101229,095148,380,83
FOTEX,0,20101229,095148,378,117
GENESIS,0,20101229,095211,183,110
GENESIS,0,20101229,095211,184,30
GENESIS,0,20101229,095211,184,130
GENESIS,0,20101229,095211,184,250
GENESIS,0,20101229,095211,185,170
GENESIS,0,20101229,095211,185,500
GENESIS,0,20101229,095224,186,200
PFLAX,0,20101229,095232,600,400
GENESIS,0,20101229,095243,186,200
SYNERGON,0,20101229,095249,473,100
SYNERGON,0,20101229,095249,473,50
KEG,0,20101229,095311,142,1445
BUX1112,0,20101229,095321,22000,1
OTP,0,20101229,095353,5170,19
BUX1112,0,20101229,095443,22000,1
BUX1112,0,20101229,095448,22000,3
RABA,0,20101229,095452,805,100
OTP,0,20101229,095504,5162,500
MOL,0,20101229,095605,20400,2
FHB,0,20101229,095619,970,2000
GENESIS,0,20101229,095737,185,10
ECONET,0,20101229,095802,89,49
ECONET,0,20101229,095802,89,5000
ECONET,0,20101229,095802,89,351
MTELEKOM,0,20101229,095912,514,800
RICHTER,0,20101229,095944,42880,25
MOL,0,20101229,095952,20440,10
MOL,0,20101229,095952,20440,2
MOL,0,20101229,095952,20440,4
MOL,0,20101229,095956,20440,64
OTP,0,20101229,095959,5169,231
MTELEKOM,0,20101229,100007,513,1380
OTP,0,20101229,100041,5169,180
OTP,0,20101229,100045,5169,89
OTP,0,20101229,100045,5169,80
MTELEKOM,0,20101229,100053,513,600
OTP,0,20101229,100122,5162,550
OTP,0,20101229,100126,5168,1000
OTP,0,20101229,100126,5168,1000
OTP,0,20101229,100129,5168,1000
GENESIS,0,20101229,100130,185,71
OTP,0,20101229,100134,5162,100
RABA,0,20101229,100224,801,25
OTP,0,20101229,100224,5162,100
FOTEX,0,20101229,100259,378,291
MOL,0,20101229,100336,20425,21
OTP,0,20101229,100454,5162,250
OTP,0,20101229,100454,5162,300
OTP,0,20101229,100454,5162,246
OTP,0,20101229,100454,5161,50
OTP,0,20101229,100454,5161,198
OTP,0,20101229,100454,5160,356
KEG,0,20101229,100501,140,120
OTP,0,20101229,100511,5161,400
MTELEKOM,0,20101229,100534,512,173
MTELEKOM,0,20101229,100534,512,527
EMASZ,0,20101229,100535,21550,4
OTP,0,20101229,100608,5161,4
OTP,0,20101229,100620,5161,50
OTP,0,20101229,100632,5165,10
OTP,0,20101229,100632,5167,86
MOL,0,20101229,100659,20425,21
OTP,0,20101229,100719,5167,200
OTP,0,20101229,100724,5162,500
SYNERGON,0,20101229,100742,479,3
SYNERGON,0,20101229,100742,479,100
SYNERGON,0,20101229,100742,480,630
SYNERGON,0,20101229,100742,480,200
SYNERGON,0,20101229,100742,480,67
MTELEKOM,0,20101229,100743,513,403
OTP,0,20101229,100812,5161,175
OTP,0,20101229,100812,5162,500
MOL,0,20101229,100816,20425,67
MOL,0,20101229,100816,20445,33
PHYLAXIA,0,20101229,100818,44,2000
MOL,0,20101229,100824,20445,17
MOL,0,20101229,100824,20450,83
BUX1112,0,20101229,100842,21963.5,1
MOL,0,20101229,100856,20450,10
MOL,0,20101229,100856,20450,5
MOL,0,20101229,100856,20450,85
MOL,0,20101229,100908,20450,15
MOL,0,20101229,100908,20450,100
MOL,0,20101229,100909,20450,85
MOL,0,20101229,100915,20450,415
MOL,0,20101229,100917,20450,85
OTP,0,20101229,100918,5161,371
OTP,0,20101229,100918,5160,89
OTP,0,20101229,100918,5160,540
MOL,0,20101229,100921,20445,215
FHB,0,20101229,100926,967,100
MOL,0,20101229,100927,20450,300
OTP,0,20101229,100932,5160,400
MOL,0,20101229,100937,20450,200
MOL,0,20101229,100942,20450,100
MTELEKOM,0,20101229,100945,513,597
MTELEKOM,0,20101229,100953,513,403
MTELEKOM,0,20101229,100953,513,447
OTP,0,20101229,100957,5160,500
GENESIS,0,20101229,101004,184,50
MOL,0,20101229,101008,20450,37
OTP,0,20101229,101025,5160,40
MTELEKOM,0,20101229,101035,512,200
OTP,0,20101229,101045,5160,520
OTP,0,20101229,101045,5160,6
OTP,0,20101229,101045,5160,164
OTP,0,20101229,101050,5160,500
OTP,0,20101229,101053,5160,500
MOL,0,20101229,101105,20450,100
OTP,0,20101229,101106,5160,336
OTP,0,20101229,101106,5160,30
OTP,0,20101229,101106,5160,40
OTP,0,20101229,101106,5160,77
OTP,0,20101229,101106,5160,17
OTP,0,20101229,101108,5160,20
OTP,0,20101229,101108,5160,200
OTP,0,20101229,101117,5160,500
OTP,0,20101229,101123,5160,200
OTP,0,20101229,101131,5160,63
OTP,0,20101229,101131,5160,137
MOL,0,20101229,101143,20450,78
FHB,0,20101229,101149,967,1
MOL,0,20101229,101154,20450,22
MOL,0,20101229,101154,20450,21
OTP,0,20101229,101157,5160,133
OTP,0,20101229,101157,5160,47
GENESIS,0,20101229,101218,181,500
GENESIS,0,20101229,101218,181,200
GENESIS,0,20101229,101218,180,99
OTP,0,20101229,101223,5160,310
MOL,0,20101229,101329,20465,50
MOL,0,20101229,101329,20465,29
OTP,0,20101229,101339,5161,100
OTP,0,20101229,101422,5160,1000
OTP,0,20101229,101422,5160,19
OTP,0,20101229,101422,5160,200
OTP,0,20101229,101422,5160,10
MOL,0,20101229,101438,20440,21
MOL,0,20101229,101438,20400,28
MOL,0,20101229,101438,20400,161
OTP,0,20101229,101452,5160,7
GENESIS,0,20101229,101507,182,50
OTP,0,20101229,101507,5159,5
OTP,0,20101229,101507,5158,5
OTP,0,20101229,101507,5155,13
OTP,0,20101229,101507,5154,7
OTP,0,20101229,101543,5157,167
OTP,0,20101229,101543,5159,100
OTP,0,20101229,101543,5160,1993
OTP,0,20101229,101543,5160,200
OTP,0,20101229,101543,5160,350
OTP,0,20101229,101543,5160,7
OTP,0,20101229,101544,5160,20
OTP,0,20101229,101553,5160,1163
OTP,0,20101229,101600,5160,1837
OTP,0,20101229,101613,5160,1163
OTP,0,20101229,101615,5160,837
OTP,0,20101229,101620,5160,163
OTP,0,20101229,101632,5160,1837
RABA,0,20101229,101633,802,91
OTP,0,20101229,101635,5160,1163
OTP,0,20101229,101638,5160,40
OTP,0,20101229,101639,5160,797
OTP,0,20101229,101643,5160,40
OTP,0,20101229,101649,5160,1960
OTP,0,20101229,101653,5160,40
OTP,0,20101229,101702,5154,293
OTP,0,20101229,101702,5154,50
OTP,0,20101229,101702,5153,1000
OTP,0,20101229,101704,5160,247
CSEPEL,0,20101229,101708,258,350
BUX1112,0,20101229,101711,21963.5,1
OTP,0,20101229,101730,5159,1000
OTP,0,20101229,101730,5159,100
OTP,0,20101229,101730,5160,900
OTP,0,20101229,101731,5160,813
OTP,0,20101229,101731,5160,187
OTP,0,20101229,101732,5160,813
OTP,0,20101229,101736,5160,187
OTP,0,20101229,101736,5160,1000
OTP,0,20101229,101741,5160,44
OTP,0,20101229,101756,5159,400
OTP,0,20101229,101821,5159,2000
OTP,0,20101229,101821,5160,769
OTP,0,20101229,101821,5160,1231
GENESIS,0,20101229,101827,180,31
GENESIS,0,20101229,101827,180,500
GENESIS,0,20101229,101827,179,500
GENESIS,0,20101229,101827,179,969
MOL,0,20101229,101834,20450,39
GENESIS,0,20101229,101835,179,831
GENESIS,0,20101229,101835,178,1000
OTP,0,20101229,101841,5159,1000
HUMET,0,20101229,101854,8,10
OTP,0,20101229,101900,5154,50
OTP,0,20101229,101900,5153,350
MOL,0,20101229,101911,20450,8
MOL,0,20101229,101926,20450,92
BUX1112,0,20101229,101955,21963.5,1
BUX1112,0,20101229,101955,21963,10
BUX1112,0,20101229,101955,21962,5
BUX1112,0,20101229,101955,21961,3
MTELEKOM,0,20101229,102008,513,403
MTELEKOM,0,20101229,102008,513,300
MTELEKOM,0,20101229,102008,513,160
MTELEKOM,0,20101229,102008,513,20
OTP,0,20101229,102026,5153,100
MTELEKOM,0,20101229,102045,513,1000
MOL,0,20101229,102049,20450,45
MTELEKOM,0,20101229,102056,514,1
MOL,0,20101229,102105,20450,49
MOL,0,20101229,102116,20450,55
RABA,0,20101229,102202,802,300
MOL,0,20101229,102205,20450,5
KEG,0,20101229,102208,141,120
RICHTER,0,20101229,102238,42805,300
RICHTER,0,20101229,102239,42845,30
RICHTER,0,20101229,102239,42845,7
RICHTER,0,20101229,102240,42845,6
RICHTER,0,20101229,102256,42800,6
CSEPEL,0,20101229,102455,258,300
OTP,0,20101229,102520,5159,77
MOL,0,20101229,102538,20465,71
MOL,0,20101229,102538,20470,100
MOL,0,20101229,102538,20470,10
MOL,0,20101229,102538,20470,130
MOL,0,20101229,102538,20475,109
MOL,0,20101229,102538,20475,690
MOL,0,20101229,102538,20475,8
MOL,0,20101229,102538,20480,20
MOL,0,20101229,102538,20480,4
MOL,0,20101229,102538,20480,5
MOL,0,20101229,102538,20480,90
MOL,0,20101229,102538,20485,150
MOL,0,20101229,102538,20485,1000
MOL,0,20101229,102538,20485,150
MOL,0,20101229,102538,20485,100
MOL,0,20101229,102538,20490,5
MOL,0,20101229,102538,20490,6
MOL,0,20101229,102538,20490,13
MOL,0,20101229,102538,20490,10
MOL,0,20101229,102538,20490,5
MOL,0,20101229,102538,20490,10
MOL,0,20101229,102538,20490,10
MOL,0,20101229,102538,20490,10
MOL,0,20101229,102538,20490,5
MOL,0,20101229,102538,20490,50
MOL,0,20101229,102538,20490,30
MOL,0,20101229,102538,20490,200
MOL,0,20101229,102538,20495,2
MOL,0,20101229,102538,20495,50
MOL,0,20101229,102538,20495,100
MOL,0,20101229,102538,20495,236
MOL,0,20101229,102538,20495,10
MOL,0,20101229,102538,20500,10
MOL,0,20101229,102538,20500,700
MOL,0,20101229,102538,20500,10
MOL,0,20101229,102538,20500,19
MOL,0,20101229,102538,20500,2
MOL,0,20101229,102538,20500,10
MOL,0,20101229,102538,20500,500
MOL,0,20101229,102538,20500,5
MOL,0,20101229,102538,20500,20
MOL,0,20101229,102538,20500,2
MOL,0,20101229,102538,20500,43
MOL,0,20101229,102538,20500,25
MOL,0,20101229,102538,20500,100
MOL,0,20101229,102538,20500,15
MOL,0,20101229,102538,20500,15
MOL,0,20101229,102538,20500,60
MOL,0,20101229,102538,20500,17
MOL,0,20101229,102538,20500,10
MOL,0,20101229,102538,20500,38
FOTEX,0,20101229,102541,378,91
FOTEX,0,20101229,102541,378,10
FOTEX,0,20101229,102541,378,50
FOTEX,0,20101229,102541,378,49
MOL,0,20101229,102629,20500,12
MOL,0,20101229,102629,20500,107
MOL,0,20101229,102629,20500,10
MOL,0,20101229,102629,20500,60
MOL,0,20101229,102629,20500,4
MOL,0,20101229,102629,20500,107
CSEPEL,0,20101229,102643,258,95
OTP,0,20101229,102645,5159,50
RICHTER,0,20101229,102653,42850,4
MOL,0,20101229,102700,20500,16
MOL,0,20101229,102700,20500,30
MOL,0,20101229,102700,20500,204
OTP,0,20101229,102704,5159,100
GENESIS,0,20101229,102707,177,1500
GENESIS,0,20101229,102707,176,100
GENESIS,0,20101229,102707,176,1500
GENESIS,0,20101229,102707,175,900
MTELEKOM,0,20101229,102718,514,390
MOL,0,20101229,102749,20505,8
MOL,0,20101229,102749,20505,134
GENESIS,0,20101229,102822,178,169
GENESIS,0,20101229,102822,182,500
OTP,0,20101229,102828,5158,50
OTP,0,20101229,102828,5158,558
OTP,0,20101229,102828,5158,620
GENESIS,0,20101229,102840,182,331
OTP,0,20101229,102857,5155,37
MOL,0,20101229,102901,20500,100
MOL,0,20101229,102901,20500,25
OTP,0,20101229,102906,5155,13
OTP,0,20101229,102920,5154,50
OTP,0,20101229,102920,5154,200
OTP,0,20101229,102920,5154,50
OTP,0,20101229,102931,5153,87
MTELEKOM,0,20101229,102933,513,1741
FOTEX,0,20101229,102936,378,451
FOTEX,0,20101229,102936,377,670
FOTEX,0,20101229,102936,377,200
FOTEX,0,20101229,102936,377,500
FOTEX,0,20101229,102936,377,100
FOTEX,0,20101229,102936,377,79
GENESIS,0,20101229,102952,180,579
GENESIS,0,20101229,102952,183,421
GENESIS,0,20101229,103006,181,1000
EGIS,0,20101229,103029,20100,46
OTP,0,20101229,103042,5158,25
OTP,0,20101229,103051,5155,26
OTP,0,20101229,103102,5158,5
MOL,0,20101229,103238,20450,270
ZWACK,0,20101229,103244,13080,8
ZWACK,0,20101229,103244,13080,5
EGIS,0,20101229,103252,20070,28
EGIS,0,20101229,103252,20070,50
EGIS,0,20101229,103252,20060,4
EGIS,0,20101229,103252,20060,5
EGIS,0,20101229,103252,20050,15
EGIS,0,20101229,103252,20040,4
EGIS,0,20101229,103252,20010,6
EGIS,0,20101229,103252,20005,4
EGIS,0,20101229,103252,20000,34
EBGOLD,0,20101229,103254,3000,30
EGIS,0,20101229,103259,20000,66
EGIS,0,20101229,103259,20000,3
EGIS,0,20101229,103259,20000,3
EGIS,0,20101229,103259,20000,100
RABA,0,20101229,103313,802,9
RABA,0,20101229,103313,801,108
PFLAX,0,20101229,103331,599,99
PFLAX,0,20101229,103331,603,76
PFLAX,0,20101229,103331,606,200
PFLAX,0,20101229,103331,609,99
PFLAX,0,20101229,103331,611,185
PFLAX,0,20101229,103331,612,164
PFLAX,0,20101229,103331,615,200
PFLAX,0,20101229,103331,616,300
PFLAX,0,20101229,103331,617,200
PFLAX,0,20101229,103331,618,110
PFLAX,0,20101229,103331,619,348
PFLAX,0,20101229,103331,620,19
GENESIS,0,20101229,103420,180,400
OTP,0,20101229,103424,5155,12
OTP,0,20101229,103424,5154,88
SYNERGON,0,20101229,103444,474,200
EGIS,0,20101229,103502,20015,1
EGIS,0,20101229,103502,20015,2
EGIS,0,20101229,103502,20000,50
EGIS,0,20101229,103503,20000,90
EGIS,0,20101229,103504,20000,7
EGIS,0,20101229,103504,20090,6
EGIS,0,20101229,103505,20090,9
OTP,0,20101229,103516,5154,200
EGIS,0,20101229,103522,20085,30
EGIS,0,20101229,103534,20000,55
MOL,0,20101229,103536,20505,100
GENESIS,0,20101229,103553,180,300
MOL,0,20101229,103600,20455,10
OTP,0,20101229,103626,5154,22
OTP,0,20101229,103626,5153,168
MOL,0,20101229,103637,20505,100
MOL,0,20101229,103653,20510,1
MOL,0,20101229,103653,20510,7
MTELEKOM,0,20101229,103723,513,5290
OTP,0,20101229,103758,5155,50
MTELEKOM,0,20101229,103803,514,284
MTELEKOM,0,20101229,103803,514,1350
MTELEKOM,0,20101229,103803,514,366
EGIS,0,20101229,103824,20000,95
OTP,0,20101229,103824,5154,110
KEG,0,20101229,103824,141,880
KEG,0,20101229,103824,140,920
MTELEKOM,0,20101229,103906,514,1400
RICHTER,0,20101229,103921,42850,10
RICHTER,0,20101229,103921,42850,40
EGIS,0,20101229,103930,20000,5
MOL,0,20101229,103932,20510,56
MOL,0,20101229,103932,20540,10
MOL,0,20101229,103932,20540,50
MOL,0,20101229,103932,20545,24
OTP,0,20101229,103941,5155,80
OTP,0,20101229,103941,5157,100
OTP,0,20101229,103941,5158,620
MOL,0,20101229,103956,20545,176
MOL,0,20101229,103956,20550,10
MOL,0,20101229,103956,20550,205
MOL,0,20101229,103956,20550,6
MOL,0,20101229,103956,20550,25
MOL,0,20101229,103956,20550,4
MOL,0,20101229,103956,20550,80
MOL,0,20101229,103956,20550,10
MOL,0,20101229,103956,20550,25
MOL,0,20101229,103956,20550,10
MOL,0,20101229,103956,20550,50
MOL,0,20101229,103956,20550,10
MOL,0,20101229,103956,20555,10
MOL,0,20101229,103956,20560,55
MOL,0,20101229,103956,20570,296
MOL,0,20101229,103956,20580,5
MOL,0,20101229,103956,20580,15
MOL,0,20101229,103956,20580,50
MOL,0,20101229,103956,20580,3
MOL,0,20101229,103956,20580,100
MOL,0,20101229,103956,20580,20
MOL,0,20101229,103956,20585,8
MOL,0,20101229,103956,20590,227
MTELEKOM,0,20101229,104007,513,1
MOL,0,20101229,104019,20500,25
DANUBIUS,0,20101229,104051,4405,2000
DANUBIUS,0,20101229,104051,4400,5
DANUBIUS,0,20101229,104051,4315,20
DANUBIUS,0,20101229,104051,4310,20
DANUBIUS,0,20101229,104051,4305,70
DANUBIUS,0,20101229,104051,4305,7
DANUBIUS,0,20101229,104051,4300,30
DANUBIUS,0,20101229,104051,4300,300
MTELEKOM,0,20101229,104058,514,1584
MTELEKOM,0,20101229,104058,514,251
MTELEKOM,0,20101229,104058,514,500
MTELEKOM,0,20101229,104058,514,1090
MTELEKOM,0,20101229,104058,514,2348
DANUBIUS,0,20101229,104101,4300,102
RICHTER,0,20101229,104101,42825,10
PANNERGY,0,20101229,104105,901,200
MOL,0,20101229,104109,20580,15
MOL,0,20101229,104109,20580,5
MOL,0,20101229,104109,20585,200
MOL,0,20101229,104109,20590,23
MOL,0,20101229,104109,20590,7
MOL,0,20101229,104113,20545,20
MOL,0,20101229,104120,20590,41
RICHTER,0,20101229,104122,42850,15
OTP,0,20101229,104124,5158,122
OTP,0,20101229,104124,5159,100
OTP,0,20101229,104124,5160,73
GENESIS,0,20101229,104154,180,300
GENESIS,0,20101229,104154,181,10
FHB,0,20101229,104210,966,300
FHB,0,20101229,104210,966,700
PANNERGY,0,20101229,104219,906,10000
OTP,0,20101229,104259,5154,5
OTP,0,20101229,104311,5156,320
RABA,0,20101229,104327,806,10
OTP,0,20101229,104347,5160,130
FHB,0,20101229,104349,966,90
PHYLAXIA,0,20101229,104350,45,10
RICHTER,0,20101229,104415,42850,9
RICHTER,0,20101229,104415,42850,14
RICHTER,0,20101229,104415,42850,77
RICHTER,0,20101229,104422,42860,23
RICHTER,0,20101229,104427,42860,25
OTP,0,20101229,104435,5160,20
OTP,0,20101229,104447,5160,190
PHYLAXIA,0,20101229,104450,44,1900
OTP,0,20101229,104526,5156,535
OTP,0,20101229,104526,5155,68
OTP,0,20101229,104526,5154,39
OTP,0,20101229,104526,5154,20
OTP,0,20101229,104526,5154,50
OTP,0,20101229,104526,5154,430
OTP,0,20101229,104526,5153,858
MOL,0,20101229,104552,20505,2
OTP,0,20101229,104633,5160,356
OTP,0,20101229,104633,5160,100
OTP,0,20101229,104633,5160,200
OTP,0,20101229,104633,5160,244
OTP,0,20101229,104643,5160,200
OTP,0,20101229,104658,5154,20
OTP,0,20101229,104658,5154,5
OTP,0,20101229,104700,5154,174
ELMU,0,20101229,104700,27160,20
MOL,0,20101229,104701,20580,5
MOL,0,20101229,104701,20580,6
MOL,0,20101229,104701,20580,50
MOL,0,20101229,104701,20585,3
MOL,0,20101229,104701,20585,50
MOL,0,20101229,104701,20585,200
MOL,0,20101229,104701,20590,186
PANNERGY,0,20101229,104707,905,84
GENESIS,0,20101229,104709,180,50
RICHTER,0,20101229,104718,42880,75
RICHTER,0,20101229,104718,42895,66
RICHTER,0,20101229,104718,42900,24
RICHTER,0,20101229,104718,42900,30
RICHTER,0,20101229,104718,42900,70
MTELEKOM,0,20101229,104722,514,652
MTELEKOM,0,20101229,104722,514,10
MTELEKOM,0,20101229,104722,514,2900
MTELEKOM,0,20101229,104722,514,2938
RICHTER,0,20101229,104725,42990,2
RICHTER,0,20101229,104725,42990,150
RICHTER,0,20101229,104725,43000,70
OTP,0,20101229,104729,5153,142
OTP,0,20101229,104729,5153,5
OTP,0,20101229,104729,5153,60
OTP,0,20101229,104729,5153,80
OTP,0,20101229,104729,5153,20
OTP,0,20101229,104729,5153,1000
OTP,0,20101229,104729,5152,50
OTP,0,20101229,104729,5152,469
RICHTER,0,20101229,104732,43095,62
RICHTER,0,20101229,104732,43095,58
OTP,0,20101229,104739,5153,400
EGIS,0,20101229,104742,20000,195
OTP,0,20101229,104757,5155,60
OTP,0,20101229,104757,5154,90
BUX1112,0,20101229,104808,21990,1
MTELEKOM,0,20101229,104831,514,2562
MTELEKOM,0,20101229,104831,514,2000
MTELEKOM,0,20101229,104831,514,1938
OTP,0,20101229,104855,5160,56
OTP,0,20101229,104855,5160,8
MTELEKOM,0,20101229,104901,514,165
BUX1112,0,20101229,104901,21990,3
ZWACK,0,20101229,104949,13085,5
ZWACK,0,20101229,104949,13080,45
OTP,0,20101229,105002,5160,17
OTP,0,20101229,105002,5160,53
ELMU,0,20101229,105113,27170,20
RICHTER,0,20101229,105116,43070,24
RICHTER,0,20101229,105116,43070,27
RICHTER,0,20101229,105131,43080,36
RICHTER,0,20101229,105144,43075,9
OTP,0,20101229,105148,5158,513
OTP,0,20101229,105148,5159,1000
OTP,0,20101229,105148,5160,2
OTP,0,20101229,105148,5160,20
OTP,0,20101229,105148,5160,20
OTP,0,20101229,105148,5160,1191
RICHTER,0,20101229,105149,43075,6
RICHTER,0,20101229,105149,43070,9
MOL,0,20101229,105149,20555,95
OTP,0,20101229,105218,5154,108
OTP,0,20101229,105225,5156,433
EGIS,0,20101229,105241,20000,5
EGIS,0,20101229,105241,20000,69
EGIS,0,20101229,105241,20000,1
GENESIS,0,20101229,105313,180,100
EGIS,0,20101229,105323,20000,100
PHYLAXIA,0,20101229,105335,45,140
PHYLAXIA,0,20101229,105335,45,4235
EGIS,0,20101229,105410,19995,1
GENESIS,0,20101229,105435,180,125
ELMU,0,20101229,105453,27175,20
GENESIS,0,20101229,105458,179,100
HUMET,0,20101229,105532,9,100000
OTP,0,20101229,105638,5154,2
OTP,0,20101229,105638,5154,298
OTP,0,20101229,105712,5159,200
OTP,0,20101229,105712,5159,50
OTP,0,20101229,105712,5160,150
OTP,0,20101229,105720,5160,159
OTP,0,20101229,105720,5160,100
OTP,0,20101229,105720,5160,741
OTP,0,20101229,105720,5160,1000
BUX1112,0,20101229,105729,21998,1
BUX1112,0,20101229,105729,21999,10
BUX1112,0,20101229,105729,22000,10
KEG,0,20101229,105731,140,210
OTP,0,20101229,105825,5160,100
GSPARK,0,20101229,105834,789,250
ELMU,0,20101229,105841,27130,20
EGIS,0,20101229,105843,19970,5
FREESOFT,0,20101229,105930,1911,90
OTP,0,20101229,105943,5158,20
OTP,0,20101229,105943,5159,380
EGIS,0,20101229,110008,19950,5
MTELEKOM,0,20101229,110104,513,840
OTP,0,20101229,110146,5157,13
ZWACK,0,20101229,110147,13100,36
ZWACK,0,20101229,110147,13090,4
ZWACK,0,20101229,110147,13085,3
ZWACK,0,20101229,110147,13080,17
BUX1112,0,20101229,110207,22008,10
OTP,0,20101229,110220,5158,13
OTP,0,20101229,110222,5157,187
BUX1112,0,20101229,110228,22013,2
BUX1112,0,20101229,110228,22018,1
BUX1112,0,20101229,110228,22019,4
BUX1112,0,20101229,110228,22025,1
BUX1112,0,20101229,110228,22029,4
BUX1112,0,20101229,110228,22029.5,1
BUX1112,0,20101229,110228,22030,1
BUX1112,0,20101229,110228,22030,2
BUX1112,0,20101229,110233,22030,35
OTP,0,20101229,110236,5159,200
EGIS,0,20101229,110237,19950,38
ZWACK,0,20101229,110237,13080,33
ZWACK,0,20101229,110237,13080,44
ZWACK,0,20101229,110237,13060,9
ZWACK,0,20101229,110237,13050,6
ZWACK,0,20101229,110237,13050,88
ZWACK,0,20101229,110237,13050,100
ZWACK,0,20101229,110237,13050,20
FHB,0,20101229,110237,966,299
MOL,0,20101229,110238,20545,98
MOL,0,20101229,110238,20505,1
MOL,0,20101229,110238,20500,100
MOL,0,20101229,110238,20500,2
MOL,0,20101229,110238,20490,20
MOL,0,20101229,110238,20415,15
MOL,0,20101229,110238,20410,80
MOL,0,20101229,110238,20405,2
MTELEKOM,0,20101229,110238,513,4763
BUX1112,0,20101229,110238,22030,10
OTP,0,20101229,110238,5157,164
OTP,0,20101229,110238,5154,7
OTP,0,20101229,110238,5154,100
OTP,0,20101229,110238,5154,24
OTP,0,20101229,110238,5153,600
OTP,0,20101229,110238,5153,393
RICHTER,0,20101229,110238,43025,99
GENESIS,0,20101229,110239,179,100
FHB,0,20101229,110242,966,2
BUX1112,0,20101229,110244,22030,18
MTELEKOM,0,20101229,110252,513,20
OTP,0,20101229,110254,5153,100
OTP,0,20101229,110255,5153,150
RICHTER,0,20101229,110257,43050,5
BUX1112,0,20101229,110304,22001,1
GENESIS,0,20101229,110310,179,800
GENESIS,0,20101229,110310,179,200
RICHTER,0,20101229,110312,43000,250
RICHTER,0,20101229,110314,43075,47
RICHTER,0,20101229,110317,43075,35
MTELEKOM,0,20101229,110322,514,1000
RICHTER,0,20101229,110326,43000,44
RICHTER,0,20101229,110326,43000,37
BUX1112,0,20101229,110332,22001,2
GENESIS,0,20101229,110333,178,480
OTP,0,20101229,110428,5159,420
OTP,0,20101229,110428,5159,60
OTP,0,20101229,110428,5159,105
OTP,0,20101229,110428,5160,159
OTP,0,20101229,110428,5160,100
OTP,0,20101229,110428,5160,100
OTP,0,20101229,110428,5160,906
OTP,0,20101229,110438,5160,1000
OTP,0,20101229,110440,5160,94
OTP,0,20101229,110440,5160,100
OTP,0,20101229,110440,5160,100
OTP,0,20101229,110440,5160,706
FHB,0,20101229,110454,966,205
RICHTER,0,20101229,110506,43000,90
MTELEKOM,0,20101229,110541,513,1400
GENESIS,0,20101229,110616,179,100
OTP,0,20101229,110626,5155,25
OTP,0,20101229,110626,5155,185
OTP,0,20101229,110654,5155,46
PHYLAXIA,0,20101229,110700,45,3000
MOL,0,20101229,110727,20445,2
MOL,0,20101229,110727,20445,105
OTP,0,20101229,110748,5159,50
MOL,0,20101229,110807,20410,2
OTP,0,20101229,110819,5155,10
EGIS,0,20101229,110845,19965,5
EGIS,0,20101229,110913,19965,18
MOL,0,20101229,110913,20500,4
FOTEX,0,20101229,110927,378,550
FOTEX,0,20101229,110927,377,121
FOTEX,0,20101229,110927,377,200
FOTEX,0,20101229,110927,377,500
FOTEX,0,20101229,110927,377,629
RICHTER,0,20101229,110933,43000,110
RICHTER,0,20101229,110933,43000,21
RICHTER,0,20101229,110933,43000,29
RICHTER,0,20101229,110933,43000,5
RICHTER,0,20101229,110935,43070,11
RICHTER,0,20101229,110935,43070,50
BUX1112,0,20101229,110947,22002,1
EGIS,0,20101229,111016,19975,8
EGIS,0,20101229,111023,19990,1
OTP,0,20101229,111108,5159,15
RICHTER,0,20101229,111117,43035,28
RICHTER,0,20101229,111117,43035,30
PANNUNION,0,20101229,111154,143,264
PANNUNION,0,20101229,111154,146,300
PANNUNION,0,20101229,111154,147,250
PANNUNION,0,20101229,111154,149,400
GENESIS,0,20101229,111156,179,100
OTP,0,20101229,111239,5159,175
OTP,0,20101229,111239,5160,182
OTP,0,20101229,111259,5160,112
OTP,0,20101229,111259,5160,288
OTP,0,20101229,111337,5159,207
OTP,0,20101229,111337,5159,11
OTP,0,20101229,111337,5156,15
OTP,0,20101229,111337,5156,50
OTP,0,20101229,111337,5155,20
OTP,0,20101229,111337,5154,30
OTP,0,20101229,111337,5154,50
OTP,0,20101229,111337,5153,617
EGIS,0,20101229,111344,19975,14
OTP,0,20101229,111421,5155,200
RICHTER,0,20101229,111427,43000,100
RICHTER,0,20101229,111431,43000,100
RICHTER,0,20101229,111434,43000,50
RICHTER,0,20101229,111434,43000,19
RICHTER,0,20101229,111434,43000,22
RICHTER,0,20101229,111436,43000,9
RICHTER,0,20101229,111436,43065,10
RICHTER,0,20101229,111440,43070,5
RICHTER,0,20101229,111440,43070,20
PHYLAXIA,0,20101229,111540,44,3000
MTELEKOM,0,20101229,111540,513,70
PHYLAXIA,0,20101229,111550,45,2765
PHYLAXIA,0,20101229,111550,45,235
GENESIS,0,20101229,111556,178,20
GENESIS,0,20101229,111556,178,35
PANNERGY,0,20101229,111705,905,110
OTP,0,20101229,111709,5158,500
MTELEKOM,0,20101229,111712,513,1000
RICHTER,0,20101229,111716,43060,30
RICHTER,0,20101229,111716,43060,54
RICHTER,0,20101229,111716,43065,16
PANNERGY,0,20101229,111718,907,492
PANNERGY,0,20101229,111718,907,195
PANNERGY,0,20101229,111718,908,250
PANNERGY,0,20101229,111718,908,448
PANNERGY,0,20101229,111718,910,500
PANNERGY,0,20101229,111718,910,100
PANNERGY,0,20101229,111718,910,205
PANNERGY,0,20101229,111718,910,294
PANNERGY,0,20101229,111718,910,200
GENESIS,0,20101229,111720,179,50
RICHTER,0,20101229,111723,43065,84
RICHTER,0,20101229,111726,43065,16
RICHTER,0,20101229,111726,43065,19
RICHTER,0,20101229,111728,43085,11
RICHTER,0,20101229,111733,43085,59
RICHTER,0,20101229,111735,43095,25
OTP,0,20101229,111740,5158,12
OTP,0,20101229,111740,5155,33
OTP,0,20101229,111740,5153,267
PANNERGY,0,20101229,111742,911,30
PANNERGY,0,20101229,111742,912,560
MOL,0,20101229,111743,20490,2
MOL,0,20101229,111743,20495,30
MOL,0,20101229,111743,20500,61
MOL,0,20101229,111743,20500,200
MOL,0,20101229,111743,20500,120
MOL,0,20101229,111743,20500,180
MOL,0,20101229,111743,20500,20
MOL,0,20101229,111743,20500,1280
RICHTER,0,20101229,111749,43095,17
RICHTER,0,20101229,111749,43095,91
RICHTER,0,20101229,111751,43095,9
MOL,0,20101229,111753,20505,75
MOL,0,20101229,111753,20500,107
MOL,0,20101229,111755,20500,23
RICHTER,0,20101229,111758,43095,8
OTP,0,20101229,111810,5158,388
OTP,0,20101229,111810,5159,100
OTP,0,20101229,111810,5160,1712
OTP,0,20101229,111810,5160,200
OTP,0,20101229,111810,5160,450
MTELEKOM,0,20101229,111824,514,1437
MTELEKOM,0,20101229,111824,514,500
MTELEKOM,0,20101229,111824,514,2000
MTELEKOM,0,20101229,111824,514,5850
MTELEKOM,0,20101229,111824,514,413
OTP,0,20101229,111827,5160,550
OTP,0,20101229,111827,5160,450
OTP,0,20101229,111827,5160,230
OTP,0,20101229,111827,5160,300
OTP,0,20101229,111827,5160,470
EGIS,0,20101229,111852,19975,4
EGIS,0,20101229,111852,19990,9
EGIS,0,20101229,111852,20000,97
EGIS,0,20101229,111852,20000,200
EGIS,0,20101229,111852,20000,100
BUX1112,0,20101229,111858,22020,1
BUX1112,0,20101229,111858,22027,3
BUX1112,0,20101229,111858,22028,2
BUX1112,0,20101229,111858,22029,4
BUX1112,0,20101229,111858,22029.5,1
BUX1112,0,20101229,111858,22030,7
EGIS,0,20101229,111908,20000,12
EGIS,0,20101229,111909,20000,139
PANNERGY,0,20101229,111909,912,166
PANNERGY,0,20101229,111909,910,61
MOL,0,20101229,111915,20500,200
PANNERGY,0,20101229,111951,910,6172
OTP,0,20101229,111957,5155,620
ELMU,0,20101229,112005,27190,10
GENESIS,0,20101229,112015,178,825
GENESIS,0,20101229,112015,178,1675
EGIS,0,20101229,112015,20000,58
RABA,0,20101229,112038,801,67
RABA,0,20101229,112038,801,333
BUX1112,0,20101229,112043,22003,1
MOL,0,20101229,112055,20500,59
RABA,0,20101229,112057,801,500
MTELEKOM,0,20101229,112104,514,480
PHYLAXIA,0,20101229,112112,44,2000
BUX1112,0,20101229,112112,22005,250
PHYLAXIA,0,20101229,112144,44,3100
PHYLAXIA,0,20101229,112144,44,910
OTP,0,20101229,112153,5155,50
OTP,0,20101229,112153,5155,350
GENESIS,0,20101229,112217,178,325
GENESIS,0,20101229,112217,176,400
GENESIS,0,20101229,112312,179,50
EGIS,0,20101229,112318,20000,20
GENESIS,0,20101229,112332,179,400
FHB,0,20101229,112342,965,100
MTELEKOM,0,20101229,112355,514,53
MTELEKOM,0,20101229,112355,514,16
MOL,0,20101229,112431,20500,5
BUX1112,0,20101229,112443,22003,2
ANY,0,20101229,112508,720,170
FOTEX,0,20101229,112618,379,4300
RICHTER,0,20101229,112618,43145,25
MOL,0,20101229,112620,20500,9
RICHTER,0,20101229,112623,43145,19
EGIS,0,20101229,112624,19990,5
OTP,0,20101229,112629,5160,30
OTP,0,20101229,112629,5160,500
OTP,0,20101229,112629,5160,1970
RICHTER,0,20101229,112630,43145,6
OTP,0,20101229,112634,5160,30
OTP,0,20101229,112634,5160,100
OTP,0,20101229,112634,5160,300
OTP,0,20101229,112634,5160,570
OTP,0,20101229,112636,5160,1000
MOL,0,20101229,112717,20540,180
MOL,0,20101229,112717,20545,28
MOL,0,20101229,112717,20545,129
MOL,0,20101229,112717,20550,200
MOL,0,20101229,112717,20550,25
MOL,0,20101229,112717,20555,2
MOL,0,20101229,112717,20555,50
MOL,0,20101229,112717,20555,6
MOL,0,20101229,112717,20555,2
MOL,0,20101229,112717,20575,9
MOL,0,20101229,112717,20575,30
MOL,0,20101229,112717,20575,10
MOL,0,20101229,112717,20585,200
MOL,0,20101229,112717,20590,16
MOL,0,20101229,112717,20590,7
MOL,0,20101229,112717,20590,12
MOL,0,20101229,112717,20590,35
MOL,0,20101229,112717,20595,50
MOL,0,20101229,112717,20595,200
MOL,0,20101229,112717,20595,100
MOL,0,20101229,112717,20600,5
MOL,0,20101229,112717,20600,30
MOL,0,20101229,112717,20600,3
MOL,0,20101229,112717,20600,3
MOL,0,20101229,112717,20600,50
MOL,0,20101229,112717,20600,10
MOL,0,20101229,112717,20600,100
MOL,0,20101229,112717,20600,19
MOL,0,20101229,112717,20600,3
MOL,0,20101229,112717,20600,200
MOL,0,20101229,112717,20600,50
MOL,0,20101229,112717,20600,36
MOL,0,20101229,112717,20600,14
ELMU,0,20101229,112721,27290,9
MOL,0,20101229,112721,20600,1
MOL,0,20101229,112721,20600,1
MOL,0,20101229,112724,20600,2
OTP,0,20101229,112727,5159,200
OTP,0,20101229,112727,5160,430
OTP,0,20101229,112727,5160,370
OTP,0,20101229,112728,5160,1000
OTP,0,20101229,112731,5160,630
OTP,0,20101229,112731,5160,200
OTP,0,20101229,112731,5160,170
PFLAX,0,20101229,112736,615,300
FHB,0,20101229,112818,964,1500
EMASZ,0,20101229,112821,21165,3
PHYLAXIA,0,20101229,112843,44,140
PHYLAXIA,0,20101229,112843,44,3000
PHYLAXIA,0,20101229,112843,44,1860
EGIS,0,20101229,112912,20000,9
OTP,0,20101229,112955,5159,120
OTP,0,20101229,113029,5159,30
OTP,0,20101229,113033,5160,1000
OTP,0,20101229,113038,5160,830
OTP,0,20101229,113038,5160,150
OTP,0,20101229,113038,5160,20
OTP,0,20101229,113038,5160,80
OTP,0,20101229,113038,5160,125
ELMU,0,20101229,113038,27290,10
OTP,0,20101229,113040,5160,795
ETFBUXOTP,0,20101229,113052,895,100
MTELEKOM,0,20101229,113053,513,22
OTP,0,20101229,113053,5159,5
MOL,0,20101229,113053,20555,1
OTP,0,20101229,113100,5159,267
OTP,0,20101229,113100,5159,574
MOL,0,20101229,113103,20555,50
GSPARK,0,20101229,113123,776,53
OTP,0,20101229,113125,5159,15
OTP,0,20101229,113125,5158,200
OTP,0,20101229,113144,5158,100
MTELEKOM,0,20101229,113158,513,150
EGIS,0,20101229,113224,19985,2
EGIS,0,20101229,113224,19985,26
EGIS,0,20101229,113224,19980,10
EGIS,0,20101229,113224,19970,12
PANNERGY,0,20101229,113225,906,100
ECONET,0,20101229,113241,89,2000
ELMU,0,20101229,113246,27330,15
RABA,0,20101229,113252,801,27
RABA,0,20101229,113252,801,170
BUX1112,0,20101229,113303,22020,1
RICHTER,0,20101229,113322,43100,1
RICHTER,0,20101229,113322,43100,2
MOL,0,20101229,113322,20570,10
HUMET,0,20101229,113329,9,8750
MOL,0,20101229,113343,20585,3
MOL,0,20101229,113343,20590,1
MOL,0,20101229,113343,20590,45
MOL,0,20101229,113343,20590,30
MOL,0,20101229,113343,20595,141
MOL,0,20101229,113343,20595,200
MOL,0,20101229,113343,20595,100
MOL,0,20101229,113343,20600,198
MOL,0,20101229,113343,20600,50
MOL,0,20101229,113343,20600,235
ZWACK,0,20101229,113353,13060,6
MOL,0,20101229,113355,20585,10
OTP,0,20101229,113403,5156,178
OTP,0,20101229,113403,5155,522
MOL,0,20101229,113406,20585,28
BUX1112,0,20101229,113406,22029.5,1
BUX1112,0,20101229,113406,22030,3
BUX1112,0,20101229,113406,22030,7
BUX1112,0,20101229,113406,22034,6
BUX1112,0,20101229,113406,22037.5,1
BUX1112,0,20101229,113406,22039,1
BUX1112,0,20101229,113406,22039.5,2
BUX1112,0,20101229,113406,22040,1
BUX1112,0,20101229,113406,22040,5
BUX1112,0,20101229,113406,22040,2
BUX1112,0,20101229,113406,22043,1
BUX1112,0,20101229,113406,22043,2
BUX1112,0,20101229,113406,22044,3
BUX1112,0,20101229,113406,22044,1
BUX1112,0,20101229,113406,22049.5,1
BUX1112,0,20101229,113406,22050,1
BUX1112,0,20101229,113406,22050,1
BUX1112,0,20101229,113406,22050,20
BUX1112,0,20101229,113406,22050,1
BUX1112,0,20101229,113406,22050,10
BUX1112,0,20101229,113406,22050,2
EGIS,0,20101229,113416,19990,24
EGIS,0,20101229,113416,19970,14
FHB,0,20101229,113417,963,100
FHB,0,20101229,113417,962,199
MTELEKOM,0,20101229,113417,513,4763
OTP,0,20101229,113417,5155,28
OTP,0,20101229,113417,5155,20
OTP,0,20101229,113417,5154,1240
RICHTER,0,20101229,113417,43105,66
RICHTER,0,20101229,113417,43105,1
RICHTER,0,20101229,113417,43000,32
MOL,0,20101229,113432,20550,31
OTP,0,20101229,113432,5154,400
BUX1112,0,20101229,113502,22050,1
BUX1112,0,20101229,113510,22050,1
BUX1112,0,20101229,113512,22050,1
ZWACK,0,20101229,113529,13060,4
MOL,0,20101229,113538,20550,287
MOL,0,20101229,113538,20550,126
MOL,0,20101229,113538,20570,72
MOL,0,20101229,113538,20600,765
MOL,0,20101229,113538,20600,5000
BUX1112,0,20101229,113540,22050,1
BUX1112,0,20101229,113554,22050,1
MOL,0,20101229,113607,20590,4
FOTEX,0,20101229,113629,377,582
BUX1112,0,20101229,113633,22050,2
BUX1112,0,20101229,113646,22050,6
BUX1112,0,20101229,113712,22050,5
OTP,0,20101229,113713,5154,720
EGIS,0,20101229,113719,20000,10
RICHTER,0,20101229,113802,43100,50
KEG,0,20101229,113809,140,350
FHB,0,20101229,113826,962,101
FHB,0,20101229,113826,962,400
FHB,0,20101229,113826,960,100
FHB,0,20101229,113826,960,524
FHB,0,20101229,113826,960,400
EBGOLD,0,20101229,113915,2993,10
RICHTER,0,20101229,113916,43135,39
RICHTER,0,20101229,113916,43135,11
MOL,0,20101229,113917,20505,30
MOL,0,20101229,113917,20505,100
MOL,0,20101229,113917,20505,98
MOL,0,20101229,113917,20500,79
MOL,0,20101229,113917,20500,212
MOL,0,20101229,113917,20500,10
MOL,0,20101229,113917,20455,200
MOL,0,20101229,113917,20450,152
MOL,0,20101229,113917,20450,85
MOL,0,20101229,113917,20450,50
MOL,0,20101229,113917,20420,25
MOL,0,20101229,113917,20415,100
MOL,0,20101229,113917,20415,11
MOL,0,20101229,113917,20415,20
MOL,0,20101229,113917,20415,3
MOL,0,20101229,113917,20410,8
MOL,0,20101229,113917,20405,10
MOL,0,20101229,113917,20400,30
MOL,0,20101229,113917,20400,100
MOL,0,20101229,113917,20400,100
MOL,0,20101229,113917,20400,50
MOL,0,20101229,113917,20400,5
MOL,0,20101229,113917,20400,25
MOL,0,20101229,113917,20400,10
BUX1112,0,20101229,113920,22050,3
MOL,0,20101229,113921,20400,48
ELMU,0,20101229,113926,27330,8
RICHTER,0,20101229,113926,43150,10
OTP,0,20101229,113927,5155,100
OTP,0,20101229,113927,5154,40
OTP,0,20101229,113927,5159,5
BUX1112,0,20101229,113928,22050,7
MOL,0,20101229,113934,20585,1
MOL,0,20101229,113934,20585,9
FHB,0,20101229,113943,960,700
MTELEKOM,0,20101229,114005,514,284
MTELEKOM,0,20101229,114005,514,389
RICHTER,0,20101229,114014,43150,24
RICHTER,0,20101229,114014,43150,3
OTP,0,20101229,114028,5154,285
OTP,0,20101229,114036,5158,1000
OTP,0,20101229,114036,5158,1000
OTP,0,20101229,114053,5159,5
OTP,0,20101229,114100,5159,134
ELMU,0,20101229,114108,27330,7
OTP,0,20101229,114109,5159,50
RICHTER,0,20101229,114131,43100,20
OTP,0,20101229,114139,5154,50
RICHTER,0,20101229,114156,43100,30
RICHTER,0,20101229,114156,43005,30
RICHTER,0,20101229,114156,43000,40
RICHTER,0,20101229,114157,43145,29
MTELEKOM,0,20101229,114227,514,1500
OTP,0,20101229,114233,5158,200
OTP,0,20101229,114233,5159,163
RICHTER,0,20101229,114241,43130,17
RICHTER,0,20101229,114241,43150,23
RICHTER,0,20101229,114241,43175,2
RICHTER,0,20101229,114241,43185,8
OTP,0,20101229,114300,5159,87
OTP,0,20101229,114300,5159,1000
OTP,0,20101229,114300,5160,113
GENESIS,0,20101229,114335,179,300
OTP,0,20101229,114405,5160,38
KEG,0,20101229,114447,141,3250
MTELEKOM,0,20101229,114448,514,2111
MTELEKOM,0,20101229,114448,514,500
MTELEKOM,0,20101229,114448,514,200
MTELEKOM,0,20101229,114448,514,2000
MTELEKOM,0,20101229,114448,514,1000
MTELEKOM,0,20101229,114448,514,689
OTP,0,20101229,114516,5155,180
OTP,0,20101229,114516,5155,50
OTP,0,20101229,114547,5154,1070
HUMET,0,20101229,114637,9,25000
MTELEKOM,0,20101229,114659,513,40
MTELEKOM,0,20101229,114737,514,311
MTELEKOM,0,20101229,114737,514,369
BUX1112,0,20101229,114803,22045,6
BUX1112,0,20101229,114803,22049,4
BUX1112,0,20101229,114803,22050,7
BUX1112,0,20101229,114803,22050,10
BUX1112,0,20101229,114803,22050,1
OTP,0,20101229,114807,5154,1195
OTP,0,20101229,114807,5153,172
OTP,0,20101229,114807,5153,633
OTP,0,20101229,114832,5155,171
OTP,0,20101229,114832,5153,29
BUX1112,0,20101229,114838,22050,2
MOL,0,20101229,114844,20545,150
MOL,0,20101229,114854,20545,30
MOL,0,20101229,114854,20550,47
MOL,0,20101229,114854,20550,130
MOL,0,20101229,114900,20550,15
PFLAX,0,20101229,114931,576,99
PFLAX,0,20101229,114931,575,101
EGIS,0,20101229,114938,19980,10
EGIS,0,20101229,114938,19975,10
EGIS,0,20101229,114938,19970,24
EGIS,0,20101229,114938,19965,10
EGIS,0,20101229,114938,19960,10
EGIS,0,20101229,114938,19960,5
EGIS,0,20101229,114938,19950,7
EGIS,0,20101229,114938,19940,1
EGIS,0,20101229,114938,19920,10
EGIS,0,20101229,114938,19910,10
EGIS,0,20101229,114938,19910,3
FOTEX,0,20101229,115031,378,404
OTP,0,20101229,115130,5155,50
OTP,0,20101229,115130,5155,50
OTP,0,20101229,115139,5155,339
OTP,0,20101229,115139,5153,338
OTP,0,20101229,115139,5153,1000
OTP,0,20101229,115139,5153,8
OTP,0,20101229,115139,5153,50
OTP,0,20101229,115139,5153,50
OTP,0,20101229,115139,5153,415
RABA,0,20101229,115145,801,430
RABA,0,20101229,115145,801,295
OTP,0,20101229,115158,5153,200
PFLAX,0,20101229,115200,615,1
GENESIS,0,20101229,115301,179,50
MTELEKOM,0,20101229,115346,514,131
MTELEKOM,0,20101229,115346,514,650
MTELEKOM,0,20101229,115346,514,219
MOL,0,20101229,115503,20530,100
OTP,0,20101229,115627,5160,1054
OTP,0,20101229,115627,5160,100
OTP,0,20101229,115627,5160,100
OTP,0,20101229,115627,5160,500
OTP,0,20101229,115627,5160,100
OTP,0,20101229,115627,5160,115
OTP,0,20101229,115627,5165,500
OTP,0,20101229,115627,5165,25
OTP,0,20101229,115627,5165,50
OTP,0,20101229,115627,5168,100
OTP,0,20101229,115627,5168,10
OTP,0,20101229,115627,5169,98
OTP,0,20101229,115627,5169,566
KEG,0,20101229,115637,140,1400
KEG,0,20101229,115637,140,500
KEG,0,20101229,115637,140,2150
KEG,0,20101229,115637,140,1000
KEG,0,20101229,115637,140,4950
OTP,0,20101229,115645,5160,1000
OTP,0,20101229,115647,5160,1000
FOTEX,0,20101229,115653,378,200
OTP,0,20101229,115654,5160,1000
OTP,0,20101229,115658,5160,1000
OTP,0,20101229,115700,5160,1000
RICHTER,0,20101229,115700,43180,22
OTP,0,20101229,115700,5155,135
OTP,0,20101229,115700,5155,100
OTP,0,20101229,115703,5155,765
OTP,0,20101229,115706,5160,235
MTELEKOM,0,20101229,115722,514,831
MTELEKOM,0,20101229,115722,514,150
KEG,0,20101229,115731,142,100
MOL,0,20101229,115732,20535,4
OTP,0,20101229,115736,5159,600
OTP,0,20101229,115736,5160,1765
OTP,0,20101229,115736,5160,235
OTP,0,20101229,115736,5160,143
OTP,0,20101229,115807,5160,357
OTP,0,20101229,115807,5160,500
OTP,0,20101229,115807,5160,500
OTP,0,20101229,115807,5160,200
OTP,0,20101229,115807,5160,1000
OTP,0,20101229,115807,5160,1443
MOL,0,20101229,115810,20540,2
MOL,0,20101229,115819,20540,86
MOL,0,20101229,115819,20545,20
MOL,0,20101229,115819,20545,100
MOL,0,20101229,115819,20545,135
MOL,0,20101229,115819,20550,141
PFLAX,0,20101229,115823,575,9
PFLAX,0,20101229,115823,561,2007
MOL,0,20101229,115825,20550,59
MOL,0,20101229,115825,20550,15
OTP,0,20101229,115827,5160,557
OTP,0,20101229,115827,5160,443
OTP,0,20101229,115827,5160,57
OTP,0,20101229,115827,5160,300
OTP,0,20101229,115830,5160,643
MOL,0,20101229,115835,20550,100
OTP,0,20101229,115835,5160,357
BUX1112,0,20101229,115839,22050,10
OTP,0,20101229,115840,5160,643
OTP,0,20101229,115840,5160,850
OTP,0,20101229,115840,5160,507
BUX1112,0,20101229,115843,22050,1
BUX1112,0,20101229,115843,22064,2
BUX1112,0,20101229,115843,22068,1
BUX1112,0,20101229,115843,22068,1
BUX1112,0,20101229,115843,22069,1
BUX1112,0,20101229,115843,22069.5,1
BUX1112,0,20101229,115843,22070,1
OTP,0,20101229,115846,5160,84
BUX1112,0,20101229,115847,22075,1
OTP,0,20101229,115848,5160,416
OTP,0,20101229,115848,5160,584
OTP,0,20101229,115858,5160,1000
OTP,0,20101229,115858,5160,416
OTP,0,20101229,115858,5160,500
OTP,0,20101229,115858,5160,84
OTP,0,20101229,115918,5159,3000
OTP,0,20101229,115920,5159,3000
OTP,0,20101229,115931,5159,3000
MTELEKOM,0,20101229,120051,514,250
OTP,0,20101229,120103,5158,38
FOTEX,0,20101229,120108,378,396
RICHTER,0,20101229,120114,43170,1
RICHTER,0,20101229,120114,43170,48
EBGOLD,0,20101229,120117,3001,660
OTP,0,20101229,120143,5158,6
MTELEKOM,0,20101229,120237,515,200
BUX1112,0,20101229,120340,22069,1
BUX1112,0,20101229,120340,22069,1
EGIS,0,20101229,120359,19990,1
EGIS,0,20101229,120359,19990,15
EGIS,0,20101229,120400,19985,4
PFLAX,0,20101229,120426,612,1900
MOL,0,20101229,120513,20515,50
MOL,0,20101229,120513,20515,100
MOL,0,20101229,120513,20510,10
GENESIS,0,20101229,120518,177,150
GENESIS,0,20101229,120518,177,400
GENESIS,0,20101229,120518,176,1000
GENESIS,0,20101229,120518,176,260
GENESIS,0,20101229,120518,175,100
GENESIS,0,20101229,120518,175,90
MTELEKOM,0,20101229,120623,514,700
GENESIS,0,20101229,120650,179,50
OTP,0,20101229,120708,5158,81
OTP,0,20101229,120736,5157,13
OTP,0,20101229,120736,5157,673
MTELEKOM,0,20101229,120738,515,19
OTP,0,20101229,120746,5158,875
OTP,0,20101229,120746,5158,75
MTELEKOM,0,20101229,120807,514,430
RICHTER,0,20101229,120900,43170,20
RICHTER,0,20101229,120900,43155,50
RICHTER,0,20101229,120900,43150,9
RICHTER,0,20101229,120900,43150,13
RICHTER,0,20101229,120902,43150,8
OTP,0,20101229,120902,5157,10
RABA,0,20101229,120912,804,300
RICHTER,0,20101229,120920,43150,12
MTELEKOM,0,20101229,120943,514,50
BUX1112,0,20101229,121006,22065,1
FOTEX,0,20101229,121008,377,1400
RICHTER,0,20101229,121014,43180,8
RICHTER,0,20101229,121014,43180,4
RICHTER,0,20101229,121014,43180,38
RICHTER,0,20101229,121014,43180,5
RICHTER,0,20101229,121014,43185,42
RICHTER,0,20101229,121014,43185,3
OTP,0,20101229,121129,5153,341
OTP,0,20101229,121146,5157,26
OTP,0,20101229,121146,5158,9
OTP,0,20101229,121152,5153,44
OTP,0,20101229,121152,5153,11
OTP,0,20101229,121205,5157,391
OTP,0,20101229,121216,5157,264
BUX1112,0,20101229,121226,22055,1
OTP,0,20101229,121236,5157,500
OTP,0,20101229,121241,5157,150
FHB,0,20101229,121249,960,76
FHB,0,20101229,121249,960,120
FHB,0,20101229,121249,960,204
OTP,0,20101229,121441,5157,15
PHYLAXIA,0,20101229,121458,44,1140
PHYLAXIA,0,20101229,121458,44,1800
PHYLAXIA,0,20101229,121458,44,3750
PHYLAXIA,0,20101229,121458,44,1510
FOTEX,0,20101229,121652,377,722
FOTEX,0,20101229,121652,377,200
FOTEX,0,20101229,121652,377,90
DANUBIUS,0,20101229,121659,4430,2
MOL,0,20101229,121733,20550,18
OTP,0,20101229,121744,5159,50
OTP,0,20101229,121744,5159,50
OTP,0,20101229,121744,5159,30
MTELEKOM,0,20101229,121744,514,250
BUX1112,0,20101229,121749,22053,4
OTP,0,20101229,121814,5159,145
OTP,0,20101229,121814,5160,416
OTP,0,20101229,121814,5160,939
MOL,0,20101229,121817,20545,11
FOTEX,0,20101229,121854,377,88
EGIS,0,20101229,121911,20000,2
EGIS,0,20101229,121911,20000,11
EGIS,0,20101229,121913,20000,26
OTP,0,20101229,121914,5158,150
MTELEKOM,0,20101229,121946,514,2747
MTELEKOM,0,20101229,121946,514,1200
MTELEKOM,0,20101229,121946,514,837
MTELEKOM,0,20101229,121946,514,22
PANNERGY,0,20101229,122002,909,600
PANNERGY,0,20101229,122002,910,500
PANNERGY,0,20101229,122002,911,150
MTELEKOM,0,20101229,122012,514,1500
HUMET,0,20101229,122015,8,2778
MTELEKOM,0,20101229,122015,514,952
RICHTER,0,20101229,122025,43180,3
RICHTER,0,20101229,122025,43185,27
GENESIS,0,20101229,122032,179,256
GENESIS,0,20101229,122032,179,92
MOL,0,20101229,122034,20550,12
MOL,0,20101229,122034,20550,38
OTP,0,20101229,122038,5158,230
OTP,0,20101229,122055,5158,130
MOL,0,20101229,122101,20550,86
MTELEKOM,0,20101229,122101,514,252
BUX1112,0,20101229,122107,22053,1
MTELEKOM,0,20101229,122116,514,490
MTELEKOM,0,20101229,122116,514,210
SYNERGON,0,20101229,122127,474,120
OTP,0,20101229,122134,5159,300
MTELEKOM,0,20101229,122241,514,742
MOL,0,20101229,122252,20555,4
MOL,0,20101229,122252,20555,84
MOL,0,20101229,122252,20570,20
MOL,0,20101229,122252,20570,100
MOL,0,20101229,122252,20580,40
MOL,0,20101229,122252,20585,20
MTELEKOM,0,20101229,122309,514,5000
MOL,0,20101229,122312,20550,76
MOL,0,20101229,122312,20585,10
MOL,0,20101229,122312,20585,50
MOL,0,20101229,122312,20585,40
MOL,0,20101229,122312,20585,100
MOL,0,20101229,122312,20590,1
MOL,0,20101229,122312,20590,15
MOL,0,20101229,122312,20590,8
OTP,0,20101229,122314,5159,87
MTELEKOM,0,20101229,122342,514,758
RICHTER,0,20101229,122430,43185,18
EGIS,0,20101229,122436,20000,263
EGIS,0,20101229,122436,20000,82
OTP,0,20101229,122445,5158,30
FREESOFT,0,20101229,122515,1914,120
DANUBIUS,0,20101229,122519,4400,163
OTP,0,20101229,122520,5160,30
MOL,0,20101229,122607,20580,180
MOL,0,20101229,122607,20585,20
GENESIS,0,20101229,122613,175,560
GENESIS,0,20101229,122613,175,200
GENESIS,0,20101229,122613,175,1240
EGIS,0,20101229,122629,19980,10
EGIS,0,20101229,122629,19950,22
EGIS,0,20101229,122629,19915,18
OTP,0,20101229,122728,5158,20
OTP,0,20101229,122728,5158,150
OTP,0,20101229,122728,5158,204
OTP,0,20101229,122728,5158,6
OTP,0,20101229,122750,5159,350
MOL,0,20101229,122903,20540,98
MOL,0,20101229,122903,20530,100
MOL,0,20101229,122903,20525,110
ETFBUXOTP,0,20101229,122952,894,300
MTELEKOM,0,20101229,122953,513,65
OTP,0,20101229,122953,5158,16
MOL,0,20101229,122953,20530,4
RICHTER,0,20101229,122953,43135,1
OTP,0,20101229,123029,5158,25
GENESIS,0,20101229,123118,175,1000
ECONET,0,20101229,123137,90,2975
ECONET,0,20101229,123137,90,5000
ECONET,0,20101229,123137,90,670
ECONET,0,20101229,123137,90,1355
OTP,0,20101229,123200,5158,50
TVK,0,20101229,123217,3385,50
MTELEKOM,0,20101229,123228,514,850
GENESIS,0,20101229,123254,175,689
GENESIS,0,20101229,123254,175,311
OTP,0,20101229,123259,5160,1031
OTP,0,20101229,123259,5160,469
OTP,0,20101229,123300,5160,31
OTP,0,20101229,123300,5160,500
OTP,0,20101229,123300,5160,500
OTP,0,20101229,123300,5160,469
RABA,0,20101229,123421,802,100
RICHTER,0,20101229,123534,43135,8
RABA,0,20101229,123635,801,388
RICHTER,0,20101229,123843,43005,1
OTP,0,20101229,123909,5158,133
KEG,0,20101229,123913,140,50
KEG,0,20101229,123913,140,600
KEG,0,20101229,123913,140,1450
KEG,0,20101229,123942,142,100
MOL,0,20101229,124013,20580,4
MOL,0,20101229,124100,20580,89
GENESIS,0,20101229,124106,178,277
GENESIS,0,20101229,124313,178,3
OTP,0,20101229,124322,5157,500
RICHTER,0,20101229,124410,43020,58
OTP,0,20101229,124417,5157,210
MOL,0,20101229,124529,20580,11
MOL,0,20101229,124529,20585,180
MOL,0,20101229,124529,20585,200
MOL,0,20101229,124529,20585,50
MOL,0,20101229,124529,20590,103
MOL,0,20101229,124529,20590,200
MOL,0,20101229,124529,20590,50
MOL,0,20101229,124529,20590,200
MOL,0,20101229,124529,20590,8
MOL,0,20101229,124529,20590,100
MOL,0,20101229,124529,20590,30
MOL,0,20101229,124529,20595,300
MOL,0,20101229,124529,20595,50
MOL,0,20101229,124529,20600,1000
MOL,0,20101229,124529,20600,230
MOL,0,20101229,124529,20600,10
MOL,0,20101229,124529,20600,10
MOL,0,20101229,124529,20600,100
MOL,0,20101229,124529,20600,15
MOL,0,20101229,124529,20600,72
MOL,0,20101229,124529,20600,17
MOL,0,20101229,124529,20600,10
MOL,0,20101229,124529,20600,5
MOL,0,20101229,124617,20605,99
MOL,0,20101229,124617,20600,49
MOL,0,20101229,124617,20600,400
PFLAX,0,20101229,124648,610,2000
MOL,0,20101229,124656,20600,452
MOL,0,20101229,124656,20600,248
OTP,0,20101229,124719,5158,30
GENESIS,0,20101229,124803,175,189
GENESIS,0,20101229,124803,175,30
GENESIS,0,20101229,124803,174,500
GENESIS,0,20101229,124803,174,281
OTP,0,20101229,124815,5157,578
OTP,0,20101229,124910,5157,100
MOL,0,20101229,124920,20555,27
MTELEKOM,0,20101229,124930,513,777
MTELEKOM,0,20101229,124936,514,854
OTP,0,20101229,124939,5158,201
RICHTER,0,20101229,124939,43020,11
GENESIS,0,20101229,124948,175,500
EGIS,0,20101229,124951,19935,3
EGIS,0,20101229,124951,19935,23
ORC,0,20101229,124959,1960,40
EMASZ,0,20101229,125006,21165,23
RABA,0,20101229,125010,801,517
RABA,0,20101229,125010,801,250
RABA,0,20101229,125010,801,100
RABA,0,20101229,125010,800,100
RABA,0,20101229,125010,800,117
MOL,0,20101229,125023,20595,100
MOL,0,20101229,125023,20595,50
MOL,0,20101229,125023,20595,126
MOL,0,20101229,125023,20600,24
MOL,0,20101229,125120,20600,28
MOL,0,20101229,125120,20600,30
MOL,0,20101229,125120,20600,128
PANNERGY,0,20101229,125152,910,750
PANNERGY,0,20101229,125152,910,1610
OTP,0,20101229,125303,5158,40
PHYLAXIA,0,20101229,125311,44,2020
PHYLAXIA,0,20101229,125311,44,2000
PHYLAXIA,0,20101229,125311,44,530
MOL,0,20101229,125315,20600,100
PHYLAXIA,0,20101229,125346,44,1470
PHYLAXIA,0,20101229,125346,44,1530
MTELEKOM,0,20101229,125425,513,70
RICHTER,0,20101229,125502,43025,15
RICHTER,0,20101229,125502,43025,9
RICHTER,0,20101229,125505,43025,8
RICHTER,0,20101229,125519,43025,13
OTP,0,20101229,125535,5157,450
MTELEKOM,0,20101229,125537,513,500
ANY,0,20101229,125543,720,1954
MOL,0,20101229,125737,20605,418
OTP,0,20101229,125813,5158,36
OTP,0,20101229,125813,5158,38
BUX1112,0,20101229,125817,22050,3
RICHTER,0,20101229,125912,43020,2
RICHTER,0,20101229,125912,43005,8
HUMET,0,20101229,125933,9,50000
PANNERGY,0,20101229,130003,906,700
ORC,0,20101229,130035,1960,260
ECONET,0,20101229,130044,90,8645
ECONET,0,20101229,130044,90,855
OTP,0,20101229,130050,5158,20
OTP,0,20101229,130137,5157,1000
MOL,0,20101229,130147,20610,99
MOL,0,20101229,130147,20600,100
MOL,0,20101229,130147,20600,1
OTP,0,20101229,130158,5157,140
BUX1112,0,20101229,130203,22040,1
OTP,0,20101229,130223,5157,172
OTP,0,20101229,130223,5157,20
MOL,0,20101229,130249,20615,4
MOL,0,20101229,130249,20615,96
FHB,0,20101229,130258,960,496
FHB,0,20101229,130258,960,100
MOL,0,20101229,130350,20600,247
AAA,0,20101229,130357,227,680
MOL,0,20101229,130405,20600,253
MOL,0,20101229,130405,20600,127
MOL,0,20101229,130412,20600,20
MOL,0,20101229,130412,20600,400
MOL,0,20101229,130419,20600,80
MOL,0,20101229,130423,20600,120
MOL,0,20101229,130433,20600,300
MOL,0,20101229,130436,20600,80
MOL,0,20101229,130436,20600,300
MOL,0,20101229,130436,20600,20
RICHTER,0,20101229,130501,43010,3
RICHTER,0,20101229,130501,43010,2
MOL,0,20101229,130502,20600,112
MOL,0,20101229,130502,20600,150
MOL,0,20101229,130511,20620,90
OTP,0,20101229,130516,5157,408
OTP,0,20101229,130516,5157,70
OTP,0,20101229,130516,5157,11
MOL,0,20101229,130519,20600,110
OTP,0,20101229,130533,5157,20
OTP,0,20101229,130604,5156,36
BUX1112,0,20101229,130619,22040,2
BUX1112,0,20101229,130704,22040,1
OTP,0,20101229,130722,5156,400
MTELEKOM,0,20101229,130731,514,2538
MTELEKOM,0,20101229,130731,514,200
MTELEKOM,0,20101229,130731,514,1667
ANY,0,20101229,130858,720,950
MOL,0,20101229,130920,20620,100
MOL,0,20101229,130920,20620,28
ANY,0,20101229,131031,720,426
ANY,0,20101229,131031,720,450
ANY,0,20101229,131031,720,954
PANNERGY,0,20101229,131106,908,400
OTP,0,20101229,131106,5156,64
OTP,0,20101229,131106,5156,126
OTP,0,20101229,131106,5155,10
OTP,0,20101229,131106,5155,500
OTP,0,20101229,131106,5153,800
OTP,0,20101229,131108,5153,189
OTP,0,20101229,131108,5153,190
OTP,0,20101229,131108,5153,500
OTP,0,20101229,131108,5153,621
OTP,0,20101229,131109,5153,1500
OTP,0,20101229,131118,5153,879
OTP,0,20101229,131124,5153,621
OTP,0,20101229,131124,5153,879
OTP,0,20101229,131124,5151,1000
OTP,0,20101229,131124,5151,100
OTP,0,20101229,131124,5150,38
OTP,0,20101229,131124,5150,14
OTP,0,20101229,131124,5150,584
OTP,0,20101229,131124,5150,20
OTP,0,20101229,131124,5150,100
OTP,0,20101229,131124,5150,20
OTP,0,20101229,131124,5150,1100
OTP,0,20101229,131124,5150,1000
OTP,0,20101229,131124,5150,100
OTP,0,20101229,131124,5150,50
OTP,0,20101229,131124,5150,100
OTP,0,20101229,131124,5150,200
OTP,0,20101229,131124,5150,200
OTP,0,20101229,131124,5150,250
OTP,0,20101229,131124,5150,4000
OTP,0,20101229,131124,5150,30
OTP,0,20101229,131124,5150,65
OTP,0,20101229,131124,5150,10
OTP,0,20101229,131124,5150,116
OTP,0,20101229,131124,5150,24
OTP,0,20101229,131133,5153,1500
OTP,0,20101229,131133,5150,500
OTP,0,20101229,131144,5153,1500
MOL,0,20101229,131212,20605,98
MOL,0,20101229,131212,20600,122
OTP,0,20101229,131249,5153,1500
OTP,0,20101229,131249,5150,476
OTP,0,20101229,131249,5150,3024
OTP,0,20101229,131301,5153,30
OTP,0,20101229,131303,5153,600
OTP,0,20101229,131310,5153,870
OTP,0,20101229,131310,5153,630
OTP,0,20101229,131311,5153,870
OTP,0,20101229,131311,5153,630
OTP,0,20101229,131312,5153,870
OTP,0,20101229,131312,5153,630
OTP,0,20101229,131315,5154,40
OTP,0,20101229,131315,5155,5
OTP,0,20101229,131316,5153,870
OTP,0,20101229,131316,5153,130
OTP,0,20101229,131321,5153,600
OTP,0,20101229,131350,5154,25
OTP,0,20101229,131435,5153,770
OTP,0,20101229,131435,5153,2230
OTP,0,20101229,131435,5153,2081
MOL,0,20101229,131437,20600,50
BUX1112,0,20101229,131445,22040,1
OTP,0,20101229,131454,5151,400
BUX1112,0,20101229,131457,22040,1
OTP,0,20101229,131517,5153,2230
OTP,0,20101229,131517,5153,400
OTP,0,20101229,131519,5153,1681
OTP,0,20101229,131519,5152,819
MOL,0,20101229,131524,20600,28
MOL,0,20101229,131524,20600,100
OTP,0,20101229,131535,5153,300
MOL,0,20101229,131535,20600,400
OTP,0,20101229,131549,5153,42
FHB,0,20101229,131646,960,4
MTELEKOM,0,20101229,131803,513,1000
OTP,0,20101229,131818,5154,1475
OTP,0,20101229,131818,5154,200
OTP,0,20101229,131818,5155,470
MOL,0,20101229,131900,20570,10
GENESIS,0,20101229,131913,175,1000
MOL,0,20101229,131946,20570,100
MTELEKOM,0,20101229,132046,513,5500
MOL,0,20101229,132056,20570,3
OTP,0,20101229,132110,5154,50
RABA,0,20101229,132127,802,100
OTP,0,20101229,132331,5155,652
BUX1112,0,20101229,132331,22040,3
BUX1112,0,20101229,132408,22040,2
OTP,0,20101229,132420,5155,200
OTP,0,20101229,132423,5153,336
OTP,0,20101229,132444,5153,80
RICHTER,0,20101229,132447,43100,61
RICHTER,0,20101229,132447,43100,6
RICHTER,0,20101229,132448,43135,9
RICHTER,0,20101229,132452,43145,11
GENESIS,0,20101229,132529,174,119
GENESIS,0,20101229,132529,174,200
GENESIS,0,20101229,132529,173,181
BUX1112,0,20101229,132621,22040,2
MOL,0,20101229,132645,20570,22
MOL,0,20101229,132645,20570,100
MOL,0,20101229,132645,20575,50
MOL,0,20101229,132645,20575,127
MOL,0,20101229,132645,20595,300
MTELEKOM,0,20101229,132655,514,1000
MTELEKOM,0,20101229,132659,514,333
MTELEKOM,0,20101229,132659,514,300
MTELEKOM,0,20101229,132659,514,315
MTELEKOM,0,20101229,132714,514,52
OTP,0,20101229,132715,5153,640
OTP,0,20101229,132715,5153,22
RICHTER,0,20101229,132718,43145,31
RICHTER,0,20101229,132718,43150,10
RICHTER,0,20101229,132718,43180,9
ECONET,0,20101229,132723,89,649
ECONET,0,20101229,132723,89,200
ECONET,0,20101229,132723,88,950
MOL,0,20101229,132725,20600,25
MOL,0,20101229,132725,20600,175
MOL,0,20101229,132730,20600,50
OTP,0,20101229,132731,5153,100
OTP,0,20101229,132743,5155,148
OTP,0,20101229,132743,5157,500
OTP,0,20101229,132743,5157,52
OTP,0,20101229,132752,5157,8
OTP,0,20101229,132752,5157,50
OTP,0,20101229,132752,5157,50
OTP,0,20101229,132752,5158,292
OTP,0,20101229,132758,5158,200
PANNERGY,0,20101229,132809,908,300
MTELEKOM,0,20101229,132833,513,452
MTELEKOM,0,20101229,132833,513,2000
MTELEKOM,0,20101229,132833,513,400
MTELEKOM,0,20101229,132833,513,10
MTELEKOM,0,20101229,132833,513,4038
MTELEKOM,0,20101229,132842,514,105
RABA,0,20101229,132900,801,100
RABA,0,20101229,132900,801,220
RABA,0,20101229,132900,800,83
RABA,0,20101229,132900,800,97
OTP,0,20101229,133040,5153,625
OTP,0,20101229,133040,5153,375
OTP,0,20101229,133056,5153,342
OTP,0,20101229,133056,5153,25
OTP,0,20101229,133056,5152,1681
OTP,0,20101229,133056,5150,97
OTP,0,20101229,133056,5150,2145
MOL,0,20101229,133100,20600,300
OTP,0,20101229,133104,5150,336
OTP,0,20101229,133121,5150,15
OTP,0,20101229,133130,5150,500
OTP,0,20101229,133135,5150,1213
OTP,0,20101229,133135,5150,59
OTP,0,20101229,133135,5150,50
OTP,0,20101229,133135,5150,440
OTP,0,20101229,133135,5150,60
OTP,0,20101229,133135,5150,178
OTP,0,20101229,133140,5150,322
OTP,0,20101229,133140,5150,29
MOL,0,20101229,133200,20600,475
MOL,0,20101229,133200,20600,130
MTELEKOM,0,20101229,133230,513,300
MTELEKOM,0,20101229,133308,514,1160
MOL,0,20101229,133346,20610,100
MOL,0,20101229,133356,20610,3
MOL,0,20101229,133356,20600,87
EGIS,0,20101229,133411,19935,30
GSPARK,0,20101229,133417,776,169
FHB,0,20101229,133419,966,63
FHB,0,20101229,133419,966,100
FHB,0,20101229,133419,968,250
GENESIS,0,20101229,133528,177,1
OTP,0,20101229,133617,5152,30
OTP,0,20101229,133707,5150,40
GENESIS,0,20101229,133721,177,1
MOL,0,20101229,133724,20600,308
MOL,0,20101229,133724,20600,192
MOL,0,20101229,133734,20600,8
OTP,0,20101229,133736,5151,135
OTP,0,20101229,133736,5151,729
OTP,0,20101229,133736,5150,60
OTP,0,20101229,133736,5150,20
OTP,0,20101229,133742,5149,1500
OTP,0,20101229,133742,5149,25
OTP,0,20101229,133747,5149,2500
OTP,0,20101229,133750,5149,73
OTP,0,20101229,133750,5147,23
OTP,0,20101229,133750,5147,18
OTP,0,20101229,133750,5146,15
OTP,0,20101229,133750,5145,350
OTP,0,20101229,133750,5145,30
OTP,0,20101229,133750,5145,30
OTP,0,20101229,133750,5145,252
OTP,0,20101229,133750,5145,20
OTP,0,20101229,133750,5142,400
OTP,0,20101229,133750,5142,10
OTP,0,20101229,133750,5141,20
OTP,0,20101229,133750,5140,8
OTP,0,20101229,133750,5140,196
OTP,0,20101229,133750,5140,30
OTP,0,20101229,133750,5140,20
OTP,0,20101229,133750,5140,5
OTP,0,20101229,133750,5140,25
OTP,0,20101229,133750,5140,19
OTP,0,20101229,133750,5140,15
OTP,0,20101229,133755,5140,56
OTP,0,20101229,133803,5140,310
MOL,0,20101229,133814,20530,23
MOL,0,20101229,133814,20530,67
MOL,0,20101229,133822,20530,32
MOL,0,20101229,133822,20525,50
MOL,0,20101229,133822,20520,8
OTP,0,20101229,133829,5139,190
OTP,0,20101229,133840,5139,300
EGIS,0,20101229,133849,19935,7
EGIS,0,20101229,133849,19930,25
EGIS,0,20101229,133849,19920,36
OTP,0,20101229,133858,5145,50
OTP,0,20101229,133858,5150,15
EGIS,0,20101229,133902,19920,64
EGIS,0,20101229,133902,19920,86
BUX1112,0,20101229,134005,22040,2
OTP,0,20101229,134201,5148,40
OTP,0,20101229,134209,5143,24
OTP,0,20101229,134209,5140,300
OTP,0,20101229,134209,5140,200
OTP,0,20101229,134209,5140,400
MOL,0,20101229,134312,20590,1
EMASZ,0,20101229,134316,21185,5
RICHTER,0,20101229,134343,43100,115
BUX1112,0,20101229,134357,22020,47
EMASZ,0,20101229,134359,21210,5
EMASZ,0,20101229,134359,21185,1
OTP,0,20101229,134400,5150,26
MOL,0,20101229,134405,20590,9
MOL,0,20101229,134405,20600,63
MOL,0,20101229,134405,20600,127
MOL,0,20101229,134405,20600,101
OTP,0,20101229,134410,5150,30
OTP,0,20101229,134621,5150,40
MOL,0,20101229,134707,20595,10
MOL,0,20101229,134707,20600,79
MOL,0,20101229,134707,20600,111
OTP,0,20101229,134737,5148,20
OTP,0,20101229,134737,5148,80
RICHTER,0,20101229,134840,43100,2
PANNERGY,0,20101229,134914,906,91
MTELEKOM,0,20101229,135006,513,5000
GSPARK,0,20101229,135043,770,450
GSPARK,0,20101229,135043,770,200
GSPARK,0,20101229,135043,770,90
OTP,0,20101229,135045,5149,652
MTELEKOM,0,20101229,135048,514,1196
OTP,0,20101229,135109,5149,40
OTP,0,20101229,135158,5149,364
OTP,0,20101229,135158,5150,136
OTP,0,20101229,135247,5140,500
RABA,0,20101229,135320,800,103
RABA,0,20101229,135320,800,300
RABA,0,20101229,135320,800,100
RABA,0,20101229,135320,800,2673
RABA,0,20101229,135320,800,140
ORC,0,20101229,135333,1985,215
SYNERGON,0,20101229,135355,475,600
SYNERGON,0,20101229,135355,475,400
SYNERGON,0,20101229,135355,475,500
EBGOLD,0,20101229,135418,2995,21
MTELEKOM,0,20101229,135426,513,662
MTELEKOM,0,20101229,135426,513,1100
MTELEKOM,0,20101229,135426,513,16
MTELEKOM,0,20101229,135426,513,1202
RICHTER,0,20101229,135441,43100,2
OTP,0,20101229,135451,5142,2135
OTP,0,20101229,135511,5141,300
OTP,0,20101229,135515,5142,438
OTP,0,20101229,135515,5141,2
OTP,0,20101229,135532,5141,100
MOL,0,20101229,135537,20590,30
FOTEX,0,20101229,135557,377,200
MOL,0,20101229,135617,20570,4
MOL,0,20101229,135635,20600,9
MOL,0,20101229,135644,20575,10
EGIS,0,20101229,135713,19920,14
EGIS,0,20101229,135713,19920,20
EGIS,0,20101229,135713,19915,2
EGIS,0,20101229,135713,19915,11
EGIS,0,20101229,135713,19915,5
EGIS,0,20101229,135713,19910,3
EGIS,0,20101229,135713,19905,1
EGIS,0,20101229,135713,19905,10
EGIS,0,20101229,135713,19900,34
ECONET,0,20101229,135724,89,500
BUX1112,0,20101229,135738,22011,1
BUX1112,0,20101229,135738,22010,2
MOL,0,20101229,135744,20590,36
PANNERGY,0,20101229,135748,907,400
GENESIS,0,20101229,135801,173,819
GENESIS,0,20101229,135801,173,181
MOL,0,20101229,135807,20600,7
FHB,0,20101229,135831,960,500
MOL,0,20101229,135846,20595,50
RICHTER,0,20101229,135850,43135,7
MOL,0,20101229,135853,20600,15
RICHTER,0,20101229,135859,43135,35
OTP,0,20101229,135905,5141,98
OTP,0,20101229,135905,5141,10
OTP,0,20101229,135905,5141,500
OTP,0,20101229,135905,5140,1392
OTP,0,20101229,135919,5140,250
OTP,0,20101229,135928,5140,3
OTP,0,20101229,135928,5140,100
OTP,0,20101229,135928,5139,3897
OTP,0,20101229,135933,5139,600
GSPARK,0,20101229,135938,770,500
MOL,0,20101229,135952,20595,39
RABA,0,20101229,140050,798,127
FHB,0,20101229,140051,958,60
FHB,0,20101229,140051,957,130
FHB,0,20101229,140051,956,140
OTP,0,20101229,140107,5139,13
OTP,0,20101229,140107,5139,546
OTP,0,20101229,140107,5136,41
OTP,0,20101229,140107,5136,30
MOL,0,20101229,140157,20600,158
MOL,0,20101229,140157,20600,127
MOL,0,20101229,140157,20600,50
MOL,0,20101229,140157,20600,83
MOL,0,20101229,140157,20600,30
MOL,0,20101229,140157,20600,52
MOL,0,20101229,140203,20600,128
MOL,0,20101229,140203,20600,40
MOL,0,20101229,140203,20600,32
MOL,0,20101229,140227,20600,200
OTP,0,20101229,140236,5136,1
PFLAX,0,20101229,140243,609,90
RABA,0,20101229,140313,798,873
OTP,0,20101229,140336,5136,228
OTP,0,20101229,140336,5135,52
MTELEKOM,0,20101229,140447,514,1585
MTELEKOM,0,20101229,140447,514,902
MTELEKOM,0,20101229,140447,514,105
MTELEKOM,0,20101229,140447,514,750
MTELEKOM,0,20101229,140447,514,313
OTP,0,20101229,140453,5136,1000
OTP,0,20101229,140500,5135,248
OTP,0,20101229,140500,5135,200
OTP,0,20101229,140500,5134,52
KEG,0,20101229,140507,140,2200
OTP,0,20101229,140515,5134,120
OTP,0,20101229,140521,5134,628
OTP,0,20101229,140521,5133,1372
OTP,0,20101229,140535,5140,100
OTP,0,20101229,140535,5145,900
OTP,0,20101229,140554,5133,600
MTELEKOM,0,20101229,140610,513,2070
OTP,0,20101229,140616,5135,100
MTELEKOM,0,20101229,140620,514,500
OTP,0,20101229,140623,5133,173
KEG,0,20101229,140635,140,55
RICHTER,0,20101229,140653,43100,2
RICHTER,0,20101229,140653,43100,8
RICHTER,0,20101229,140653,43100,3
RABA,0,20101229,140654,797,200
RABA,0,20101229,140654,796,500
RABA,0,20101229,140654,796,500
RABA,0,20101229,140654,796,120
RABA,0,20101229,140654,795,680
RICHTER,0,20101229,140654,43100,12
OTP,0,20101229,140713,5132,130
OTP,0,20101229,140713,5132,70
OTP,0,20101229,140713,5132,100
OTP,0,20101229,140713,5132,500
OTP,0,20101229,140713,5131,50
OTP,0,20101229,140713,5131,139
OTP,0,20101229,140713,5131,25
OTP,0,20101229,140713,5131,116
OTP,0,20101229,140713,5131,1000
BOOK,0,20101229,140725,470,150
OTP,0,20101229,140729,5131,250
OTP,0,20101229,140730,5131,3000
MTELEKOM,0,20101229,140741,513,100
OTP,0,20101229,140742,5131,400
OTP,0,20101229,140752,5133,83
OTP,0,20101229,140752,5131,234
OTP,0,20101229,140752,5131,5
OTP,0,20101229,140754,5131,7
OTP,0,20101229,140754,5131,99
KEG,0,20101229,140819,140,3500
BUX1112,0,20101229,140822,22011,2
OTP,0,20101229,140932,5140,30
MTELEKOM,0,20101229,140954,513,5000
EGIS,0,20101229,141017,19910,20
EGIS,0,20101229,141017,19910,7
EGIS,0,20101229,141017,19905,23
EGIS,0,20101229,141017,19900,66
EGIS,0,20101229,141017,19900,4
MOL,0,20101229,141019,20550,100
MOL,0,20101229,141024,20550,60
MTELEKOM,0,20101229,141028,513,1628
MTELEKOM,0,20101229,141028,513,1000
MTELEKOM,0,20101229,141028,513,8372
OTP,0,20101229,141032,5132,394
OTP,0,20101229,141032,5132,256
RICHTER,0,20101229,141058,43100,82
RICHTER,0,20101229,141100,43100,33
RICHTER,0,20101229,141101,43100,22
OTP,0,20101229,141102,5140,970
OTP,0,20101229,141102,5140,110
RICHTER,0,20101229,141116,43095,3
RICHTER,0,20101229,141116,43090,6
RICHTER,0,20101229,141116,43090,4
BUX1112,0,20101229,141124,22045.5,2
BUX1112,0,20101229,141124,22046,2
RICHTER,0,20101229,141138,43100,9
RICHTER,0,20101229,141138,43100,4
BUX1112,0,20101229,141152,22046,10
BUX1112,0,20101229,141158,22046,1
EGIS,0,20101229,141220,20000,50
EGIS,0,20101229,141220,20000,100
EGIS,0,20101229,141220,20000,150
HUMET,0,20101229,141251,9,11111
OTP,0,20101229,141256,5140,143
KEG,0,20101229,141316,140,10000
OTP,0,20101229,141326,5145,20
OTP,0,20101229,141328,5142,35
TVK,0,20101229,141333,3350,10
TVK,0,20101229,141333,3335,50
TVK,0,20101229,141333,3330,26
TVK,0,20101229,141333,3330,44
PHYLAXIA,0,20101229,141410,44,600
PANNERGY,0,20101229,141411,906,227
OTP,0,20101229,141548,5143,30
OTP,0,20101229,141548,5144,47
MTELEKOM,0,20101229,141553,513,630
MTELEKOM,0,20101229,141708,514,187
MTELEKOM,0,20101229,141708,514,1000
MTELEKOM,0,20101229,141708,514,63
OTP,0,20101229,141721,5143,10
OTP,0,20101229,141721,5143,379
OTP,0,20101229,141721,5142,60
OTP,0,20101229,141721,5140,51
FHB,0,20101229,141726,967,29
ECONET,0,20101229,141745,89,1000
OTP,0,20101229,141819,5140,100
OTP,0,20101229,141826,5140,126
OTP,0,20101229,141826,5140,44
OTP,0,20101229,141830,5140,56
RICHTER,0,20101229,141840,43175,10
OTP,0,20101229,141859,5140,14
OTP,0,20101229,141859,5140,6
PFLAX,0,20101229,141924,610,107
RICHTER,0,20101229,141940,43020,4
RICHTER,0,20101229,141940,43020,6
RICHTER,0,20101229,141940,43020,2
RICHTER,0,20101229,142006,43020,9
RICHTER,0,20101229,142006,43005,1
ECONET,0,20101229,142016,89,2000
MTELEKOM,0,20101229,142019,514,500
MTELEKOM,0,20101229,142025,514,123
MTELEKOM,0,20101229,142025,514,377
MTELEKOM,0,20101229,142027,514,58
GSPARK,0,20101229,142041,770,19
RICHTER,0,20101229,142058,43175,16
RICHTER,0,20101229,142059,43175,4
RICHTER,0,20101229,142059,43175,2
MOL,0,20101229,142108,20585,50
MOL,0,20101229,142116,20585,65
OTP,0,20101229,142123,5140,300
RABA,0,20101229,142129,796,100
RABA,0,20101229,142129,795,152
KEG,0,20101229,142227,140,65
KEG,0,20101229,142252,139,135
MTELEKOM,0,20101229,142414,514,500
OTP,0,20101229,142415,5137,100
RICHTER,0,20101229,142429,43135,5
RICHTER,0,20101229,142429,43135,15
RICHTER,0,20101229,142431,43135,1
MOL,0,20101229,142436,20590,10
MOL,0,20101229,142436,20590,15
MOL,0,20101229,142436,20590,25
FOTEX,0,20101229,142440,380,1000
OTP,0,20101229,142500,5140,150
OTP,0,20101229,142508,5140,38
MOL,0,20101229,142512,20590,110
OTP,0,20101229,142514,5140,368
MOL,0,20101229,142516,20595,25
MOL,0,20101229,142516,20595,15
BUX1112,0,20101229,142536,22020.5,1
OTP,0,20101229,142552,5140,10
MOL,0,20101229,142702,20595,85
MOL,0,20101229,142702,20595,115
GENESIS,0,20101229,142716,175,1
MTELEKOM,0,20101229,142844,514,65
MTELEKOM,0,20101229,142844,514,100
MTELEKOM,0,20101229,142844,514,135
PHYLAXIA,0,20101229,142901,44,44
OTP,0,20101229,142920,5134,100
OTP,0,20101229,142920,5134,64
OTP,0,20101229,142920,5133,100
OTP,0,20101229,142920,5132,500
OTP,0,20101229,142920,5132,50
OTP,0,20101229,142920,5131,23
OTP,0,20101229,142920,5131,163
TVK,0,20101229,142920,3330,10
OTP,0,20101229,142930,5131,133
OTP,0,20101229,142930,5131,50
OTP,0,20101229,142930,5131,10
OTP,0,20101229,142930,5131,107
OTP,0,20101229,143105,5135,400
FREESOFT,0,20101229,143145,2000,3
MTELEKOM,0,20101229,143152,513,70
OTP,0,20101229,143218,5135,30
OTP,0,20101229,143218,5132,78
PANNERGY,0,20101229,143242,908,40
GENESIS,0,20101229,143327,173,80
GENESIS,0,20101229,143341,173,289
GENESIS,0,20101229,143341,173,750
GENESIS,0,20101229,143341,172,164
MOL,0,20101229,143410,20600,50
PHYLAXIA,0,20101229,143540,44,126
PHYLAXIA,0,20101229,143540,44,950
PHYLAXIA,0,20101229,143540,44,1923
MOL,0,20101229,143541,20600,18
MOL,0,20101229,143541,20600,20
MOL,0,20101229,143541,20600,17
MOL,0,20101229,143541,20600,22
MOL,0,20101229,143541,20600,50
MOL,0,20101229,143541,20600,200
MOL,0,20101229,143541,20600,125
MOL,0,20101229,143541,20600,138
PFLAX,0,20101229,143640,612,99
OTP,0,20101229,143723,5139,240
OTP,0,20101229,143723,5139,163
OTP,0,20101229,143723,5139,33
OTP,0,20101229,143723,5139,64
EGIS,0,20101229,143725,20000,50
MOL,0,20101229,143730,20600,42
MOL,0,20101229,143730,20600,10
MOL,0,20101229,143730,20600,100
MOL,0,20101229,143730,20600,161
OTP,0,20101229,143731,5139,14
MOL,0,20101229,143733,20605,2
MOL,0,20101229,143733,20605,400
MOL,0,20101229,143735,20610,20
MOL,0,20101229,143735,20610,83
MOL,0,20101229,143735,20610,54
OTP,0,20101229,143737,5137,134
OTP,0,20101229,143737,5136,116
MOL,0,20101229,143738,20615,14
MOL,0,20101229,143738,20615,210
MOL,0,20101229,143741,20620,5
MOL,0,20101229,143741,20620,5
OTP,0,20101229,143742,5139,176
OTP,0,20101229,143742,5139,60
OTP,0,20101229,143742,5139,86
MOL,0,20101229,143743,20625,3
MOL,0,20101229,143743,20625,20
MOL,0,20101229,143743,20625,10
MOL,0,20101229,143746,20630,10
OTP,0,20101229,143747,5139,114
MOL,0,20101229,143749,20635,5
MOL,0,20101229,143749,20635,2
MOL,0,20101229,143751,20640,2
MOL,0,20101229,143751,20640,5
MOL,0,20101229,143751,20640,5
MOL,0,20101229,143753,20645,100
MOL,0,20101229,143753,20645,2
MOL,0,20101229,143753,20645,514
OTP,0,20101229,143810,5140,66
MTELEKOM,0,20101229,143831,514,865
MTELEKOM,0,20101229,143831,514,1075
MTELEKOM,0,20101229,143839,514,95
OTP,0,20101229,143856,5140,34
OTP,0,20101229,143856,5140,50
OTP,0,20101229,143856,5140,5
OTP,0,20101229,143856,5140,297
OTP,0,20101229,143934,5140,50
OTP,0,20101229,143942,5140,653
OTP,0,20101229,143942,5140,1000
OTP,0,20101229,143942,5140,60
ORC,0,20101229,143954,1960,6
OTP,0,20101229,144002,5145,165
OTP,0,20101229,144002,5145,20
OTP,0,20101229,144022,5149,100
OTP,0,20101229,144022,5149,2
OTP,0,20101229,144025,5137,10
OTP,0,20101229,144025,5137,35
MOL,0,20101229,144028,20585,24
ANY,0,20101229,144112,720,46
ANY,0,20101229,144112,720,154
MTELEKOM,0,20101229,144152,513,250
MTELEKOM,0,20101229,144218,514,600
EGIS,0,20101229,144256,20000,7
MTELEKOM,0,20101229,144321,514,3230
MTELEKOM,0,20101229,144321,514,1000
MTELEKOM,0,20101229,144321,514,770
MTELEKOM,0,20101229,144322,514,34
MTELEKOM,0,20101229,144336,514,1626
ETFBUXOTP,0,20101229,144512,894,200
MTELEKOM,0,20101229,144514,513,43
OTP,0,20101229,144514,5145,11
MOL,0,20101229,144514,20555,3
RICHTER,0,20101229,144514,43080,1
OTP,0,20101229,144526,5147,1
OTP,0,20101229,144526,5148,10
OTP,0,20101229,144526,5148,184
KEG,0,20101229,144548,139,690
KEG,0,20101229,144548,139,500
KEG,0,20101229,144548,139,2550
MTELEKOM,0,20101229,144554,514,6500
OTP,0,20101229,144556,5148,10
RICHTER,0,20101229,144803,43155,8
GENESIS,0,20101229,144817,175,50
MOL,0,20101229,144843,20560,122
MOL,0,20101229,144843,20555,47
MOL,0,20101229,144843,20550,20
MOL,0,20101229,144843,20530,39
MTELEKOM,0,20101229,144846,514,70
MTELEKOM,0,20101229,144846,514,330
OTP,0,20101229,145005,5148,806
OTP,0,20101229,145005,5148,50
OTP,0,20101229,145005,5150,110
OTP,0,20101229,145005,5150,30
OTP,0,20101229,145005,5150,70
OTP,0,20101229,145005,5150,50
OTP,0,20101229,145005,5150,1000
OTP,0,20101229,145005,5150,22
OTP,0,20101229,145005,5150,7
GENESIS,0,20101229,145031,172,649
OTP,0,20101229,145041,5150,93
OTP,0,20101229,145041,5150,102
OTP,0,20101229,145041,5150,50
OTP,0,20101229,145041,5150,155
RICHTER,0,20101229,145052,43135,5
RICHTER,0,20101229,145052,43135,9
MOL,0,20101229,145115,20600,62
MOL,0,20101229,145115,20600,138
RICHTER,0,20101229,145136,43140,2
RICHTER,0,20101229,145136,43140,9
RICHTER,0,20101229,145136,43130,4
RABA,0,20101229,145141,800,190
MTELEKOM,0,20101229,145147,514,1795
GENESIS,0,20101229,145236,175,50
GENESIS,0,20101229,145356,175,49
GENESIS,0,20101229,145356,177,1
RABA,0,20101229,145531,800,179
RABA,0,20101229,145531,800,121
MTELEKOM,0,20101229,145532,514,250
OTP,0,20101229,145636,5149,46
OTP,0,20101229,145636,5149,135
OTP,0,20101229,145636,5148,6
MOL,0,20101229,145639,20575,10
KEG,0,20101229,145724,140,714
SYNERGON,0,20101229,145905,475,211
OTP,0,20101229,150002,5145,194
OTP,0,20101229,150002,5143,400
OTP,0,20101229,150018,5141,600
OTP,0,20101229,150018,5140,237
OTP,0,20101229,150018,5140,163
OTP,0,20101229,150030,5140,127
OTP,0,20101229,150030,5140,100
OTP,0,20101229,150030,5140,1773
EGIS,0,20101229,150035,19980,5
OTP,0,20101229,150048,5140,372
SYNERGON,0,20101229,150230,475,70
FHB,0,20101229,150344,960,289
PANNERGY,0,20101229,150353,906,182
PANNERGY,0,20101229,150353,906,230
PANNERGY,0,20101229,150353,906,120
OTP,0,20101229,150415,5140,9
OTP,0,20101229,150415,5142,125
OTP,0,20101229,150444,5142,20
MOL,0,20101229,150453,20575,40
MOL,0,20101229,150453,20575,130
MOL,0,20101229,150528,20600,22
PFLAX,0,20101229,150620,581,110
PFLAX,0,20101229,150620,580,90
OTP,0,20101229,150629,5142,50
RABA,0,20101229,150648,799,1500
FHB,0,20101229,150700,960,211
PANNERGY,0,20101229,150736,907,5000
PFLAX,0,20101229,150749,613,1
OTP,0,20101229,150807,5139,460
OTP,0,20101229,150828,5139,32
OTP,0,20101229,150844,5140,5
OTP,0,20101229,150844,5140,195
BUX1112,0,20101229,150912,22031,1
MTELEKOM,0,20101229,150914,513,100
RICHTER,0,20101229,150924,43080,1
RICHTER,0,20101229,150924,43080,9
RICHTER,0,20101229,150924,43010,1
RICHTER,0,20101229,150924,43010,4
RICHTER,0,20101229,150924,43005,1
RICHTER,0,20101229,150925,43150,2
RICHTER,0,20101229,150929,43150,3
OTP,0,20101229,151007,5139,8
OTP,0,20101229,151007,5139,33
HUMET,0,20101229,151045,8,1
GSPARK,0,20101229,151055,770,16
OTP,0,20101229,151106,5140,5
OTP,0,20101229,151106,5140,20
OTP,0,20101229,151106,5140,10
PANNERGY,0,20101229,151113,907,99
RABA,0,20101229,151114,798,105
RABA,0,20101229,151114,797,474
PANNERGY,0,20101229,151209,907,4901
OTP,0,20101229,151246,5141,176
OTP,0,20101229,151246,5141,49
OTP,0,20101229,151246,5140,1215
OTP,0,20101229,151246,5140,25
OTP,0,20101229,151246,5140,3
GENESIS,0,20101229,151310,172,348
MOL,0,20101229,151324,20560,23
MOL,0,20101229,151324,20530,161
MOL,0,20101229,151324,20530,50
MOL,0,20101229,151324,20525,50
MOL,0,20101229,151324,20520,2
MOL,0,20101229,151324,20520,184
ECONET,0,20101229,151334,88,690
MOL,0,20101229,151341,20520,16
MOL,0,20101229,151341,20505,50
MOL,0,20101229,151341,20500,4
MOL,0,20101229,151341,20500,92
MOL,0,20101229,151345,20500,8
MOL,0,20101229,151345,20500,11
MOL,0,20101229,151345,20500,78
RICHTER,0,20101229,151401,43020,14
RICHTER,0,20101229,151403,43020,5
SYNERGON,0,20101229,151404,475,148
RICHTER,0,20101229,151405,43020,196
GENESIS,0,20101229,151408,176,500
RICHTER,0,20101229,151414,43150,55
PFLAX,0,20101229,151415,590,200
RICHTER,0,20101229,151420,43180,6
RICHTER,0,20101229,151421,43180,5
RICHTER,0,20101229,151422,43150,2
RICHTER,0,20101229,151422,43150,6
RICHTER,0,20101229,151423,43150,24
GENESIS,0,20101229,151457,176,30
GENESIS,0,20101229,151457,177,20
PANNERGY,0,20101229,151459,907,29
OTP,0,20101229,151503,5140,58
OTP,0,20101229,151503,5140,70
OTP,0,20101229,151514,5140,144
OTP,0,20101229,151514,5140,56
OTP,0,20101229,151617,5140,94
OTP,0,20101229,151617,5140,6
OTP,0,20101229,151638,5140,44
OTP,0,20101229,151638,5142,96
FHB,0,20101229,151744,957,10
FHB,0,20101229,151744,956,342
FHB,0,20101229,151744,956,103
FHB,0,20101229,151744,955,369
FHB,0,20101229,151744,955,131
FHB,0,20101229,151744,955,100
FHB,0,20101229,151744,954,100
FHB,0,20101229,151744,954,269
OTP,0,20101229,151752,5142,100
OTP,0,20101229,151803,5140,1500
OTP,0,20101229,151803,5139,70
OTP,0,20101229,151803,5138,600
OTP,0,20101229,151803,5137,500
OTP,0,20101229,151803,5137,10
OTP,0,20101229,151803,5136,1540
EGIS,0,20101229,151807,19980,5
EGIS,0,20101229,151807,19910,30
EGIS,0,20101229,151807,19905,30
EGIS,0,20101229,151807,19905,32
OTP,0,20101229,151813,5136,344
SYNERGON,0,20101229,151820,475,35
MTELEKOM,0,20101229,151833,514,964
MTELEKOM,0,20101229,151839,513,535
MTELEKOM,0,20101229,151839,513,1938
MTELEKOM,0,20101229,151839,513,60
MTELEKOM,0,20101229,151839,513,5800
MTELEKOM,0,20101229,151839,513,487
MTELEKOM,0,20101229,151839,513,4198
SYNERGON,0,20101229,151850,475,65
MOL,0,20101229,152002,20560,30
OTP,0,20101229,152024,5136,5
MTELEKOM,0,20101229,152119,514,881
BUX1112,0,20101229,152123,22031,1
KEG,0,20101229,152212,140,286
KEG,0,20101229,152212,140,714
OTP,0,20101229,152250,5142,15
OTP,0,20101229,152250,5142,20
OTP,0,20101229,152250,5142,30
OTP,0,20101229,152305,5140,2000
OTP,0,20101229,152311,5140,1000
OTP,0,20101229,152322,5140,100
OTP,0,20101229,152329,5139,400
RICHTER,0,20101229,152330,43150,19
RICHTER,0,20101229,152332,43150,6
RICHTER,0,20101229,152332,43150,8
OTP,0,20101229,152333,5140,900
OTP,0,20101229,152343,5140,100
ELMU,0,20101229,152355,27205,8
ECONET,0,20101229,152356,88,2000
OTP,0,20101229,152404,5142,20
PANNERGY,0,20101229,152409,908,60
PANNERGY,0,20101229,152409,908,100
PANNERGY,0,20101229,152409,909,750
PANNERGY,0,20101229,152409,909,825
OTP,0,20101229,152431,5141,341
OTP,0,20101229,152431,5140,500
PHYLAXIA,0,20101229,152443,44,2077
PHYLAXIA,0,20101229,152443,44,423
OTP,0,20101229,152455,5140,85
OTP,0,20101229,152511,5140,8
OTP,0,20101229,152534,5140,66
OTP,0,20101229,152534,5140,34
FHB,0,20101229,152554,960,54
MOL,0,20101229,152602,20540,30
MTELEKOM,0,20101229,152637,514,780
MTELEKOM,0,20101229,152637,514,2000
MTELEKOM,0,20101229,152637,514,250
MTELEKOM,0,20101229,152637,514,28
MTELEKOM,0,20101229,152637,514,1400
MTELEKOM,0,20101229,152637,514,200
MTELEKOM,0,20101229,152642,514,5000
BUX1112,0,20101229,152646,22043.5,1
PANNERGY,0,20101229,152720,909,86
MTELEKOM,0,20101229,152728,514,342
MTELEKOM,0,20101229,152728,514,35658
MOL,0,20101229,152737,20560,18
OTP,0,20101229,152759,5139,600
OTP,0,20101229,152759,5139,400
OTP,0,20101229,152759,5139,100
OTP,0,20101229,152759,5138,500
SYNERGON,0,20101229,152759,475,400
OTP,0,20101229,152808,5138,23
EGIS,0,20101229,152826,19905,50
PFLAX,0,20101229,152906,614,1
MTELEKOM,0,20101229,152907,514,342
MTELEKOM,0,20101229,152907,514,2117
RICHTER,0,20101229,152924,43140,147
RICHTER,0,20101229,152924,43140,24
RICHTER,0,20101229,152925,43145,183
OTP,0,20101229,152929,5140,1000
OTP,0,20101229,152929,5140,363
OTP,0,20101229,152934,5140,1277
OTP,0,20101229,152935,5140,80
OTP,0,20101229,152939,5140,643
OTP,0,20101229,152946,5140,357
OTP,0,20101229,152949,5140,400
MTELEKOM,0,20101229,152950,515,781
MTELEKOM,0,20101229,152950,515,350
MTELEKOM,0,20101229,152950,515,285
MTELEKOM,0,20101229,152950,515,500
MTELEKOM,0,20101229,152950,515,12984
OTP,0,20101229,152959,5140,243
OTP,0,20101229,153006,5140,300
MTELEKOM,0,20101229,153012,514,2883
MTELEKOM,0,20101229,153012,514,5000
OTP,0,20101229,153012,5140,172
OTP,0,20101229,153017,5140,828
OTP,0,20101229,153020,5140,1000
MTELEKOM,0,20101229,153023,514,5000
MTELEKOM,0,20101229,153023,514,4590
OTP,0,20101229,153023,5140,172
MTELEKOM,0,20101229,153023,514,1327
OTP,0,20101229,153026,5140,28
OTP,0,20101229,153026,5140,972
ANY,0,20101229,153038,720,40
OTP,0,20101229,153054,5140,28
OTP,0,20101229,153054,5140,972
MTELEKOM,0,20101229,153055,515,382
OTP,0,20101229,153105,5140,28
OTP,0,20101229,153105,5140,120
RICHTER,0,20101229,153114,43145,20
OTP,0,20101229,153142,5140,600
MOL,0,20101229,153149,20560,55
OTP,0,20101229,153202,5140,210
OTP,0,20101229,153215,5148,172
RICHTER,0,20101229,153220,43120,400
OTP,0,20101229,153228,5142,100
OTP,0,20101229,153245,5148,85
BUX1112,0,20101229,153303,22044,1
BUX1112,0,20101229,153303,22045,3
BUX1112,0,20101229,153303,22045,2
BUX1112,0,20101229,153303,22046,2
BUX1112,0,20101229,153303,22049,3
BUX1112,0,20101229,153303,22050,1
BUX1112,0,20101229,153303,22050,1
BUX1112,0,20101229,153303,22050,1
OTP,0,20101229,153307,5148,18
OTP,0,20101229,153324,5148,725
OTP,0,20101229,153324,5148,110
OTP,0,20101229,153324,5148,165
MOL,0,20101229,153334,20510,5
MTELEKOM,0,20101229,153337,515,10000
PFLAX,0,20101229,153348,614,108
MOL,0,20101229,153353,20580,5
HUMET,0,20101229,153417,9,4000
OTP,0,20101229,153423,5148,25
MTELEKOM,0,20101229,153441,514,50000
MTELEKOM,0,20101229,153453,515,1634
MTELEKOM,0,20101229,153453,515,366
EGIS,0,20101229,153515,19905,18
EGIS,0,20101229,153515,19905,7
OTP,0,20101229,153527,5148,10
OTP,0,20101229,153527,5148,47
RICHTER,0,20101229,153545,43145,47
RICHTER,0,20101229,153559,43150,17
RICHTER,0,20101229,153559,43150,14
RICHTER,0,20101229,153559,43150,10
RICHTER,0,20101229,153559,43185,2
RICHTER,0,20101229,153559,43185,6
ECONET,0,20101229,153600,89,3000
BUX1112,0,20101229,153601,22031,8
BUX1112,0,20101229,153601,22030,2
MTELEKOM,0,20101229,153608,515,2302
MTELEKOM,0,20101229,153616,515,832
MTELEKOM,0,20101229,153616,515,10
MTELEKOM,0,20101229,153616,515,3000
MTELEKOM,0,20101229,153616,515,100
MTELEKOM,0,20101229,153616,515,750
MTELEKOM,0,20101229,153616,515,5000
MTELEKOM,0,20101229,153616,515,100
MTELEKOM,0,20101229,153616,515,1260
MTELEKOM,0,20101229,153616,515,200
MTELEKOM,0,20101229,153616,515,300
MTELEKOM,0,20101229,153616,515,1448
MTELEKOM,0,20101229,153623,515,3302
MTELEKOM,0,20101229,153623,515,4596
MTELEKOM,0,20101229,153623,515,1000
MTELEKOM,0,20101229,153623,515,900
MTELEKOM,0,20101229,153623,515,9950
MTELEKOM,0,20101229,153623,515,175
MTELEKOM,0,20101229,153623,515,77
MTELEKOM,0,20101229,153631,515,923
OTP,0,20101229,153633,5145,200
MTELEKOM,0,20101229,153634,516,1000
MTELEKOM,0,20101229,153634,516,290
MTELEKOM,0,20101229,153634,516,2750
MTELEKOM,0,20101229,153634,516,15460
PANNERGY,0,20101229,153638,909,1000
OTP,0,20101229,153716,5145,400
MOL,0,20101229,153718,20580,25
MOL,0,20101229,153718,20580,103
MOL,0,20101229,153729,20580,24
MOL,0,20101229,153729,20600,20
MOL,0,20101229,153729,20600,500
MOL,0,20101229,153729,20600,456
RABA,0,20101229,153757,800,130
PANNERGY,0,20101229,153902,907,70
PANNERGY,0,20101229,153902,907,50
PANNERGY,0,20101229,153902,905,80
OTP,0,20101229,153916,5145,100
PFLAX,0,20101229,153918,614,1
OTP,0,20101229,153940,5144,200
MTELEKOM,0,20101229,153946,515,77
MTELEKOM,0,20101229,153946,515,123
MOL,0,20101229,154005,20555,180
ECONET,0,20101229,154015,89,3000
EGIS,0,20101229,154027,19910,63
EGIS,0,20101229,154027,19905,14
EGIS,0,20101229,154027,19905,20
EGIS,0,20101229,154027,19900,53
FHB,0,20101229,154033,961,96
OTP,0,20101229,154109,5144,52
OTP,0,20101229,154109,5145,200
OTP,0,20101229,154109,5145,200
OTP,0,20101229,154109,5145,80
OTP,0,20101229,154109,5148,53
OTP,0,20101229,154109,5148,700
OTP,0,20101229,154109,5148,80
OTP,0,20101229,154109,5149,50
OTP,0,20101229,154109,5150,585
OTP,0,20101229,154110,5143,165
OTP,0,20101229,154111,5143,111
OTP,0,20101229,154112,5143,329
MOL,0,20101229,154114,20555,320
MOL,0,20101229,154114,20555,64
MOL,0,20101229,154114,20550,1000
MTELEKOM,0,20101229,154114,516,6500
OTP,0,20101229,154122,5142,80
OTP,0,20101229,154125,5142,110
OTP,0,20101229,154125,5142,25
ECONET,0,20101229,154141,89,4000
ECONET,0,20101229,154141,90,5145
ECONET,0,20101229,154141,90,98855
PFLAX,0,20101229,154145,614,129
PFLAX,0,20101229,154145,615,66
ZWACK,0,20101229,154218,13100,3
OTP,0,20101229,154243,5146,1000
OTP,0,20101229,154243,5146,35
OTP,0,20101229,154243,5146,100
OTP,0,20101229,154243,5148,600
OTP,0,20101229,154243,5148,60
OTP,0,20101229,154243,5149,205
OTP,0,20101229,154249,5140,20
OTP,0,20101229,154250,5140,23
OTP,0,20101229,154301,5141,150
PFLAX,0,20101229,154312,615,33
PFLAX,0,20101229,154312,616,67
MTELEKOM,0,20101229,154317,516,20
MTELEKOM,0,20101229,154433,515,12877
MTELEKOM,0,20101229,154433,515,8331
MTELEKOM,0,20101229,154433,515,10000
MTELEKOM,0,20101229,154433,515,20
MTELEKOM,0,20101229,154438,514,3673
MTELEKOM,0,20101229,154438,514,10000
MTELEKOM,0,20101229,154438,514,5000
MTELEKOM,0,20101229,154438,514,10000
MTELEKOM,0,20101229,154438,514,19500
MTELEKOM,0,20101229,154438,514,3000
MTELEKOM,0,20101229,154438,514,200
MTELEKOM,0,20101229,154448,514,10000
BUX1112,0,20101229,154450,22032,1
EGIS,0,20101229,154454,19955,44
MTELEKOM,0,20101229,154510,514,20
EGIS,0,20101229,154516,19990,30
EGIS,0,20101229,154516,19995,30
EGIS,0,20101229,154516,20000,34
BUX1112,0,20101229,154532,22031,1
MTELEKOM,0,20101229,154546,514,4045
MTELEKOM,0,20101229,154546,514,4587
MTELEKOM,0,20101229,154555,514,6368
MTELEKOM,0,20101229,154555,514,1000
MTELEKOM,0,20101229,154555,514,20000
MTELEKOM,0,20101229,154603,515,2609
MTELEKOM,0,20101229,154603,515,5000
MTELEKOM,0,20101229,154603,515,62391
MTELEKOM,0,20101229,154702,514,20
MTELEKOM,0,20101229,154709,514,1100
MTELEKOM,0,20101229,154728,514,20
RICHTER,0,20101229,154751,43145,5
OTP,0,20101229,154815,5148,150
OTP,0,20101229,154830,5145,1350
OTP,0,20101229,154917,5145,500
OTP,0,20101229,154924,5145,248
OTP,0,20101229,154927,5142,634
OTP,0,20101229,154953,5142,90
MTELEKOM,0,20101229,155038,514,14560
FOTEX,0,20101229,155039,378,485
MTELEKOM,0,20101229,155046,514,4940
MTELEKOM,0,20101229,155049,514,6500
MTELEKOM,0,20101229,155122,514,200
MTELEKOM,0,20101229,155137,514,2940
MTELEKOM,0,20101229,155137,515,7060
MTELEKOM,0,20101229,155139,515,549
MTELEKOM,0,20101229,155139,515,5951
OTP,0,20101229,155150,5142,137
MTELEKOM,0,20101229,155156,514,4785
OTP,0,20101229,155202,5142,930
MTELEKOM,0,20101229,155203,514,1715
OTP,0,20101229,155209,5142,209
MOL,0,20101229,155210,20540,300
MOL,0,20101229,155210,20540,130
ZWACK,0,20101229,155224,13100,47
MOL,0,20101229,155231,20545,590
MOL,0,20101229,155238,20550,116
MOL,0,20101229,155238,20550,145
FHB,0,20101229,155315,964,100
MOL,0,20101229,155317,20550,30
MOL,0,20101229,155317,20550,135
MOL,0,20101229,155317,20550,132
MOL,0,20101229,155323,20565,79
MOL,0,20101229,155323,20560,21
MTELEKOM,0,20101229,155342,514,107
FOTEX,0,20101229,155402,378,15
FOTEX,0,20101229,155402,378,1000
FOTEX,0,20101229,155402,377,85
MOL,0,20101229,155409,20560,79
OTP,0,20101229,155418,5142,8
OTP,0,20101229,155422,5142,400
RFV,0,20101229,155425,8480,9
RFV,0,20101229,155425,8480,1
OTP,0,20101229,155431,5141,350
OTP,0,20101229,155458,5141,500
OTP,0,20101229,155458,5141,3
OTP,0,20101229,155458,5140,999
OTP,0,20101229,155458,5140,100
OTP,0,20101229,155458,5140,100
OTP,0,20101229,155458,5140,298
MTELEKOM,0,20101229,155503,514,20
OTP,0,20101229,155504,5140,102
OTP,0,20101229,155504,5140,10
OTP,0,20101229,155504,5140,50
OTP,0,20101229,155538,5140,25
FHB,0,20101229,155558,960,12
OTP,0,20101229,155614,5140,813
OTP,0,20101229,155614,5140,90
OTP,0,20101229,155614,5140,50
OTP,0,20101229,155621,5140,47
MOL,0,20101229,155638,20525,10
OTP,0,20101229,155652,5140,1000
OTP,0,20101229,155652,5140,300
OTP,0,20101229,155652,5140,110
OTP,0,20101229,155652,5141,400
OTP,0,20101229,155652,5141,500
OTP,0,20101229,155652,5141,100
OTP,0,20101229,155659,5141,590
OTP,0,20101229,155705,5141,365
OTP,0,20101229,155712,5139,1000
OTP,0,20101229,155719,5138,365
OTP,0,20101229,155730,5138,400
OTP,0,20101229,155731,5138,260
OTP,0,20101229,155733,5139,860
MTELEKOM,0,20101229,155737,514,1000
EGIS,0,20101229,155749,19920,50
OTP,0,20101229,155757,5140,100
OTP,0,20101229,155757,5138,475
OTP,0,20101229,155757,5137,1500
MTELEKOM,0,20101229,155811,513,200
OTP,0,20101229,155813,5136,300
OTP,0,20101229,155813,5136,22
BOOK,0,20101229,155819,470,550
BOOK,0,20101229,155819,470,300
BOOK,0,20101229,155835,465,500
MTELEKOM,0,20101229,155838,513,300
BOOK,0,20101229,155848,464,800
MOL,0,20101229,155902,20550,250
BOOK,0,20101229,155903,460,200
BOOK,0,20101229,155904,460,50
FHB,0,20101229,155908,960,100
MTELEKOM,0,20101229,155909,513,100
OTP,0,20101229,155912,5137,25
BOOK,0,20101229,155915,465,450
MOL,0,20101229,155932,20520,125
MOL,0,20101229,155949,20520,175
MOL,0,20101229,155949,20510,145
MOL,0,20101229,155949,20505,50
MOL,0,20101229,155949,20505,200
ZWACK,0,20101229,160039,13150,15
RICHTER,0,20101229,160039,43150,2
RICHTER,0,20101229,160039,43150,45
RICHTER,0,20101229,160039,43185,44
RICHTER,0,20101229,160039,43185,48
RICHTER,0,20101229,160039,43185,1
RICHTER,0,20101229,160039,43190,130
RICHTER,0,20101229,160039,43190,15
RICHTER,0,20101229,160039,43195,5
RICHTER,0,20101229,160039,43195,100
RICHTER,0,20101229,160039,43195,58
BOOK,0,20101229,160046,462,110
BOOK,0,20101229,160118,462,300
MTELEKOM,0,20101229,160206,514,1745
MTELEKOM,0,20101229,160206,514,4000
MTELEKOM,0,20101229,160206,514,755
EGIS,0,20101229,160222,20000,100
OTP,0,20101229,160241,5137,100
RFV,0,20101229,160310,8480,4
OTP,0,20101229,160310,5140,100
FHB,0,20101229,160342,960,82
KEG,0,20101229,160356,140,286
KEG,0,20101229,160356,140,14
EGIS,0,20101229,160359,20000,16
MOL,0,20101229,160419,20525,180
MOL,0,20101229,160434,20550,200
MOL,0,20101229,160436,20550,50
MOL,0,20101229,160436,20550,152
MOL,0,20101229,160436,20550,152
FHB,0,20101229,160437,964,18
BOOK,0,20101229,160448,455,333
OTP,0,20101229,160458,5140,77
OTP,0,20101229,160502,5138,200
EGIS,0,20101229,160559,20000,2
OTP,0,20101229,160610,5140,380
OTP,0,20101229,160614,5140,1343
OTP,0,20101229,160614,5140,200
OTP,0,20101229,160614,5140,500
OTP,0,20101229,160614,5140,60
OTP,0,20101229,160614,5140,343
OTP,0,20101229,160614,5142,1592
OTP,0,20101229,160614,5142,180
OTP,0,20101229,160614,5142,250
OTP,0,20101229,160623,5142,500
OTP,0,20101229,160634,5142,32
RABA,0,20101229,160651,800,250
FHB,0,20101229,160656,964,100
OTP,0,20101229,160701,5144,200
MTELEKOM,0,20101229,160702,513,1000
BOOK,0,20101229,160721,455,67
BOOK,0,20101229,160721,452,105
BOOK,0,20101229,160721,451,200
MOL,0,20101229,160728,20560,139
MOL,0,20101229,160728,20550,361
OTP,0,20101229,160738,5145,3020
FOTEX,0,20101229,160757,380,1085
FOTEX,0,20101229,160757,381,79
FOTEX,0,20101229,160757,381,112
OTP,0,20101229,160807,5142,300
MTELEKOM,0,20101229,160809,514,300
RFV,0,20101229,160814,8480,10
MOL,0,20101229,160816,20575,55
MOL,0,20101229,160816,20575,45
GENESIS,0,20101229,160849,174,500
GENESIS,0,20101229,160849,174,12
GENESIS,0,20101229,160849,172,488
BOOK,0,20101229,160851,453,100
BOOK,0,20101229,160851,444,10
GENESIS,0,20101229,160921,172,1000
EGIS,0,20101229,160926,20000,15
MOL,0,20101229,161004,20575,18
GENESIS,0,20101229,161009,172,1000
KEG,0,20101229,161032,139,719
KEG,0,20101229,161032,139,1111
KEG,0,20101229,161032,139,1000
KEG,0,20101229,161032,139,800
KEG,0,20101229,161032,139,400
KEG,0,20101229,161032,139,1040
KEG,0,20101229,161032,139,880
KEG,0,20101229,161032,139,200
MOL,0,20101229,161052,20550,100
OTP,0,20101229,161059,5144,130
ZWACK,0,20101229,161111,13100,3
ZWACK,0,20101229,161111,13085,30
ZWACK,0,20101229,161111,13080,152
ZWACK,0,20101229,161121,13080,48
ZWACK,0,20101229,161121,13075,2
FHB,0,20101229,161130,964,100
OTP,0,20101229,161206,5145,400
OTP,0,20101229,161206,5145,50
OTP,0,20101229,161214,5146,71
MOL,0,20101229,161216,20545,300
MOL,0,20101229,161216,20545,139
OTP,0,20101229,161221,5145,2750
OTP,0,20101229,161221,5142,273
OTP,0,20101229,161221,5140,1000
MTELEKOM,0,20101229,161235,514,1445
MTELEKOM,0,20101229,161235,514,4587
MTELEKOM,0,20101229,161235,515,1903
MTELEKOM,0,20101229,161235,515,3065
OTP,0,20101229,161238,5140,200
OTP,0,20101229,161250,5139,400
MTELEKOM,0,20101229,161250,515,4519
MTELEKOM,0,20101229,161250,515,150
MTELEKOM,0,20101229,161250,515,7854
MTELEKOM,0,20101229,161250,515,977
MTELEKOM,0,20101229,161256,514,3500
MTELEKOM,0,20101229,161301,515,23
