<TICKER>,<PER>,<DTYYYYMMDD>,<TIME>,<CLOSE>,<VOLUME>
BUX1012,0,20101210,090002,21640,2
BUX1012,0,20101210,090002,21640,2
ECONET,0,20101210,090007,94,2000
ECONET,0,20101210,090007,94,2000
ECONET,0,20101210,090007,94,3000
ECONET,0,20101210,090007,94,2020
ECONET,0,20101210,090007,94,1000
ECONET,0,20101210,090007,94,1250
FHB,0,20101210,090007,1007,60
FHB,0,20101210,090007,1007,17
FHB,0,20101210,090007,1007,221
HUMET,0,20101210,090007,9,6039
HUMET,0,20101210,090007,9,30000
HUMET,0,20101210,090007,9,2000
HUMET,0,20101210,090007,9,6000
HUMET,0,20101210,090007,9,5000
HUMET,0,20101210,090007,9,7261
MOL,0,20101210,090007,19750,4
MOL,0,20101210,090007,19750,5
MOL,0,20101210,090007,19750,5
MOL,0,20101210,090007,19750,23
MOL,0,20101210,090007,19750,27
MOL,0,20101210,090007,19750,16
MTELEKOM,0,20101210,090007,540,4
MTELEKOM,0,20101210,090007,540,36
MTELEKOM,0,20101210,090007,540,141
MTELEKOM,0,20101210,090007,540,132
MTELEKOM,0,20101210,090007,540,700
MTELEKOM,0,20101210,090007,540,1305
MTELEKOM,0,20101210,090007,540,165
MTELEKOM,0,20101210,090007,540,1000
MTELEKOM,0,20101210,090007,540,450
MTELEKOM,0,20101210,090007,540,1305
MTELEKOM,0,20101210,090007,540,2500
MTELEKOM,0,20101210,090007,540,2302
MTELEKOM,0,20101210,090007,540,170
OTP,0,20101210,090007,5310,3
OTP,0,20101210,090007,5310,1
OTP,0,20101210,090007,5310,99
OTP,0,20101210,090007,5310,65
OTP,0,20101210,090007,5310,35
OTP,0,20101210,090007,5310,90
OTP,0,20101210,090007,5310,60
OTP,0,20101210,090007,5310,68
OTP,0,20101210,090007,5310,100
PANNERGY,0,20101210,090007,872,100
RFV,0,20101210,090007,8220,3
RICHTER,0,20101210,090007,43800,10
RICHTER,0,20101210,090007,43800,7
TVNETWORK,0,20101210,090007,297,1000
BUX1012,0,20101210,090200,21640,2
BUX1012,0,20101210,090200,21645,1
BOOK,0,20101210,090202,510,60
BOOK,0,20101210,090202,510,440
OTP,0,20101210,090202,5320,1
ECONET,0,20101210,090204,94,999
OTP,0,20101210,090204,5310,25
PANNERGY,0,20101210,090204,863,64
RFV,0,20101210,090204,8220,6
OTP,0,20101210,090210,5311,1
OTP,0,20101210,090210,5310,999
RFV,0,20101210,090210,8220,1
RFV,0,20101210,090210,8150,10
RFV,0,20101210,090210,8039,34
RFV,0,20101210,090210,8035,30
RFV,0,20101210,090210,8000,35
RICHTER,0,20101210,090212,44000,4
RICHTER,0,20101210,090212,44000,8
OTP,0,20101210,090215,5310,30
OTP,0,20101210,090217,5320,19
OTP,0,20101210,090217,5320,69
OTP,0,20101210,090217,5310,100
OTP,0,20101210,090222,5310,200
OTP,0,20101210,090226,5310,300
OTP,0,20101210,090228,5310,28
RICHTER,0,20101210,090232,44000,30
OTP,0,20101210,090236,5303,340
OTP,0,20101210,090239,5308,18
OTP,0,20101210,090239,5310,22
OTP,0,20101210,090239,5310,60
OTP,0,20101210,090244,5303,100
OTP,0,20101210,090251,5303,20
OTP,0,20101210,090252,5303,100
BUX1012,0,20101210,090252,21635,1
OTP,0,20101210,090257,5303,2
OTP,0,20101210,090257,5302,58
OTP,0,20101210,090300,5302,42
OTP,0,20101210,090300,5302,44
RICHTER,0,20101210,090303,44005,1
MTELEKOM,0,20101210,090303,536,302
OTP,0,20101210,090303,5301,5
OTP,0,20101210,090303,5301,549
OTP,0,20101210,090303,5301,400
OTP,0,20101210,090306,5301,213
MTELEKOM,0,20101210,090307,536,698
MTELEKOM,0,20101210,090307,536,513
OTP,0,20101210,090310,5301,400
MTELEKOM,0,20101210,090310,536,487
OTP,0,20101210,090312,5301,250
OTP,0,20101210,090313,5301,100
OTP,0,20101210,090313,5301,250
OTP,0,20101210,090320,5301,200
OTP,0,20101210,090326,5301,443
RICHTER,0,20101210,090328,44150,14
RICHTER,0,20101210,090328,44150,16
RICHTER,0,20101210,090328,44200,5
RICHTER,0,20101210,090328,44200,100
RICHTER,0,20101210,090328,44200,30
OTP,0,20101210,090330,5301,50
OTP,0,20101210,090331,5301,100
OTP,0,20101210,090331,5300,190
OTP,0,20101210,090331,5300,75
OTP,0,20101210,090331,5300,7
OTP,0,20101210,090331,5300,10
OTP,0,20101210,090336,5290,15
OTP,0,20101210,090336,5290,116
OTP,0,20101210,090336,5285,69
OTP,0,20101210,090336,5285,20
OTP,0,20101210,090337,5285,21
BUX1012,0,20101210,090338,21635,1
OTP,0,20101210,090339,5285,680
OTP,0,20101210,090339,5300,48
OTP,0,20101210,090339,5300,19
OTP,0,20101210,090339,5301,253
OTP,0,20101210,090340,5283,152
OTP,0,20101210,090340,5283,18
OTP,0,20101210,090342,5285,680
BUX1012,0,20101210,090342,21635,1
MOL,0,20101210,090345,19800,13
MOL,0,20101210,090345,19760,50
MOL,0,20101210,090345,19750,49
MOL,0,20101210,090345,19750,10
OTP,0,20101210,090346,5299,200
OTP,0,20101210,090346,5300,800
OTP,0,20101210,090347,5300,1000
OTP,0,20101210,090348,5300,200
OTP,0,20101210,090348,5300,90
ECONET,0,20101210,090349,94,1200
OTP,0,20101210,090355,5300,318
OTP,0,20101210,090356,5301,97
OTP,0,20101210,090356,5301,700
OTP,0,20101210,090356,5301,50
OTP,0,20101210,090356,5302,376
OTP,0,20101210,090356,5300,392
OTP,0,20101210,090358,5285,200
OTP,0,20101210,090400,5285,300
MOL,0,20101210,090400,19750,30
OTP,0,20101210,090402,5283,320
OTP,0,20101210,090403,5300,608
OTP,0,20101210,090403,5300,392
OTP,0,20101210,090406,5286,320
OTP,0,20101210,090406,5285,200
OTP,0,20101210,090411,5285,86
MOL,0,20101210,090413,19750,98
MOL,0,20101210,090413,19750,2
OTP,0,20101210,090415,5299,10
MTELEKOM,0,20101210,090422,535,1000
MTELEKOM,0,20101210,090422,535,2000
MTELEKOM,0,20101210,090422,535,100
MTELEKOM,0,20101210,090422,535,48
BUX1012,0,20101210,090427,21635,1
MOL,0,20101210,090431,19750,20
OTP,0,20101210,090437,5298,67
OTP,0,20101210,090446,5298,310
ANY,0,20101210,090452,729,200
OTP,0,20101210,090452,5295,30
OTP,0,20101210,090452,5297,36
OTP,0,20101210,090501,5297,164
OTP,0,20101210,090501,5297,161
OTP,0,20101210,090501,5298,128
OTP,0,20101210,090501,5298,1000
OTP,0,20101210,090501,5299,34
OTP,0,20101210,090501,5299,100
OTP,0,20101210,090501,5300,608
OTP,0,20101210,090501,5300,100
OTP,0,20101210,090501,5300,800
OTP,0,20101210,090501,5300,10
OTP,0,20101210,090501,5287,1
OTP,0,20101210,090509,5287,309
BUX1012,0,20101210,090509,21635,6
OTP,0,20101210,090511,5300,400
OTP,0,20101210,090520,5300,400
OTP,0,20101210,090520,5290,500
OTP,0,20101210,090520,5288,70
MTELEKOM,0,20101210,090522,535,952
MTELEKOM,0,20101210,090522,535,259
OTP,0,20101210,090533,5301,1000
OTP,0,20101210,090535,5288,263
OTP,0,20101210,090547,5292,20
RFV,0,20101210,090551,8005,20
OTP,0,20101210,090554,5292,160
OTP,0,20101210,090555,5293,76
BUX1012,0,20101210,090602,21620,2
RICHTER,0,20101210,090606,44200,19
OTP,0,20101210,090607,5300,40
ANY,0,20101210,090617,729,300
MTELEKOM,0,20101210,090623,535,1212
MTELEKOM,0,20101210,090632,535,1347
OTP,0,20101210,090634,5293,119
OTP,0,20101210,090634,5293,881
OTP,0,20101210,090637,5299,1
OTP,0,20101210,090639,5293,2
OTP,0,20101210,090642,5293,15
OTP,0,20101210,090645,5291,355
BUX1012,0,20101210,090657,21613,1
OTP,0,20101210,090657,5292,100
OTP,0,20101210,090659,5292,100
OTP,0,20101210,090659,5291,335
OTP,0,20101210,090659,5290,100
OTP,0,20101210,090659,5290,65
OTP,0,20101210,090707,5290,229
OTP,0,20101210,090708,5293,83
OTP,0,20101210,090711,5293,87
OTP,0,20101210,090711,5292,95
OTP,0,20101210,090711,5290,206
OTP,0,20101210,090711,5290,174
MTELEKOM,0,20101210,090717,535,500
PANNERGY,0,20101210,090722,874,2
MTELEKOM,0,20101210,090723,534,500
MTELEKOM,0,20101210,090723,534,110
MTELEKOM,0,20101210,090723,534,101
OTP,0,20101210,090728,5290,326
BUX1012,0,20101210,090728,21613,2
OTP,0,20101210,090731,5289,10
OTP,0,20101210,090731,5287,10
OTP,0,20101210,090731,5287,480
OTP,0,20101210,090732,5287,520
OTP,0,20101210,090732,5287,200
OTP,0,20101210,090732,5286,300
OTP,0,20101210,090732,5285,50
OTP,0,20101210,090732,5283,10
OTP,0,20101210,090732,5280,2
OTP,0,20101210,090732,5280,50
OTP,0,20101210,090732,5280,500
OTP,0,20101210,090732,5278,10
OTP,0,20101210,090732,5277,30
OTP,0,20101210,090732,5277,30
OTP,0,20101210,090732,5276,130
OTP,0,20101210,090732,5276,200
OTP,0,20101210,090732,5280,143
BUX1012,0,20101210,090743,21612,6
BUX1012,0,20101210,090743,21612,6
BUX1012,0,20101210,090743,21610,3
BUX1012,0,20101210,090743,21609,2
BUX1012,0,20101210,090743,21605,1
BUX1012,0,20101210,090743,21602,5
BUX1012,0,20101210,090743,21601,17
BUX1012,0,20101210,090743,21601,1
OTP,0,20101210,090744,5280,1000
OTP,0,20101210,090745,5276,420
OTP,0,20101210,090745,5276,96
BUX1012,0,20101210,090746,21640,1
OTP,0,20101210,090750,5276,253
OTP,0,20101210,090751,5276,10
ZWACK,0,20101210,090756,14500,5
ZWACK,0,20101210,090756,14480,5
ZWACK,0,20101210,090756,14475,5
ZWACK,0,20101210,090756,14445,2
ZWACK,0,20101210,090756,14440,10
OTP,0,20101210,090759,5275,25
OTP,0,20101210,090759,5275,10
OTP,0,20101210,090759,5275,250
OTP,0,20101210,090807,5272,30
OTP,0,20101210,090809,5272,50
ZWACK,0,20101210,090812,14340,10
ZWACK,0,20101210,090812,14255,4
ZWACK,0,20101210,090812,14255,4
ZWACK,0,20101210,090812,14240,10
ZWACK,0,20101210,090812,14140,10
OTP,0,20101210,090812,5275,47
OTP,0,20101210,090812,5280,553
OTP,0,20101210,090817,5272,134
OTP,0,20101210,090817,5272,66
OTP,0,20101210,090817,5272,150
MTELEKOM,0,20101210,090824,534,592
MTELEKOM,0,20101210,090824,534,620
OTP,0,20101210,090826,5273,100
OTP,0,20101210,090826,5272,10
ECONET,0,20101210,090829,94,1500
BUX1012,0,20101210,090830,21603,7
OTP,0,20101210,090832,5272,75
OTP,0,20101210,090832,5272,144
OTP,0,20101210,090833,5272,534
OTP,0,20101210,090836,5272,100
ZWACK,0,20101210,090839,14065,20
ZWACK,0,20101210,090839,14060,5
ZWACK,0,20101210,090839,14040,10
OTP,0,20101210,090842,5275,300
OTP,0,20101210,090847,5275,3
OTP,0,20101210,090852,5275,697
ECONET,0,20101210,090855,94,2031
ECONET,0,20101210,090855,94,616
OTP,0,20101210,090905,5280,100
OTP,0,20101210,090906,5275,109
MOL,0,20101210,090907,19705,1
MOL,0,20101210,090907,19705,4
MOL,0,20101210,090907,19700,10
MOL,0,20101210,090907,19700,20
MOL,0,20101210,090907,19700,19
MOL,0,20101210,090907,19700,25
MOL,0,20101210,090907,19700,15
MOL,0,20101210,090907,19680,5
MOL,0,20101210,090907,19625,50
MOL,0,20101210,090907,19615,52
OTP,0,20101210,090921,5275,180
OTP,0,20101210,090922,5280,572
OTP,0,20101210,090922,5280,20
OTP,0,20101210,090922,5280,108
OTP,0,20101210,090924,5275,14
OTP,0,20101210,090924,5275,36
MTELEKOM,0,20101210,090926,534,1211
MTELEKOM,0,20101210,090932,535,1947
MTELEKOM,0,20101210,090932,535,330
OTP,0,20101210,090942,5275,38
OTP,0,20101210,090943,5275,224
OTP,0,20101210,090943,5275,376
OTP,0,20101210,090943,5275,300
OTP,0,20101210,090948,5272,222
OTP,0,20101210,090948,5272,378
OTP,0,20101210,090952,5272,100
BUX1012,0,20101210,090953,21601,2
BUX1012,0,20101210,090953,21600,1
BUX1012,0,20101210,090953,21590,1
BUX1012,0,20101210,090953,21585,1
BUX1012,0,20101210,090953,21585,8
BUX1012,0,20101210,090953,21585,1
BUX1012,0,20101210,090956,21590,4
MOL,0,20101210,091002,19670,20
OTP,0,20101210,091002,5272,22
OTP,0,20101210,091002,5272,178
OTP,0,20101210,091009,5275,100
OTP,0,20101210,091009,5275,800
OTP,0,20101210,091010,5272,217
BUX1012,0,20101210,091017,21585.5,1
MTELEKOM,0,20101210,091023,534,702
OTP,0,20101210,091023,5275,100
OTP,0,20101210,091023,5275,68
OTP,0,20101210,091024,5280,92
OTP,0,20101210,091027,5290,100
MOL,0,20101210,091031,19700,10
BUX1012,0,20101210,091034,21585,1
BUX1012,0,20101210,091034,21582,1
BUX1012,0,20101210,091034,21580,14
BUX1012,0,20101210,091034,21570,2
BUX1012,0,20101210,091034,21570,2
BUX1012,0,20101210,091038,21580,1
MOL,0,20101210,091053,19700,50
MTELEKOM,0,20101210,091100,535,200
BUX1012,0,20101210,091100,21580,15
OTP,0,20101210,091105,5285,20
OTP,0,20101210,091109,5285,10
OTP,0,20101210,091109,5285,219
OTP,0,20101210,091110,5286,200
OTP,0,20101210,091110,5287,40
OTP,0,20101210,091110,5290,574
OTP,0,20101210,091110,5290,186
OTP,0,20101210,091114,5282,3
EGIS,0,20101210,091115,20210,17
OTP,0,20101210,091118,5290,314
OTP,0,20101210,091118,5290,287
OTP,0,20101210,091118,5290,500
BUX1012,0,20101210,091123,21600,5
OTP,0,20101210,091125,5290,250
GSPARK,0,20101210,091131,795,19
EGIS,0,20101210,091134,20210,10
MOL,0,20101210,091152,19700,12
MOL,0,20101210,091152,19700,43
BUX1012,0,20101210,091213,21600.5,2
BUX1012,0,20101210,091213,21600,1
BUX1012,0,20101210,091213,21600,5
OTP,0,20101210,091220,5298,160
OTP,0,20101210,091220,5298,200
OTP,0,20101210,091220,5299,1300
OTP,0,20101210,091222,5300,200
OTP,0,20101210,091222,5300,760
OTP,0,20101210,091222,5300,2000
OTP,0,20101210,091222,5300,10
OTP,0,20101210,091222,5300,30
OTP,0,20101210,091223,5300,970
OTP,0,20101210,091223,5300,5
OTP,0,20101210,091223,5300,2025
OTP,0,20101210,091224,5300,500
OTP,0,20101210,091224,5292,410
OTP,0,20101210,091225,5300,1475
OTP,0,20101210,091225,5300,23
OTP,0,20101210,091225,5300,8
OTP,0,20101210,091225,5300,20
OTP,0,20101210,091225,5300,200
OTP,0,20101210,091226,5300,1079
MTELEKOM,0,20101210,091234,535,2000
OTP,0,20101210,091305,5301,300
OTP,0,20101210,091306,5305,108
OTP,0,20101210,091306,5309,500
OTP,0,20101210,091308,5302,18
OTP,0,20101210,091313,5302,272
MTELEKOM,0,20101210,091322,534,1467
MTELEKOM,0,20101210,091322,534,1150
MTELEKOM,0,20101210,091322,534,250
MTELEKOM,0,20101210,091322,534,100
MOL,0,20101210,091327,19695,25
MOL,0,20101210,091327,19700,23
OTP,0,20101210,091329,5309,608
OTP,0,20101210,091329,5310,200
OTP,0,20101210,091329,5310,2
OTP,0,20101210,091329,5310,190
OTP,0,20101210,091358,5310,120
MOL,0,20101210,091401,19700,20
MOL,0,20101210,091406,19700,30
OTP,0,20101210,091412,5310,90
MOL,0,20101210,091414,19700,97
OTP,0,20101210,091416,5310,300
OTP,0,20101210,091417,5306,228
BUX1012,0,20101210,091426,21639,5
BUX1012,0,20101210,091426,21639.5,2
BUX1012,0,20101210,091426,21639.5,2
BUX1012,0,20101210,091426,21640,10
BUX1012,0,20101210,091426,21649,5
BUX1012,0,20101210,091426,21650,3
BUX1012,0,20101210,091426,21684,2
ZWACK,0,20101210,091430,14130,7
ZWACK,0,20101210,091430,14130,2
ZWACK,0,20101210,091430,14110,7
ZWACK,0,20101210,091430,14110,10
BUX1012,0,20101210,091432,21684,5
MTELEKOM,0,20101210,091433,535,500
OTP,0,20101210,091449,5306,75
OTP,0,20101210,091449,5302,25
OTP,0,20101210,091449,5310,250
OTP,0,20101210,091452,5306,170
OTP,0,20101210,091502,5303,500
OTP,0,20101210,091502,5303,483
OTP,0,20101210,091502,5305,100
RICHTER,0,20101210,091504,44280,16
RICHTER,0,20101210,091504,44285,3
RICHTER,0,20101210,091504,44285,15
RICHTER,0,20101210,091504,44290,2
RICHTER,0,20101210,091504,44300,7
RICHTER,0,20101210,091504,44310,10
RICHTER,0,20101210,091504,44345,6
RICHTER,0,20101210,091504,44350,2
RICHTER,0,20101210,091504,44350,4
RICHTER,0,20101210,091504,44350,10
RICHTER,0,20101210,091504,44390,20
RICHTER,0,20101210,091504,44395,2
RICHTER,0,20101210,091504,44395,30
RICHTER,0,20101210,091504,44395,51
RICHTER,0,20101210,091504,44395,20
RICHTER,0,20101210,091504,44400,4
RICHTER,0,20101210,091504,44400,10
RICHTER,0,20101210,091504,44445,9
RICHTER,0,20101210,091504,44470,50
RICHTER,0,20101210,091504,44480,250
RICHTER,0,20101210,091504,44485,3
RICHTER,0,20101210,091504,44490,5
RICHTER,0,20101210,091504,44495,2
RICHTER,0,20101210,091504,44500,10
RICHTER,0,20101210,091504,44500,60
RICHTER,0,20101210,091504,44500,25
RICHTER,0,20101210,091504,44500,4
RICHTER,0,20101210,091504,44500,15
OTP,0,20101210,091515,5305,64
OTP,0,20101210,091529,5310,40
OTP,0,20101210,091530,5310,10
OTP,0,20101210,091530,5310,20
OTP,0,20101210,091530,5310,15
OTP,0,20101210,091540,5310,432
OTP,0,20101210,091542,5310,384
TVNETWORK,0,20101210,091548,297,400
OTP,0,20101210,091552,5310,184
OTP,0,20101210,091552,5310,20
HUMET,0,20101210,091554,9,9739
HUMET,0,20101210,091554,9,10000
HUMET,0,20101210,091554,9,50000
HUMET,0,20101210,091554,9,22100
HUMET,0,20101210,091554,9,200
HUMET,0,20101210,091554,9,7961
OTP,0,20101210,091612,5310,100
RICHTER,0,20101210,091620,44225,1
OTP,0,20101210,091624,5314,21
OTP,0,20101210,091624,5315,200
OTP,0,20101210,091624,5315,450
OTP,0,20101210,091624,5319,48
OTP,0,20101210,091624,5320,2000
OTP,0,20101210,091624,5320,281
OTP,0,20101210,091715,5311,50
OTP,0,20101210,091715,5311,5
BUX1012,0,20101210,091715,21684,3
MTELEKOM,0,20101210,091724,535,200
OTP,0,20101210,091725,5311,95
OTP,0,20101210,091725,5311,905
BUX1012,0,20101210,091735,21684,1
BUX1012,0,20101210,091736,21684,10
BUX1012,0,20101210,091738,21684,1
ANY,0,20101210,091752,738,50
MTELEKOM,0,20101210,091804,535,4706
FOTEX,0,20101210,091815,407,19
FOTEX,0,20101210,091815,405,481
RICHTER,0,20101210,091824,44350,3
OTP,0,20101210,091830,5312,90
OTP,0,20101210,091830,5312,972
OTP,0,20101210,091830,5312,438
MOL,0,20101210,091833,19715,6
MOL,0,20101210,091833,19715,50
MOL,0,20101210,091833,19710,100
OTP,0,20101210,091836,5312,62
OTP,0,20101210,091836,5312,300
OTP,0,20101210,091836,5311,95
OTP,0,20101210,091836,5310,196
OTP,0,20101210,091836,5310,200
OTP,0,20101210,091843,5310,100
OTP,0,20101210,091846,5305,1000
OTP,0,20101210,091847,5305,100
OTP,0,20101210,091847,5305,136
RICHTER,0,20101210,091855,44300,40
OTP,0,20101210,091907,5305,100
OTP,0,20101210,091914,5305,45
OTP,0,20101210,091916,5305,29
OTP,0,20101210,091919,5305,50
OTP,0,20101210,091929,5305,400
OTP,0,20101210,091932,5305,100
OTP,0,20101210,091935,5305,18
RICHTER,0,20101210,091943,44340,1
RICHTER,0,20101210,091943,44340,15
OTP,0,20101210,091944,5305,9
OTP,0,20101210,091944,5305,1000
OTP,0,20101210,091946,5303,20
BUX1012,0,20101210,091948,21660,1
OTP,0,20101210,091950,5300,500
OTP,0,20101210,091950,5300,50
OTP,0,20101210,091955,5300,20
OTP,0,20101210,091955,5300,79
OTP,0,20101210,091957,5300,154
OTP,0,20101210,091958,5300,271
OTP,0,20101210,092000,5296,100
BUX1012,0,20101210,092006,21660,5
BUX1012,0,20101210,092006,21650,16
OTP,0,20101210,092010,5296,400
OTP,0,20101210,092010,5296,109
OTP,0,20101210,092010,5291,1000
OTP,0,20101210,092010,5290,100
OTP,0,20101210,092010,5290,100
OTP,0,20101210,092012,5287,50
OTP,0,20101210,092015,5287,50
OTP,0,20101210,092015,5285,12
OTP,0,20101210,092016,5285,138
OTP,0,20101210,092022,5284,45
OTP,0,20101210,092022,5284,140
OTP,0,20101210,092025,5284,15
OTP,0,20101210,092025,5284,200
OTP,0,20101210,092026,5290,1291
OTP,0,20101210,092026,5298,1000
OTP,0,20101210,092026,5299,1709
BUX1012,0,20101210,092031,21621,5
BUX1012,0,20101210,092031,21616,1
BUX1012,0,20101210,092031,21615,3
BUX1012,0,20101210,092031,21615,20
OTP,0,20101210,092031,5283,25
OTP,0,20101210,092031,5283,300
MTELEKOM,0,20101210,092038,535,294
MTELEKOM,0,20101210,092038,535,1426
OTP,0,20101210,092040,5281,20
OTP,0,20101210,092040,5281,20
OTP,0,20101210,092040,5281,60
OTP,0,20101210,092040,5281,317
OTP,0,20101210,092105,5282,610
OTP,0,20101210,092105,5282,100
OTP,0,20101210,092119,5283,400
OTP,0,20101210,092119,5283,297
OTP,0,20101210,092119,5283,745
MTELEKOM,0,20101210,092134,534,1000
MTELEKOM,0,20101210,092134,534,915
BUX1012,0,20101210,092138,21616,1
BUX1012,0,20101210,092138,21615.5,1
BUX1012,0,20101210,092138,21615,4
BUX1012,0,20101210,092138,21614,2
BUX1012,0,20101210,092138,21613,11
BUX1012,0,20101210,092138,21606,1
MTELEKOM,0,20101210,092149,534,85
MTELEKOM,0,20101210,092149,534,800
MTELEKOM,0,20101210,092149,534,5000
RICHTER,0,20101210,092155,44340,16
RICHTER,0,20101210,092155,44470,1
OTP,0,20101210,092202,5289,100
OTP,0,20101210,092202,5290,900
MTELEKOM,0,20101210,092203,534,1126
OTP,0,20101210,092206,5290,100
OTP,0,20101210,092206,5290,400
RICHTER,0,20101210,092207,44250,13
BUX1012,0,20101210,092207,21615,5
RICHTER,0,20101210,092216,44250,14
RICHTER,0,20101210,092221,44250,190
OTP,0,20101210,092222,5295,62
MTELEKOM,0,20101210,092225,535,200
OTP,0,20101210,092230,5295,238
OTP,0,20101210,092230,5299,291
OTP,0,20101210,092230,5300,100
OTP,0,20101210,092230,5300,100
RICHTER,0,20101210,092234,44350,2
RICHTER,0,20101210,092234,44350,15
RICHTER,0,20101210,092234,44470,1
PHYLAXIA,0,20101210,092246,44,1
OTP,0,20101210,092249,5295,5
RICHTER,0,20101210,092302,44250,12
MOL,0,20101210,092302,19710,100
RICHTER,0,20101210,092304,44250,16
OTP,0,20101210,092307,5295,195
OTP,0,20101210,092307,5295,162
MOL,0,20101210,092309,19700,103
OTP,0,20101210,092310,5300,340
OTP,0,20101210,092310,5300,40
ZWACK,0,20101210,092316,14100,5
MOL,0,20101210,092317,19670,46
OTP,0,20101210,092319,5295,60
OTP,0,20101210,092330,5296,17
OTP,0,20101210,092344,5296,83
OTP,0,20101210,092344,5296,659
OTP,0,20101210,092345,5295,340
OTP,0,20101210,092347,5295,438
OTP,0,20101210,092349,5295,328
ECONET,0,20101210,092407,94,785
ECONET,0,20101210,092407,94,573
MOL,0,20101210,092417,19700,4
OTP,0,20101210,092425,5295,8
BUX1012,0,20101210,092427,21635,5
BUX1012,0,20101210,092445,21607.5,1
BUX1012,0,20101210,092445,21607,1
BUX1012,0,20101210,092445,21606,1
MTELEKOM,0,20101210,092451,534,500
BUX1012,0,20101210,092513,21610,2
BUX1012,0,20101210,092513,21606,1
BUX1012,0,20101210,092513,21605.5,2
RICHTER,0,20101210,092517,44450,2
MOL,0,20101210,092525,19670,30
OTP,0,20101210,092533,5295,664
OTP,0,20101210,092533,5295,925
MTELEKOM,0,20101210,092602,535,400
OTP,0,20101210,092641,5297,100
OTP,0,20101210,092641,5298,608
OTP,0,20101210,092641,5300,292
MOL,0,20101210,092654,19670,24
MOL,0,20101210,092654,19670,40
OTP,0,20101210,092657,5291,500
OTP,0,20101210,092657,5291,179
FHB,0,20101210,092657,1010,500
OTP,0,20101210,092708,5291,26
OTP,0,20101210,092708,5285,4
EGIS,0,20101210,092712,20255,20
EGIS,0,20101210,092712,20250,10
OTP,0,20101210,092758,5295,10
OTP,0,20101210,092758,5298,20
OTP,0,20101210,092758,5299,20
OTP,0,20101210,092804,5285,196
OTP,0,20101210,092804,5285,30
OTP,0,20101210,092804,5285,174
BUX1012,0,20101210,092818,21620,3
MTELEKOM,0,20101210,092839,534,1470
KEG,0,20101210,092843,148,650
MTELEKOM,0,20101210,092900,535,400
MTELEKOM,0,20101210,092900,535,1077
MTELEKOM,0,20101210,092900,535,633
MTELEKOM,0,20101210,092933,535,578
MTELEKOM,0,20101210,092933,535,2050
MTELEKOM,0,20101210,092948,535,2372
MTELEKOM,0,20101210,092948,535,51
OTP,0,20101210,092950,5290,100
OTP,0,20101210,093004,5290,100
OTP,0,20101210,093004,5290,35
OTP,0,20101210,093004,5286,200
OTP,0,20101210,093004,5285,265
TVNETWORK,0,20101210,093008,297,1500
OTP,0,20101210,093035,5285,80
MOL,0,20101210,093038,19675,61
MOL,0,20101210,093038,19675,39
OTP,0,20101210,093104,5296,140
OTP,0,20101210,093104,5296,285
OTP,0,20101210,093104,5296,430
OTP,0,20101210,093104,5296,350
OTP,0,20101210,093104,5299,20
OTP,0,20101210,093104,5300,158
OTP,0,20101210,093104,5300,100
OTP,0,20101210,093104,5300,160
OTP,0,20101210,093104,5300,160
OTP,0,20101210,093104,5300,30
OTP,0,20101210,093104,5300,50
OTP,0,20101210,093104,5300,100
OTP,0,20101210,093106,5300,50
OTP,0,20101210,093106,5286,50
RICHTER,0,20101210,093107,44235,20
OTP,0,20101210,093117,5295,36
MOL,0,20101210,093126,19670,10
MOL,0,20101210,093131,19670,7
MOL,0,20101210,093131,19700,3
MOL,0,20101210,093149,19700,20
ZWACK,0,20101210,093150,14100,30
OTP,0,20101210,093155,5300,60
BUX1012,0,20101210,093207,21607,1
BUX1012,0,20101210,093207,21606.5,5
BUX1012,0,20101210,093207,21605,50
BUX1012,0,20101210,093207,21600,1
BUX1012,0,20101210,093207,21600,1
BUX1012,0,20101210,093211,21600,2
MOL,0,20101210,093222,19700,20
RICHTER,0,20101210,093223,44265,15
OTP,0,20101210,093226,5294,140
OTP,0,20101210,093226,5293,60
GENESIS,0,20101210,093228,242,500
GENESIS,0,20101210,093228,241,500
RICHTER,0,20101210,093228,44270,1
RICHTER,0,20101210,093228,44270,1
OTP,0,20101210,093231,5300,495
RICHTER,0,20101210,093235,44270,14
OTP,0,20101210,093236,5293,1
MOL,0,20101210,093241,19700,50
OTP,0,20101210,093247,5293,500
BUX1012,0,20101210,093253,21591,2
BUX1012,0,20101210,093256,21591,2
MOL,0,20101210,093304,19650,1
OTP,0,20101210,093306,5300,300
OTP,0,20101210,093308,5293,50
OTP,0,20101210,093315,5300,146
OTP,0,20101210,093320,5300,55
OTP,0,20101210,093320,5300,126
MTELEKOM,0,20101210,093327,536,300
MTELEKOM,0,20101210,093327,536,250
MTELEKOM,0,20101210,093341,536,500
OTP,0,20101210,093412,5300,80
MTELEKOM,0,20101210,093422,537,1000
OTP,0,20101210,093438,5300,200
RICHTER,0,20101210,093451,44240,29
MTELEKOM,0,20101210,093454,538,1583
OTP,0,20101210,093456,5300,138
OTP,0,20101210,093456,5300,62
OTP,0,20101210,093502,5300,230
MTELEKOM,0,20101210,093505,538,1000
OTP,0,20101210,093527,5300,100
OTP,0,20101210,093550,5300,30
RICHTER,0,20101210,093559,44240,25
RICHTER,0,20101210,093611,44235,30
MOL,0,20101210,093614,19700,3
MOL,0,20101210,093614,19700,30
MOL,0,20101210,093614,19700,7
BUX1012,0,20101210,093615,21593,4
BUX1012,0,20101210,093615,21592,4
FHB,0,20101210,093622,1010,200
BUX1012,0,20101210,093623,21593.5,1
BUX1012,0,20101210,093645,21598.5,4
BUX1012,0,20101210,093645,21599,3
BUX1012,0,20101210,093645,21600,20
BUX1012,0,20101210,093645,21600,3
BUX1012,0,20101210,093645,21610,4
BUX1012,0,20101210,093645,21610,26
FHB,0,20101210,093651,1012,220
RICHTER,0,20101210,093702,44200,50
MOL,0,20101210,093705,19700,21
ORC,0,20101210,093709,2040,105
ORC,0,20101210,093710,2045,25
ORC,0,20101210,093710,2045,54
ORC,0,20101210,093710,2050,84
MOL,0,20101210,093711,19700,25
FHB,0,20101210,093711,1010,150
OTP,0,20101210,093721,5304,100
ORC,0,20101210,093729,2070,18
RICHTER,0,20101210,093729,44200,68
OTP,0,20101210,093729,5300,78
OTP,0,20101210,093729,5300,114
RICHTER,0,20101210,093730,44200,32
OTP,0,20101210,093746,5300,284
OTP,0,20101210,093746,5300,1000
OTP,0,20101210,093746,5300,500
OTP,0,20101210,093746,5300,216
RICHTER,0,20101210,093748,44250,5000
RICHTER,0,20101210,093750,44180,20
OTP,0,20101210,093755,5300,284
OTP,0,20101210,093755,5300,50
BUX1012,0,20101210,093803,21586.5,2
BUX1012,0,20101210,093803,21586,1
BUX1012,0,20101210,093803,21581,1
BUX1012,0,20101210,093803,21581,1
RICHTER,0,20101210,093833,44150,1
RICHTER,0,20101210,093833,44125,4
RICHTER,0,20101210,093833,44100,10
RICHTER,0,20101210,093833,44100,4
RICHTER,0,20101210,093846,44170,18
RICHTER,0,20101210,093846,44240,300
MOL,0,20101210,093857,19700,75
MTELEKOM,0,20101210,093907,537,1566
ANY,0,20101210,093931,730,150
ANY,0,20101210,093931,730,50
ANY,0,20101210,093931,730,200
GENESIS,0,20101210,093949,246,20
OTP,0,20101210,094008,5291,200
OTP,0,20101210,094008,5291,522
OTP,0,20101210,094008,5290,417
OTP,0,20101210,094008,5290,303
PANNERGY,0,20101210,094054,872,62
BUX1012,0,20101210,094105,21598,5
BUX1012,0,20101210,094105,21599,1
BUX1012,0,20101210,094105,21599,2
BUX1012,0,20101210,094105,21599,5
BUX1012,0,20101210,094105,21599.5,5
BUX1012,0,20101210,094105,21600,20
BUX1012,0,20101210,094105,21605,2
OTP,0,20101210,094127,5291,4891
OTP,0,20101210,094220,5291,10
BUX1012,0,20101210,094300,21600,3
RICHTER,0,20101210,094302,44025,20
RICHTER,0,20101210,094302,44025,14
MOL,0,20101210,094302,19680,2
OTP,0,20101210,094305,5291,20
MOL,0,20101210,094309,19650,70
MOL,0,20101210,094309,19650,40
RICHTER,0,20101210,094312,44020,29
MOL,0,20101210,094318,19625,50
FHB,0,20101210,094326,1010,142
FHB,0,20101210,094326,1010,58
MOL,0,20101210,094327,19620,50
MOL,0,20101210,094327,19620,4
BUX1012,0,20101210,094333,21585,2
MOL,0,20101210,094349,19620,9
PHYLAXIA,0,20101210,094357,45,700
PHYLAXIA,0,20101210,094357,45,300
PHYLAXIA,0,20101210,094357,45,3000
PHYLAXIA,0,20101210,094357,45,2400
PHYLAXIA,0,20101210,094357,45,1391
MOL,0,20101210,094407,19620,14
BUX1012,0,20101210,094413,21585,3
BUX1012,0,20101210,094428,21581,2
BUX1012,0,20101210,094436,21583,1
BUX1012,0,20101210,094437,21584.5,1
OTP,0,20101210,094450,5291,180
OTP,0,20101210,094452,5290,5
OTP,0,20101210,094452,5290,192
OTP,0,20101210,094452,5290,339
OTP,0,20101210,094456,5290,661
PANNERGY,0,20101210,094459,875,10
OTP,0,20101210,094530,5287,760
OTP,0,20101210,094530,5287,873
OTP,0,20101210,094530,5287,700
EGIS,0,20101210,094536,20255,20
EGIS,0,20101210,094536,20255,10
OTP,0,20101210,094539,5286,1000
OTP,0,20101210,094539,5286,200
OTP,0,20101210,094539,5286,500
OTP,0,20101210,094539,5286,300
OTP,0,20101210,094539,5285,20
OTP,0,20101210,094539,5285,50
OTP,0,20101210,094539,5285,10
OTP,0,20101210,094539,5284,20
MOL,0,20101210,094539,19620,8
MOL,0,20101210,094539,19620,2
MOL,0,20101210,094542,19645,57
MOL,0,20101210,094542,19650,43
OTP,0,20101210,094550,5294,247
OTP,0,20101210,094550,5298,10
OTP,0,20101210,094550,5298,243
BUX1012,0,20101210,094555,21583,1
BUX1012,0,20101210,094555,21581,2
BUX1012,0,20101210,094555,21580.5,1
BUX1012,0,20101210,094555,21580,3
BUX1012,0,20101210,094555,21580,1
BUX1012,0,20101210,094607,21580,2
ECONET,0,20101210,094613,94,4000
BUX1012,0,20101210,094617,21580,2
MOL,0,20101210,094640,19620,20
MTELEKOM,0,20101210,094652,537,930
OTP,0,20101210,094723,5295,50
OTP,0,20101210,094723,5295,224
OTP,0,20101210,094725,5295,1258
OTP,0,20101210,094728,5295,3468
MOL,0,20101210,094758,19650,47
MOL,0,20101210,094758,19650,100
MOL,0,20101210,094806,19650,150
OTP,0,20101210,094847,5295,37
OTP,0,20101210,094850,5295,789
OTP,0,20101210,094906,5295,95
OTP,0,20101210,094919,5295,100
OTP,0,20101210,094950,5295,200
OTP,0,20101210,094951,5295,279
OTP,0,20101210,094951,5295,457
OTP,0,20101210,095031,5284,1000
OTP,0,20101210,095031,5284,949
OTP,0,20101210,095031,5283,500
OTP,0,20101210,095031,5283,300
OTP,0,20101210,095031,5282,100
OTP,0,20101210,095031,5282,151
OTP,0,20101210,095040,5282,849
OTP,0,20101210,095040,5282,600
OTP,0,20101210,095040,5281,123
OTP,0,20101210,095040,5281,50
OTP,0,20101210,095040,5280,378
EGIS,0,20101210,095045,20300,10
OTP,0,20101210,095059,5280,122
OTP,0,20101210,095059,5280,142
OTP,0,20101210,095104,5280,258
OTP,0,20101210,095104,5280,62
PANNERGY,0,20101210,095113,875,20
EGIS,0,20101210,095118,20330,3
EGIS,0,20101210,095118,20330,1
EGIS,0,20101210,095118,20360,3
EGIS,0,20101210,095118,20360,1
EGIS,0,20101210,095118,20385,9
BUX1012,0,20101210,095141,21567,1
EGIS,0,20101210,095141,20285,15
EGIS,0,20101210,095141,20280,10
OTP,0,20101210,095200,5285,180
OTP,0,20101210,095200,5285,694
BUX1012,0,20101210,095201,21563,1
BUX1012,0,20101210,095201,21562,1
BUX1012,0,20101210,095201,21561.5,3
RICHTER,0,20101210,095201,44025,100
RICHTER,0,20101210,095201,44025,50
BUX1012,0,20101210,095209,21561,3
RICHTER,0,20101210,095233,44020,30
OTP,0,20101210,095246,5289,100
OTP,0,20101210,095254,5283,50
MOL,0,20101210,095255,19670,4
BUX1012,0,20101210,095325,21562,5
BUX1012,0,20101210,095325,21561,5
MTELEKOM,0,20101210,095326,536,275
MTELEKOM,0,20101210,095326,536,1114
MTELEKOM,0,20101210,095326,536,1236
EGIS,0,20101210,095344,20380,18
EGIS,0,20101210,095348,20300,30
BUX1012,0,20101210,095356,21562.5,1
RICHTER,0,20101210,095358,44020,16
MOL,0,20101210,095407,19665,48
MOL,0,20101210,095416,19670,5
OTP,0,20101210,095424,5283,40
MOL,0,20101210,095429,19670,75
MOL,0,20101210,095429,19670,15
MOL,0,20101210,095429,19670,5
MOL,0,20101210,095429,19670,5
OTP,0,20101210,095437,5283,200
MOL,0,20101210,095441,19660,10
EGIS,0,20101210,095512,20385,11
EGIS,0,20101210,095512,20385,5
BUX1012,0,20101210,095520,21563.5,5
BUX1012,0,20101210,095520,21563,5
EGIS,0,20101210,095521,20390,10
RICHTER,0,20101210,095528,44020,30
EGIS,0,20101210,095607,20445,3
EGIS,0,20101210,095607,20445,5
EGIS,0,20101210,095607,20495,1
OTP,0,20101210,095617,5289,18
KEG,0,20101210,095625,147,500
KEG,0,20101210,095625,147,1000
KEG,0,20101210,095625,146,640
KEG,0,20101210,095625,146,700
KEG,0,20101210,095625,146,5725
KEG,0,20101210,095625,145,1435
KEG,0,20101210,095625,145,65
KEG,0,20101210,095625,144,2000
KEG,0,20101210,095625,144,235
KEG,0,20101210,095625,144,130
KEG,0,20101210,095625,144,69
KEG,0,20101210,095625,144,270
KEG,0,20101210,095625,144,1161
OTP,0,20101210,095653,5284,300
OTP,0,20101210,095653,5283,710
OTP,0,20101210,095653,5283,112
OTP,0,20101210,095653,5280,340
RICHTER,0,20101210,095701,44020,15
RICHTER,0,20101210,095705,44025,13
RICHTER,0,20101210,095705,44025,14
KEG,0,20101210,095710,148,600
BUX1012,0,20101210,095715,21580,2
BUX1012,0,20101210,095724,21580,15
BUX1012,0,20101210,095734,21580,2
OTP,0,20101210,095738,5280,498
OTP,0,20101210,095738,5280,50
OTP,0,20101210,095738,5280,400
OTP,0,20101210,095738,5280,50
OTP,0,20101210,095738,5280,80
OTP,0,20101210,095738,5280,206
BUX1012,0,20101210,095746,21589,4
OTP,0,20101210,095751,5280,716
OTP,0,20101210,095817,5280,50
OTP,0,20101210,095817,5280,50
BUX1012,0,20101210,095820,21580,1
OTP,0,20101210,095824,5280,800
GENESIS,0,20101210,095825,242,295
GENESIS,0,20101210,095825,242,200
GENESIS,0,20101210,095825,241,500
GENESIS,0,20101210,095825,240,4100
GENESIS,0,20101210,095825,238,5
OTP,0,20101210,095835,5280,200
EGIS,0,20101210,095840,20450,10
BUX1012,0,20101210,095859,21566,13
BUX1012,0,20101210,095859,21565.5,4
BUX1012,0,20101210,095859,21565,1
BUX1012,0,20101210,095859,21565,1
BUX1012,0,20101210,095859,21563,1
OTP,0,20101210,095908,5277,500
OTP,0,20101210,095908,5277,165
OTP,0,20101210,095909,5280,8
BUX1012,0,20101210,095909,21563,1
MOL,0,20101210,095924,19670,10
OTP,0,20101210,095931,5280,20
OTP,0,20101210,095931,5276,10
BUX1012,0,20101210,095931,21578,3
BUX1012,0,20101210,095931,21580,2
MOL,0,20101210,095935,19660,25
FHB,0,20101210,095958,1010,142
FHB,0,20101210,095958,1010,8
MOL,0,20101210,100000,19670,32
MOL,0,20101210,100000,19700,12
BUX1012,0,20101210,100007,21580,2
RICHTER,0,20101210,100011,44025,1
BUX1012,0,20101210,100017,21588,1
RICHTER,0,20101210,100021,44100,2
PHYLAXIA,0,20101210,100052,45,209
RICHTER,0,20101210,100054,44100,40
RICHTER,0,20101210,100054,44100,14
OTP,0,20101210,100056,5280,5
ECONET,0,20101210,100103,94,10591
OTP,0,20101210,100129,5281,30
ECONET,0,20101210,100132,94,5000
OTP,0,20101210,100135,5282,50
EGIS,0,20101210,100142,20450,25
EGIS,0,20101210,100142,20495,4
EGIS,0,20101210,100142,20500,1
BUX1012,0,20101210,100153,21588,1
ECONET,0,20101210,100157,94,5000
OTP,0,20101210,100159,5281,14
OTP,0,20101210,100159,5281,254
MTELEKOM,0,20101210,100200,535,380
MTELEKOM,0,20101210,100200,535,5000
MTELEKOM,0,20101210,100200,535,770
MTELEKOM,0,20101210,100200,535,450
MTELEKOM,0,20101210,100200,535,220
MTELEKOM,0,20101210,100200,535,870
ECONET,0,20101210,100201,94,5000
KEG,0,20101210,100207,145,280
ECONET,0,20101210,100210,94,400
OTP,0,20101210,100217,5285,206
OTP,0,20101210,100217,5288,20
OTP,0,20101210,100217,5289,74
BUX1012,0,20101210,100218,21589,3
ECONET,0,20101210,100224,94,5000
ECONET,0,20101210,100235,94,9436
ECONET,0,20101210,100235,94,200
OTP,0,20101210,100238,5289,30
BUX1012,0,20101210,100245,21589,1
MOL,0,20101210,100302,19660,65
MOL,0,20101210,100309,19650,133
KEG,0,20101210,100329,145,320
HUMET,0,20101210,100336,9,7039
HUMET,0,20101210,100336,9,4461
OTP,0,20101210,100341,5280,231
MOL,0,20101210,100404,19660,100
BUX1012,0,20101210,100405,21592.5,1
BUX1012,0,20101210,100405,21593,2
OTP,0,20101210,100418,5280,44
ECONET,0,20101210,100434,94,7364
ECONET,0,20101210,100434,94,2000
ECONET,0,20101210,100434,94,4000
ECONET,0,20101210,100434,94,5000
ECONET,0,20101210,100434,94,2000
ECONET,0,20101210,100434,94,5000
ECONET,0,20101210,100434,94,5000
ECONET,0,20101210,100434,94,1000
ECONET,0,20101210,100434,94,5000
ORC,0,20101210,100441,2060,80
ECONET,0,20101210,100559,94,4000
BUX1012,0,20101210,100602,21580,1
BUX1012,0,20101210,100602,21580,2
OTP,0,20101210,100607,5280,120
EGIS,0,20101210,100611,20500,10
BUX1012,0,20101210,100642,21580,2
KEG,0,20101210,100709,145,180
KEG,0,20101210,100719,145,20
KEG,0,20101210,100719,144,1839
KEG,0,20101210,100719,144,60
KEG,0,20101210,100719,144,81
OTP,0,20101210,100726,5282,10
OTP,0,20101210,100726,5282,62
ANY,0,20101210,100727,731,50
OTP,0,20101210,100736,5280,100
OTP,0,20101210,100736,5280,100
OTP,0,20101210,100736,5280,600
OTP,0,20101210,100736,5280,147
OTP,0,20101210,100736,5280,100
OTP,0,20101210,100736,5280,1000
ORC,0,20101210,100740,2060,15
OTP,0,20101210,100802,5281,500
PANNERGY,0,20101210,100806,872,38
MOL,0,20101210,100831,19650,70
MOL,0,20101210,100831,19650,9
EGIS,0,20101210,100844,20410,5
EGIS,0,20101210,100844,20405,13
FHB,0,20101210,100907,1010,92
OTP,0,20101210,100919,5280,66
OTP,0,20101210,100938,5280,66
MOL,0,20101210,101001,19655,52
MOL,0,20101210,101001,19655,28
OTP,0,20101210,101009,5282,62
MOL,0,20101210,101012,19655,10
EGIS,0,20101210,101013,20495,9
OTP,0,20101210,101016,5280,1
OTP,0,20101210,101025,5282,30
FHB,0,20101210,101026,1006,100
RICHTER,0,20101210,101031,44035,8
OTP,0,20101210,101033,5280,50
MOL,0,20101210,101045,19655,6
RICHTER,0,20101210,101045,44040,14
RICHTER,0,20101210,101045,44045,16
BUX1012,0,20101210,101110,21580,1
OTP,0,20101210,101147,5280,456
BUX1012,0,20101210,101237,21592.5,1
OTP,0,20101210,101240,5280,1
FHB,0,20101210,101258,1005,400
OTP,0,20101210,101305,5281,109
BUX1012,0,20101210,101324,21593,1
ZWACK,0,20101210,101325,14300,1
ZWACK,0,20101210,101325,14210,8
ZWACK,0,20101210,101325,14205,5
ZWACK,0,20101210,101325,14200,50
ZWACK,0,20101210,101325,14115,15
ZWACK,0,20101210,101325,14110,3
ZWACK,0,20101210,101325,14105,20
ZWACK,0,20101210,101325,14100,10
ZWACK,0,20101210,101325,14100,30
ZWACK,0,20101210,101325,14085,15
ZWACK,0,20101210,101325,14080,2
ZWACK,0,20101210,101325,14050,10
ZWACK,0,20101210,101325,14050,5
ZWACK,0,20101210,101325,14010,7
ZWACK,0,20101210,101325,14005,5
ZWACK,0,20101210,101325,14000,50
ZWACK,0,20101210,101325,14000,30
ZWACK,0,20101210,101325,14000,10
ZWACK,0,20101210,101325,14000,14
ZWACK,0,20101210,101325,14000,710
OTP,0,20101210,101325,5281,30
OTP,0,20101210,101325,5280,107
MTELEKOM,0,20101210,101335,535,1000
MTELEKOM,0,20101210,101335,535,1500
MTELEKOM,0,20101210,101338,535,705
OTP,0,20101210,101342,5282,5
MTELEKOM,0,20101210,101343,535,68
MTELEKOM,0,20101210,101343,535,165
MOL,0,20101210,101348,19655,55
OTP,0,20101210,101404,5287,763
OTP,0,20101210,101404,5287,172
OTP,0,20101210,101404,5288,60
MOL,0,20101210,101433,19655,5
MTELEKOM,0,20101210,101448,535,767
MTELEKOM,0,20101210,101448,535,233
OTP,0,20101210,101459,5288,140
OTP,0,20101210,101459,5289,113
MTELEKOM,0,20101210,101500,535,1000
OTP,0,20101210,101526,5289,548
OTP,0,20101210,101526,5289,8
OTP,0,20101210,101526,5290,1000
OTP,0,20101210,101526,5290,50
OTP,0,20101210,101526,5290,80
OTP,0,20101210,101526,5290,37
OTP,0,20101210,101526,5290,277
OTP,0,20101210,101530,5285,1000
OTP,0,20101210,101535,5285,284
OTP,0,20101210,101543,5290,1000
OTP,0,20101210,101545,5284,25000
MOL,0,20101210,101549,19670,81
MOL,0,20101210,101549,19670,41
ECONET,0,20101210,101555,94,8650
MTELEKOM,0,20101210,101557,535,121
MTELEKOM,0,20101210,101557,535,2000
OTP,0,20101210,101612,5290,1000
OTP,0,20101210,101616,5290,1000
BUX1012,0,20101210,101620,21593,2
BUX1012,0,20101210,101620,21598,1
OTP,0,20101210,101629,5290,100
OTP,0,20101210,101629,5290,900
OTP,0,20101210,101634,5291,233
OTP,0,20101210,101634,5290,100
BUX1012,0,20101210,101645,21600,2
OTP,0,20101210,101646,5290,467
OTP,0,20101210,101648,5290,373
OTP,0,20101210,101649,5285,400
OTP,0,20101210,101709,5290,38
OTP,0,20101210,101716,5298,57
OTP,0,20101210,101716,5298,443
OTP,0,20101210,101721,5298,57
OTP,0,20101210,101721,5299,300
OTP,0,20101210,101721,5300,2000
OTP,0,20101210,101721,5300,30
OTP,0,20101210,101721,5300,60
OTP,0,20101210,101721,5300,10
OTP,0,20101210,101721,5300,8
OTP,0,20101210,101721,5300,300
OTP,0,20101210,101721,5300,235
BUX1012,0,20101210,101722,21600,1
BUX1012,0,20101210,101725,21600,3
BUX1012,0,20101210,101725,21600,8
OTP,0,20101210,101728,5300,29
OTP,0,20101210,101728,5300,50
OTP,0,20101210,101728,5300,19
OTP,0,20101210,101728,5300,46
OTP,0,20101210,101728,5300,200
OTP,0,20101210,101728,5300,200
OTP,0,20101210,101728,5300,56
OTP,0,20101210,101731,5300,56
OTP,0,20101210,101732,5300,444
OTP,0,20101210,101733,5291,50
OTP,0,20101210,101733,5290,60
RICHTER,0,20101210,101741,44180,10
OTP,0,20101210,101743,5300,1000
OTP,0,20101210,101744,5300,500
OTP,0,20101210,101750,5300,245
MOL,0,20101210,101759,19670,78
BUX1012,0,20101210,101800,21605,3
BUX1012,0,20101210,101800,21610,4
BUX1012,0,20101210,101800,21620,1
BUX1012,0,20101210,101800,21625,10
OTP,0,20101210,101802,5300,2255
OTP,0,20101210,101808,5304,30
BUX1012,0,20101210,101809,21625,3
ECONET,0,20101210,101811,94,986
ECONET,0,20101210,101811,94,4014
BUX1012,0,20101210,101823,21625,3
BUX1012,0,20101210,101824,21625,3
BUX1012,0,20101210,101825,21625,2
BUX1012,0,20101210,101826,21625,3
BUX1012,0,20101210,101826,21625,2
OTP,0,20101210,101835,5304,70
OTP,0,20101210,101835,5305,3
BUX1012,0,20101210,101852,21628,5
EGIS,0,20101210,101853,20495,41
EGIS,0,20101210,101853,20500,9
MOL,0,20101210,101917,19675,25
MOL,0,20101210,101917,19695,25
MOL,0,20101210,101917,19700,113
MOL,0,20101210,101917,19700,2
MOL,0,20101210,101917,19700,35
BUX1012,0,20101210,101921,21625,16
OTP,0,20101210,101929,5306,100
OTP,0,20101210,101929,5306,100
ZWACK,0,20101210,101930,14005,10
ZWACK,0,20101210,101930,14000,290
RICHTER,0,20101210,101932,44030,121
OTP,0,20101210,101939,5307,1
OTP,0,20101210,101939,5309,8
OTP,0,20101210,101939,5310,70
OTP,0,20101210,101939,5310,82
OTP,0,20101210,101941,5306,50
EGIS,0,20101210,101944,20500,30
EGIS,0,20101210,101944,20500,4
EGIS,0,20101210,101944,20500,15
OTP,0,20101210,101945,5307,400
OTP,0,20101210,101945,5309,7
MOL,0,20101210,101948,19700,1
OTP,0,20101210,101950,5306,4350
OTP,0,20101210,101950,5305,127
OTP,0,20101210,101950,5300,1000
OTP,0,20101210,101950,5300,1000
OTP,0,20101210,101950,5300,2500
OTP,0,20101210,101950,5300,392
OTP,0,20101210,101955,5300,631
EGIS,0,20101210,101957,20520,50
BUX1012,0,20101210,102010,21601,4
MOL,0,20101210,102010,19700,25
OTP,0,20101210,102010,5307,25
OTP,0,20101210,102010,5310,398
OTP,0,20101210,102010,5310,602
OTP,0,20101210,102012,5300,75
MOL,0,20101210,102022,19700,13
OTP,0,20101210,102030,5309,100
OTP,0,20101210,102044,5300,19
MOL,0,20101210,102048,19700,126
MOL,0,20101210,102048,19700,24
OTP,0,20101210,102050,5309,18
OTP,0,20101210,102103,5305,17
OTP,0,20101210,102103,5309,82
OTP,0,20101210,102103,5309,129
OTP,0,20101210,102103,5310,472
OTP,0,20101210,102109,5309,33
RICHTER,0,20101210,102134,44035,13
RICHTER,0,20101210,102134,44035,5
RICHTER,0,20101210,102134,44040,11
ANY,0,20101210,102140,741,50
ANY,0,20101210,102140,741,25
RICHTER,0,20101210,102142,44040,2
OTP,0,20101210,102150,5300,200
MOL,0,20101210,102153,19700,10
OTP,0,20101210,102208,5300,100
OTP,0,20101210,102211,5300,975
MTELEKOM,0,20101210,102211,536,400
OTP,0,20101210,102215,5295,100
OTP,0,20101210,102215,5295,29
PHYLAXIA,0,20101210,102217,45,1500
KEG,0,20101210,102230,145,700
MTELEKOM,0,20101210,102239,536,300
MOL,0,20101210,102251,19695,5
MOL,0,20101210,102251,19700,10
BUX1012,0,20101210,102258,21607,1
OTP,0,20101210,102300,5300,25
OTP,0,20101210,102300,5300,30
MOL,0,20101210,102302,19680,4
MOL,0,20101210,102302,19680,20
KEG,0,20101210,102307,145,240
MOL,0,20101210,102308,19675,25
MOL,0,20101210,102318,19660,20
MOL,0,20101210,102329,19655,22
OTP,0,20101210,102329,5295,71
OTP,0,20101210,102329,5295,200
BUX1012,0,20101210,102332,21605,10
MOL,0,20101210,102335,19690,100
TVNETWORK,0,20101210,102338,300,30
BUX1012,0,20101210,102410,21600,1
RICHTER,0,20101210,102411,44165,7
BUX1012,0,20101210,102412,21600,7
OTP,0,20101210,102418,5295,20
BUX1012,0,20101210,102425,21600,1
KEG,0,20101210,102433,144,119
KEG,0,20101210,102433,144,140
KEG,0,20101210,102433,144,741
OTP,0,20101210,102435,5292,50
OTP,0,20101210,102435,5290,20
OTP,0,20101210,102439,5294,25
FOTEX,0,20101210,102444,407,1000
OTP,0,20101210,102507,5290,480
BUX1012,0,20101210,102518,21600,2
FHB,0,20101210,102523,1005,99
BUX1012,0,20101210,102530,21600,2
BUX1012,0,20101210,102538,21600,2
ZWACK,0,20101210,102558,14150,10
ORC,0,20101210,102619,2080,10
ORC,0,20101210,102619,2085,55
ORC,0,20101210,102709,2060,47
RICHTER,0,20101210,102721,44080,300
RFV,0,20101210,102724,8100,20
BUX1012,0,20101210,102730,21600,3
ORC,0,20101210,102752,2060,99
MTELEKOM,0,20101210,102832,535,2879
MTELEKOM,0,20101210,102832,535,40
MTELEKOM,0,20101210,102832,535,1996
MTELEKOM,0,20101210,102845,535,721
MTELEKOM,0,20101210,102849,535,279
PANNERGY,0,20101210,102933,871,40
MTELEKOM,0,20101210,103038,535,221
MTELEKOM,0,20101210,103038,535,1683
MTELEKOM,0,20101210,103051,535,317
MTELEKOM,0,20101210,103051,535,1000
PANNERGY,0,20101210,103129,871,22
OTP,0,20101210,103147,5290,507
OTP,0,20101210,103155,5290,493
OTP,0,20101210,103155,5290,399
OTP,0,20101210,103155,5290,400
RICHTER,0,20101210,103158,44060,15
RICHTER,0,20101210,103158,44085,13
MTELEKOM,0,20101210,103217,536,64
MTELEKOM,0,20101210,103217,536,1500
MTELEKOM,0,20101210,103217,536,150
MTELEKOM,0,20101210,103217,536,286
OTP,0,20101210,103223,5288,20
OTP,0,20101210,103225,5286,100
MOL,0,20101210,103242,19660,1
OTP,0,20101210,103248,5282,40
OTP,0,20101210,103248,5282,69
OTP,0,20101210,103256,5288,102
MOL,0,20101210,103302,19655,12
MOL,0,20101210,103302,19655,172
ORC,0,20101210,103305,2060,59
MOL,0,20101210,103309,19655,41
MOL,0,20101210,103314,19655,287
EGIS,0,20101210,103320,20420,20
MOL,0,20101210,103327,19665,40
MOL,0,20101210,103358,19665,10
GENESIS,0,20101210,103419,238,113
ORC,0,20101210,103529,2050,6
GENESIS,0,20101210,103531,235,100
GENESIS,0,20101210,103536,235,250
GENESIS,0,20101210,103536,230,100
GENESIS,0,20101210,103536,229,110
ZWACK,0,20101210,103543,14150,20
OTP,0,20101210,103551,5288,33
OTP,0,20101210,103551,5288,47
MOL,0,20101210,103605,19670,3
ZWACK,0,20101210,103606,14005,10
ZWACK,0,20101210,103606,14000,4
ZWACK,0,20101210,103606,14000,10
OTP,0,20101210,103725,5288,48
OTP,0,20101210,103725,5290,100
OTP,0,20101210,103725,5290,500
OTP,0,20101210,103725,5290,1000
OTP,0,20101210,103725,5290,352
GENESIS,0,20101210,103725,229,100
GENESIS,0,20101210,103725,228,900
BUX1012,0,20101210,103735,21596,3
GENESIS,0,20101210,103835,238,84
OTP,0,20101210,103840,5285,1
EGIS,0,20101210,103844,20420,25
RICHTER,0,20101210,103945,44030,9
MTELEKOM,0,20101210,104001,536,1714
RICHTER,0,20101210,104016,44010,10
RICHTER,0,20101210,104016,44010,43
RICHTER,0,20101210,104027,44005,57
MTELEKOM,0,20101210,104042,536,286
MTELEKOM,0,20101210,104042,536,2098
EGIS,0,20101210,104042,20415,20
BUX1012,0,20101210,104054,21609.5,1
BUX1012,0,20101210,104054,21610,1
OTP,0,20101210,104113,5298,146
OTP,0,20101210,104113,5299,382
OTP,0,20101210,104113,5300,1000
OTP,0,20101210,104113,5300,380
OTP,0,20101210,104113,5300,1500
OTP,0,20101210,104113,5300,50
OTP,0,20101210,104113,5300,168
OTP,0,20101210,104118,5300,1373
GENESIS,0,20101210,104140,231,250
OTP,0,20101210,104144,5300,199
OTP,0,20101210,104154,5300,321
OTP,0,20101210,104154,5300,169
OTP,0,20101210,104200,5300,62
OTP,0,20101210,104206,5300,222
OTP,0,20101210,104206,5300,90
MTELEKOM,0,20101210,104214,536,2000
RICHTER,0,20101210,104216,44015,12
RICHTER,0,20101210,104216,44020,14
RICHTER,0,20101210,104216,44020,12
MTELEKOM,0,20101210,104221,535,1463
MTELEKOM,0,20101210,104221,535,2000
MTELEKOM,0,20101210,104221,535,363
OTP,0,20101210,104239,5300,14
OTP,0,20101210,104240,5300,674
KEG,0,20101210,104259,146,500
KEG,0,20101210,104259,146,200
KEG,0,20101210,104308,146,440
OTP,0,20101210,104315,5294,211
OTP,0,20101210,104315,5294,62
OTP,0,20101210,104315,5292,100
OTP,0,20101210,104315,5282,131
OTP,0,20101210,104315,5282,76
BUX1012,0,20101210,104325,21602,10
BUX1012,0,20101210,104327,21622.5,2
BUX1012,0,20101210,104327,21623,1
BUX1012,0,20101210,104327,21630,1
BUX1012,0,20101210,104327,21634,2
BUX1012,0,20101210,104327,21640,5
MOL,0,20101210,104410,19655,5
MOL,0,20101210,104410,19655,20
BUX1012,0,20101210,104439,21639.5,1
OTP,0,20101210,104531,5291,100
OTP,0,20101210,104547,5299,50
OTP,0,20101210,104547,5299,239
OTP,0,20101210,104547,5300,14
OTP,0,20101210,104547,5300,697
MOL,0,20101210,104605,19655,5
MOL,0,20101210,104617,19650,129
MOL,0,20101210,104629,19650,171
MOL,0,20101210,104629,19650,129
BUX1012,0,20101210,104631,21601.5,1
MOL,0,20101210,104712,19655,36
MOL,0,20101210,104712,19655,34
MTELEKOM,0,20101210,104723,536,500
MTELEKOM,0,20101210,104723,536,670
BUX1012,0,20101210,104810,21634.5,1
BUX1012,0,20101210,104810,21638,1
BUX1012,0,20101210,104810,21639,1
BUX1012,0,20101210,104810,21640,10
BUX1012,0,20101210,104814,21640,10
BUX1012,0,20101210,104814,21640,1
OTP,0,20101210,104819,5292,75
OTP,0,20101210,104819,5292,54
OTP,0,20101210,104819,5291,85
OTP,0,20101210,104819,5285,50
OTP,0,20101210,104819,5285,36
BUX1012,0,20101210,104822,21640,9
BUX1012,0,20101210,104823,21611,1
ZWACK,0,20101210,104901,14150,20
BUX1012,0,20101210,104918,21611.5,5
BUX1012,0,20101210,104918,21611,8
BUX1012,0,20101210,104918,21610,10
BUX1012,0,20101210,104918,21609,2
ECONET,0,20101210,104934,93,750
ECONET,0,20101210,104934,93,200
ECONET,0,20101210,104934,93,288
ECONET,0,20101210,104934,93,2762
OTP,0,20101210,104935,5285,14
OTP,0,20101210,104935,5285,249
OTP,0,20101210,104935,5285,737
MOL,0,20101210,104950,19670,2
RICHTER,0,20101210,105004,44155,2
ORC,0,20101210,105029,2050,85
OTP,0,20101210,105048,5294,75
OTP,0,20101210,105048,5294,533
OTP,0,20101210,105048,5294,134
OTP,0,20101210,105048,5295,258
OTP,0,20101210,105100,5286,1
OTP,0,20101210,105120,5295,301
OTP,0,20101210,105120,5295,11
OTP,0,20101210,105121,5295,161
OTP,0,20101210,105126,5290,1
OTP,0,20101210,105131,5296,1286
OTP,0,20101210,105137,5300,301
OTP,0,20101210,105145,5290,72
EGIS,0,20101210,105203,20495,4
BUX1012,0,20101210,105219,21613.5,1
BUX1012,0,20101210,105219,21613,3
BUX1012,0,20101210,105219,21605,1
OTP,0,20101210,105222,5300,2
OTP,0,20101210,105222,5300,330
OTP,0,20101210,105222,5300,559
KEG,0,20101210,105233,147,2000
KEG,0,20101210,105233,147,500
GENESIS,0,20101210,105237,233,1000
MTELEKOM,0,20101210,105244,536,1330
MTELEKOM,0,20101210,105244,536,550
OTP,0,20101210,105306,5305,40
OTP,0,20101210,105306,5305,10
ZWACK,0,20101210,105307,14005,10
ZWACK,0,20101210,105307,14000,40
ZWACK,0,20101210,105307,14000,10
ZWACK,0,20101210,105307,14000,7
OTP,0,20101210,105307,5300,109
OTP,0,20101210,105315,5300,391
RICHTER,0,20101210,105317,44015,12
OTP,0,20101210,105318,5300,11
OTP,0,20101210,105332,5300,98
OTP,0,20101210,105342,5296,237
RICHTER,0,20101210,105350,44010,50
BUX1012,0,20101210,105352,21640,1
BUX1012,0,20101210,105352,21643,4
RICHTER,0,20101210,105402,44005,43
RICHTER,0,20101210,105402,44005,5
GENESIS,0,20101210,105410,233,140
GENESIS,0,20101210,105410,232,354
MTELEKOM,0,20101210,105414,536,237
MTELEKOM,0,20101210,105414,536,663
RICHTER,0,20101210,105449,44015,15
RICHTER,0,20101210,105449,44020,9
RICHTER,0,20101210,105449,44020,10
OTP,0,20101210,105459,5300,30
BUX1012,0,20101210,105558,21642.5,1
BUX1012,0,20101210,105558,21643,1
BUX1012,0,20101210,105558,21644,2
BUX1012,0,20101210,105558,21645,2
BUX1012,0,20101210,105558,21646,3
BUX1012,0,20101210,105558,21646,5
BUX1012,0,20101210,105558,21650,1
BUX1012,0,20101210,105558,21650,1
BUX1012,0,20101210,105558,21658,2
OTP,0,20101210,105605,5300,70
MOL,0,20101210,105618,19670,15
MOL,0,20101210,105618,19670,35
MOL,0,20101210,105648,19655,8
BUX1012,0,20101210,105750,21657.5,1
BUX1012,0,20101210,105750,21658,1
MTELEKOM,0,20101210,105757,536,1000
GENESIS,0,20101210,105837,233,1000
MOL,0,20101210,105840,19670,2
OTP,0,20101210,105840,5300,10
MTELEKOM,0,20101210,105842,536,337
RICHTER,0,20101210,105845,44005,12
MTELEKOM,0,20101210,105902,537,1170
ZWACK,0,20101210,105911,14045,10
ZWACK,0,20101210,105911,14010,20
MTELEKOM,0,20101210,105915,537,400
GENESIS,0,20101210,105920,233,299
GENESIS,0,20101210,105920,232,246
GENESIS,0,20101210,105920,232,315
MTELEKOM,0,20101210,105929,538,417
MTELEKOM,0,20101210,105929,538,7
MTELEKOM,0,20101210,105929,538,1683
BUX1012,0,20101210,105929,21650,1
MTELEKOM,0,20101210,105938,537,500
BUX1012,0,20101210,105941,21650,1
GENESIS,0,20101210,105944,232,100
GENESIS,0,20101210,105947,232,40
MTELEKOM,0,20101210,105959,537,1441
MOL,0,20101210,110004,19660,6
BUX1012,0,20101210,110009,21650,2
TVNETWORK,0,20101210,110009,297,500
OTP,0,20101210,110010,5299,10
OTP,0,20101210,110010,5299,127
OTP,0,20101210,110010,5300,390
OTP,0,20101210,110010,5300,473
OTP,0,20101210,110020,5296,713
ZWACK,0,20101210,110051,14095,14
OTP,0,20101210,110052,5296,1000
OTP,0,20101210,110054,5300,1000
OTP,0,20101210,110054,5300,557
OTP,0,20101210,110109,5300,1000
OTP,0,20101210,110115,5300,486
MTELEKOM,0,20101210,110115,537,1170
OTP,0,20101210,110116,5294,83
MOL,0,20101210,110119,19660,3
OTP,0,20101210,110125,5294,85
OTP,0,20101210,110125,5290,1000
OTP,0,20101210,110125,5285,500
OTP,0,20101210,110127,5300,950
OTP,0,20101210,110127,5300,500
GENESIS,0,20101210,110131,232,260
GENESIS,0,20101210,110131,232,190
GENESIS,0,20101210,110131,230,500
GENESIS,0,20101210,110131,229,50
OTP,0,20101210,110135,5284,100
OTP,0,20101210,110135,5284,186
OTP,0,20101210,110145,5283,63
BUX1012,0,20101210,110146,21630,1
BUX1012,0,20101210,110146,21627.5,3
OTP,0,20101210,110156,5300,1560
MOL,0,20101210,110200,19655,658
MOL,0,20101210,110200,19650,371
MOL,0,20101210,110200,19650,200
MOL,0,20101210,110200,19650,100
MOL,0,20101210,110200,19650,25
MOL,0,20101210,110200,19650,500
MOL,0,20101210,110200,19620,40
MOL,0,20101210,110200,19615,5
MOL,0,20101210,110200,19605,3
MOL,0,20101210,110200,19605,13
OTP,0,20101210,110206,5300,226
OTP,0,20101210,110206,5300,2500
GENESIS,0,20101210,110207,229,50
GENESIS,0,20101210,110207,229,500
MOL,0,20101210,110207,19605,134
MOL,0,20101210,110207,19605,350
MOL,0,20101210,110207,19605,500
MOL,0,20101210,110207,19600,6
MOL,0,20101210,110207,19600,6
MOL,0,20101210,110207,19600,300
MOL,0,20101210,110207,19600,19
MOL,0,20101210,110207,19600,15
MOL,0,20101210,110207,19600,30
MOL,0,20101210,110207,19600,100
MOL,0,20101210,110207,19600,30
MOL,0,20101210,110207,19600,250
MOL,0,20101210,110207,19570,5
MOL,0,20101210,110207,19555,5
MOL,0,20101210,110207,19550,500
MOL,0,20101210,110207,19540,1
MOL,0,20101210,110207,19535,4
MOL,0,20101210,110207,19535,5
MOL,0,20101210,110207,19535,12
MOL,0,20101210,110207,19535,11
MOL,0,20101210,110207,19535,6
OTP,0,20101210,110208,5283,309
OTP,0,20101210,110210,5283,299
OTP,0,20101210,110213,5283,60
OTP,0,20101210,110213,5300,557
BUX1012,0,20101210,110216,21628,2
BUX1012,0,20101210,110216,21627.5,6
BUX1012,0,20101210,110216,21623,3
MOL,0,20101210,110220,19530,83
MOL,0,20101210,110220,19530,596
OTP,0,20101210,110220,5282,65
BUX1012,0,20101210,110225,21605,1
BUX1012,0,20101210,110225,21601,10
BUX1012,0,20101210,110225,21600.5,20
BUX1012,0,20101210,110225,21600,30
BOOK,0,20101210,110228,510,100
OTP,0,20101210,110230,5282,659
OTP,0,20101210,110230,5282,200
OTP,0,20101210,110230,5282,300
OTP,0,20101210,110230,5281,100
OTP,0,20101210,110230,5281,600
OTP,0,20101210,110230,5280,65
OTP,0,20101210,110230,5280,200
OTP,0,20101210,110230,5280,834
OTP,0,20101210,110230,5280,430
OTP,0,20101210,110230,5280,2500
OTP,0,20101210,110230,5280,200
OTP,0,20101210,110230,5280,1412
OTP,0,20101210,110232,5294,500
MOL,0,20101210,110235,19530,204
MOL,0,20101210,110235,19530,24
MOL,0,20101210,110235,19550,15
MOL,0,20101210,110235,19550,257
OTP,0,20101210,110236,5294,484
BUX1012,0,20101210,110238,21596,5
BUX1012,0,20101210,110238,21591,3
BUX1012,0,20101210,110238,21581,1
BUX1012,0,20101210,110238,21580,1
BUX1012,0,20101210,110238,21580,9
BUX1012,0,20101210,110238,21577,5
MOL,0,20101210,110244,19550,500
MOL,0,20101210,110246,19550,243
MOL,0,20101210,110246,19550,50
MOL,0,20101210,110246,19550,3
OTP,0,20101210,110250,5282,497
GENESIS,0,20101210,110256,229,300
OTP,0,20101210,110300,5280,88
OTP,0,20101210,110300,5280,612
GENESIS,0,20101210,110311,228,416
GENESIS,0,20101210,110311,228,584
GENESIS,0,20101210,110312,229,150
KEG,0,20101210,110337,148,550
MOL,0,20101210,110345,19575,50
MOL,0,20101210,110345,19580,20
MOL,0,20101210,110345,19580,10
MOL,0,20101210,110401,19570,6
GENESIS,0,20101210,110422,229,45
GENESIS,0,20101210,110422,228,416
GENESIS,0,20101210,110422,228,55
MOL,0,20101210,110441,19580,1
MOL,0,20101210,110441,19580,35
GENESIS,0,20101210,110524,227,87
GENESIS,0,20101210,110524,226,180
GENESIS,0,20101210,110524,225,364
GENESIS,0,20101210,110524,225,100
GENESIS,0,20101210,110524,224,269
RABA,0,20101210,110547,810,10
FOTEX,0,20101210,110555,407,200
GENESIS,0,20101210,110603,224,469
GENESIS,0,20101210,110603,224,531
GENESIS,0,20101210,110610,228,484
BUX1012,0,20101210,110621,21620,4
BUX1012,0,20101210,110621,21644,2
MTELEKOM,0,20101210,110625,537,800
MTELEKOM,0,20101210,110625,537,1001
MTELEKOM,0,20101210,110625,537,601
MTELEKOM,0,20101210,110625,538,1317
MTELEKOM,0,20101210,110625,538,1481
RICHTER,0,20101210,110627,44005,31
ORC,0,20101210,110637,2080,40
MOL,0,20101210,110638,19595,1500
ORC,0,20101210,110641,2050,14
RFV,0,20101210,110646,8105,365
PHYLAXIA,0,20101210,110712,44,1856
PHYLAXIA,0,20101210,110712,44,1144
ORC,0,20101210,110714,2005,10
ORC,0,20101210,110714,2000,1
ORC,0,20101210,110714,2000,25
GENESIS,0,20101210,110720,229,400
GENESIS,0,20101210,110720,228,16
GENESIS,0,20101210,110720,228,300
GENESIS,0,20101210,110720,225,284
MOL,0,20101210,110723,19600,500
PANNUNION,0,20101210,110724,147,400
RICHTER,0,20101210,110742,44005,2
RICHTER,0,20101210,110742,44005,8
RICHTER,0,20101210,110744,44005,42
MOL,0,20101210,110745,19600,100
OTP,0,20101210,110807,5281,257
OTP,0,20101210,110807,5280,1000
OTP,0,20101210,110807,5280,2000
OTP,0,20101210,110807,5280,50
OTP,0,20101210,110807,5280,281
OTP,0,20101210,110807,5280,100
OTP,0,20101210,110807,5279,300
OTP,0,20101210,110810,5279,12
OTP,0,20101210,110816,5278,2
OTP,0,20101210,110816,5278,83
OTP,0,20101210,110816,5278,400
FHB,0,20101210,110817,1006,200
FHB,0,20101210,110817,1005,1
FHB,0,20101210,110817,1005,299
OTP,0,20101210,110820,5277,50
OTP,0,20101210,110820,5277,5
OTP,0,20101210,110820,5277,192
OTP,0,20101210,110825,5277,172
RICHTER,0,20101210,110826,44010,13
RICHTER,0,20101210,110826,44010,13
GENESIS,0,20101210,110835,225,66
GENESIS,0,20101210,110835,224,769
GENESIS,0,20101210,110835,223,1165
MOL,0,20101210,110920,19600,300
MOL,0,20101210,110922,19640,88
MOL,0,20101210,110927,19600,100
ECONET,0,20101210,110931,93,238
ECONET,0,20101210,110931,93,732
MTELEKOM,0,20101210,110932,535,137
MTELEKOM,0,20101210,110932,535,1183
MTELEKOM,0,20101210,110939,536,1660
GENESIS,0,20101210,110951,223,181
GENESIS,0,20101210,110951,222,500
GENESIS,0,20101210,110951,222,250
GENESIS,0,20101210,110951,222,69
EGIS,0,20101210,110959,20420,20
ZWACK,0,20101210,111002,14100,50
OTP,0,20101210,111017,5280,1500
OTP,0,20101210,111019,5278,75
MOL,0,20101210,111019,19605,5
MOL,0,20101210,111019,19600,295
OTP,0,20101210,111021,5278,50
OTP,0,20101210,111021,5278,286
MOL,0,20101210,111023,19600,205
OTP,0,20101210,111029,5278,10
OTP,0,20101210,111033,5278,220
OTP,0,20101210,111042,5278,22
OTP,0,20101210,111042,5277,40
RABA,0,20101210,111044,810,175
RABA,0,20101210,111044,809,100
RABA,0,20101210,111044,809,145
OTP,0,20101210,111048,5277,180
OTP,0,20101210,111049,5284,117
OTP,0,20101210,111111,5285,25
OTP,0,20101210,111115,5285,579
EGIS,0,20101210,111117,20470,16
OTP,0,20101210,111118,5285,447
OTP,0,20101210,111119,5280,1000
MOL,0,20101210,111124,19615,32
MOL,0,20101210,111124,19615,168
OTP,0,20101210,111126,5280,538
OTP,0,20101210,111132,5280,462
MOL,0,20101210,111149,19610,300
BUX1012,0,20101210,111153,21617.5,1
OTP,0,20101210,111214,5288,22
OTP,0,20101210,111214,5290,78
EGIS,0,20101210,111214,20470,1
KEG,0,20101210,111218,148,500
MOL,0,20101210,111243,19620,30
MOL,0,20101210,111243,19625,10
MOL,0,20101210,111244,19625,10
MOL,0,20101210,111300,19605,100
MOL,0,20101210,111315,19620,6
MOL,0,20101210,111317,19630,72
MOL,0,20101210,111317,19645,228
MOL,0,20101210,111322,19645,72
MOL,0,20101210,111322,19650,80
FHB,0,20101210,111333,1005,111
FHB,0,20101210,111333,1005,200
OTP,0,20101210,111400,5290,562
OTP,0,20101210,111417,5290,860
KEG,0,20101210,111456,149,440
MOL,0,20101210,111503,19650,48
MOL,0,20101210,111512,19650,152
OTP,0,20101210,111516,5295,140
MOL,0,20101210,111519,19650,148
OTP,0,20101210,111521,5295,860
OTP,0,20101210,111521,5295,50
OTP,0,20101210,111521,5295,90
PANNERGY,0,20101210,111526,870,6
ZWACK,0,20101210,111626,14010,20
ZWACK,0,20101210,111626,14005,20
ZWACK,0,20101210,111626,14000,12
MOL,0,20101210,111811,19650,500
FHB,0,20101210,111841,1005,200
RICHTER,0,20101210,111905,44005,50
RICHTER,0,20101210,111912,44000,5
GENESIS,0,20101210,111920,235,20
OTP,0,20101210,111930,5290,500
OTP,0,20101210,111930,5290,2480
RICHTER,0,20101210,111945,44005,13
RICHTER,0,20101210,111945,44005,10
RICHTER,0,20101210,111945,44005,11
BUX1012,0,20101210,111959,21618,1
MTELEKOM,0,20101210,112006,536,170
RICHTER,0,20101210,112028,44030,200
BUX1012,0,20101210,112042,21634,2
BUX1012,0,20101210,112042,21638,1
RABA,0,20101210,112103,819,10
PHYLAXIA,0,20101210,112129,44,6000
EMASZ,0,20101210,112150,20705,2
BOOK,0,20101210,112219,510,460
BOOK,0,20101210,112219,512,40
FREESOFT,0,20101210,112223,1960,1000
OTP,0,20101210,112230,5285,1000
OTP,0,20101210,112230,5285,783
OTP,0,20101210,112245,5289,15
MOL,0,20101210,112257,19675,45
MOL,0,20101210,112302,19650,321
MTELEKOM,0,20101210,112328,537,1512
RFV,0,20101210,112340,8169,10
RFV,0,20101210,112340,8170,30
RFV,0,20101210,112340,8196,150
MOL,0,20101210,112343,19680,20
RICHTER,0,20101210,112347,44005,66
RICHTER,0,20101210,112349,44000,95
RFV,0,20101210,112400,8200,10
OTP,0,20101210,112402,5289,45
RICHTER,0,20101210,112406,44000,38
BOOK,0,20101210,112422,510,200
MOL,0,20101210,112434,19675,150
OTP,0,20101210,112439,5289,51
OTP,0,20101210,112439,5289,100
OTP,0,20101210,112439,5290,1112
OTP,0,20101210,112439,5290,190
OTP,0,20101210,112439,5290,47
TVK,0,20101210,112445,3395,135
BOOK,0,20101210,112457,512,300
OTP,0,20101210,112457,5290,1000
MOL,0,20101210,112503,19660,30
MOL,0,20101210,112513,19655,100
OTP,0,20101210,112523,5285,30
BUX1012,0,20101210,112530,21601.5,1
OTP,0,20101210,112602,5290,453
OTP,0,20101210,112602,5290,380
OTP,0,20101210,112602,5290,172
OTP,0,20101210,112602,5290,95
OTP,0,20101210,112604,5290,323
MOL,0,20101210,112620,19650,177
OTP,0,20101210,112626,5290,577
OTP,0,20101210,112626,5290,20
OTP,0,20101210,112641,5290,80
OTP,0,20101210,112737,5290,40
SYNERGON,0,20101210,112737,504,240
RICHTER,0,20101210,112808,44130,200
RICHTER,0,20101210,112808,44130,76
RICHTER,0,20101210,112808,44130,9
RICHTER,0,20101210,112808,44130,11
MOL,0,20101210,112820,19650,2
MOL,0,20101210,112820,19650,19
KEG,0,20101210,112834,147,500
KEG,0,20101210,112834,147,400
MOL,0,20101210,112913,19655,32
MOL,0,20101210,112913,19655,26
OTP,0,20101210,112957,5290,20
OTP,0,20101210,113005,5290,229
OTP,0,20101210,113025,5291,313
OTP,0,20101210,113031,5290,111
OTP,0,20101210,113031,5290,38
ECONET,0,20101210,113112,93,770
OTP,0,20101210,113126,5290,9
TVK,0,20101210,113135,3390,9
OTP,0,20101210,113138,5290,103
MTELEKOM,0,20101210,113149,536,1319
MTELEKOM,0,20101210,113149,536,81
PHYLAXIA,0,20101210,113155,44,2596
PHYLAXIA,0,20101210,113155,44,3904
MTELEKOM,0,20101210,113158,536,1919
RABA,0,20101210,113206,810,400
BUX1012,0,20101210,113307,21638,1
OTP,0,20101210,113309,5290,10
OTP,0,20101210,113320,5290,50
TVK,0,20101210,113346,3355,10
TVK,0,20101210,113346,3355,1
MTELEKOM,0,20101210,113408,535,2498
PHYLAXIA,0,20101210,113550,44,96
PHYLAXIA,0,20101210,113550,44,2000
PHYLAXIA,0,20101210,113550,44,473
OTP,0,20101210,113601,5292,50
OTP,0,20101210,113601,5292,99
OTP,0,20101210,113601,5294,200
MTELEKOM,0,20101210,113609,536,1000
OTP,0,20101210,113643,5295,378
OTP,0,20101210,113643,5295,60
ZWACK,0,20101210,113707,14100,8
MOL,0,20101210,113755,19665,3
MOL,0,20101210,113759,19665,23
MOL,0,20101210,113759,19670,26
MOL,0,20101210,113759,19685,69
MOL,0,20101210,113759,19690,100
MOL,0,20101210,113759,19695,50
MOL,0,20101210,113759,19695,15
MOL,0,20101210,113759,19700,140
MOL,0,20101210,113759,19700,13
ZWACK,0,20101210,113800,14005,10
ZWACK,0,20101210,113800,14000,30
ZWACK,0,20101210,113800,14000,8
MOL,0,20101210,113812,19700,300
OTP,0,20101210,113840,5295,62
OTP,0,20101210,113846,5294,1
OTP,0,20101210,113846,5294,9
MOL,0,20101210,113848,19700,187
MOL,0,20101210,113848,19700,113
OTP,0,20101210,113858,5296,22
OTP,0,20101210,113858,5296,491
OTP,0,20101210,113908,5296,102
OTP,0,20101210,113908,5294,658
OTP,0,20101210,113908,5291,258
OTP,0,20101210,113925,5298,100
OTP,0,20101210,113925,5298,507
OTP,0,20101210,113925,5299,30
OTP,0,20101210,113925,5300,100
OTP,0,20101210,113933,5300,200
OTP,0,20101210,113933,5300,200
OTP,0,20101210,113933,5300,138
OTP,0,20101210,113933,5300,1000
BUX1012,0,20101210,113939,21640,2
BUX1012,0,20101210,113939,21644,1
BUX1012,0,20101210,113939,21649,5
BUX1012,0,20101210,113939,21649.5,1
OTP,0,20101210,114011,5300,50
RICHTER,0,20101210,114016,44100,11
RICHTER,0,20101210,114016,44105,10
RICHTER,0,20101210,114016,44115,25
KEG,0,20101210,114017,148,440
KEG,0,20101210,114017,149,560
BUX1012,0,20101210,114022,21658,2
BUX1012,0,20101210,114022,21658,3
BUX1012,0,20101210,114022,21660,1
BUX1012,0,20101210,114022,21660,1
BUX1012,0,20101210,114035,21650,1
RABA,0,20101210,114039,810,200
BUX1012,0,20101210,114117,21650,4
MOL,0,20101210,114120,19700,37
MOL,0,20101210,114120,19700,16
MOL,0,20101210,114120,19750,47
MOL,0,20101210,114120,19750,1
RICHTER,0,20101210,114141,44115,50
RICHTER,0,20101210,114141,44115,8
RICHTER,0,20101210,114141,44130,42
BUX1012,0,20101210,114156,21650.5,1
BUX1012,0,20101210,114156,21650,4
RABA,0,20101210,114201,810,400
BUX1012,0,20101210,114202,21650,1
MTELEKOM,0,20101210,114213,536,400
MTELEKOM,0,20101210,114213,536,46
OTP,0,20101210,114214,5300,1
OTP,0,20101210,114214,5300,49
OTP,0,20101210,114220,5300,464
OTP,0,20101210,114220,5300,36
MTELEKOM,0,20101210,114222,537,488
MTELEKOM,0,20101210,114222,537,132
OTP,0,20101210,114228,5300,438
OTP,0,20101210,114228,5300,1000
OTP,0,20101210,114228,5300,522
OTP,0,20101210,114230,5300,72
BUX1012,0,20101210,114233,21650.5,1
BUX1012,0,20101210,114233,21650,14
OTP,0,20101210,114246,5300,100
OTP,0,20101210,114246,5300,500
OTP,0,20101210,114252,5300,321
OTP,0,20101210,114338,5300,32
BUX1012,0,20101210,114356,21650.5,1
BUX1012,0,20101210,114356,21650,1
BUX1012,0,20101210,114356,21650,2
BUX1012,0,20101210,114356,21650,1
BUX1012,0,20101210,114406,21650,14
OTP,0,20101210,114504,5300,968
OTP,0,20101210,114504,5300,32
BUX1012,0,20101210,114541,21629,1
OTP,0,20101210,114616,5300,468
OTP,0,20101210,114616,5300,32
RABA,0,20101210,114628,819,90
RABA,0,20101210,114628,819,200
RABA,0,20101210,114628,820,210
BUX1012,0,20101210,114654,21649,1
BUX1012,0,20101210,114654,21649,1
BUX1012,0,20101210,114654,21650,3
BUX1012,0,20101210,114658,21650,1
BUX1012,0,20101210,114658,21650,2
OTP,0,20101210,114704,5295,1
MOL,0,20101210,114820,19680,27
MOL,0,20101210,114820,19680,73
OTP,0,20101210,114823,5295,381
BUX1012,0,20101210,114832,21650,1
BUX1012,0,20101210,114856,21650,1
BUX1012,0,20101210,114912,21650,1
MOL,0,20101210,114913,19680,96
MOL,0,20101210,114913,19680,4
MTELEKOM,0,20101210,114927,537,368
MTELEKOM,0,20101210,114927,538,19
MTELEKOM,0,20101210,114927,538,64
MOL,0,20101210,115008,19680,5
OTP,0,20101210,115019,5295,118
OTP,0,20101210,115020,5294,1
OTP,0,20101210,115106,5297,20000
OTP,0,20101210,115115,5291,142
OTP,0,20101210,115115,5291,1000
OTP,0,20101210,115121,5290,187
MTELEKOM,0,20101210,115153,537,1000
MTELEKOM,0,20101210,115153,537,300
OTP,0,20101210,115211,5292,62
OTP,0,20101210,115211,5295,82
OTP,0,20101210,115211,5295,518
OTP,0,20101210,115255,5295,30
RICHTER,0,20101210,115318,44095,3
RICHTER,0,20101210,115341,44075,11
RICHTER,0,20101210,115341,44075,77
RICHTER,0,20101210,115351,44095,6
RICHTER,0,20101210,115351,44095,10
MOL,0,20101210,115357,19675,17
MTELEKOM,0,20101210,115459,537,636
MTELEKOM,0,20101210,115459,537,671
MTELEKOM,0,20101210,115520,538,5
MTELEKOM,0,20101210,115521,538,1995
MTELEKOM,0,20101210,115521,538,83
MOL,0,20101210,115722,19700,210
MOL,0,20101210,115722,19700,24
RICHTER,0,20101210,115841,44050,32
RICHTER,0,20101210,115848,44050,53
MOL,0,20101210,115849,19745,3
MOL,0,20101210,115849,19745,1
OTP,0,20101210,115922,5295,10
MOL,0,20101210,115935,19745,146
MOL,0,20101210,115957,19750,24
MOL,0,20101210,115957,19750,59
MOL,0,20101210,120003,19750,84
RICHTER,0,20101210,120039,44095,200
MOL,0,20101210,120042,19765,50
BUX1012,0,20101210,120103,21628,5
OTP,0,20101210,120110,5295,63
KEG,0,20101210,120124,147,10
KEG,0,20101210,120124,147,26
KEG,0,20101210,120124,147,1000
KEG,0,20101210,120124,146,500
KEG,0,20101210,120124,146,8464
OTP,0,20101210,120125,5295,235
OTP,0,20101210,120125,5295,31
RICHTER,0,20101210,120130,44100,50
RICHTER,0,20101210,120130,44100,72
RICHTER,0,20101210,120130,44100,8
MOL,0,20101210,120143,19765,5
MOL,0,20101210,120154,19765,6
MOL,0,20101210,120156,19765,39
OTP,0,20101210,120208,5295,73
OTP,0,20101210,120211,5295,150
MOL,0,20101210,120213,19750,83
MOL,0,20101210,120213,19750,81
ANY,0,20101210,120243,737,25
MOL,0,20101210,120252,19745,54
OTP,0,20101210,120307,5295,127
OTP,0,20101210,120320,5290,80
BUX1012,0,20101210,120321,21628.5,2
OTP,0,20101210,120355,5295,200
PHYLAXIA,0,20101210,120425,44,2527
PHYLAXIA,0,20101210,120425,44,12
PHYLAXIA,0,20101210,120425,44,1500
PHYLAXIA,0,20101210,120425,44,1500
PHYLAXIA,0,20101210,120425,44,1461
OTP,0,20101210,120432,5290,23
OTP,0,20101210,120432,5290,15
BOOK,0,20101210,120523,492,100
GENESIS,0,20101210,120546,233,310
RICHTER,0,20101210,120627,44050,1
OTP,0,20101210,120726,5290,219
ANY,0,20101210,120822,736,95
MTELEKOM,0,20101210,120830,537,1908
MTELEKOM,0,20101210,120830,537,30
MTELEKOM,0,20101210,120830,537,511
MTELEKOM,0,20101210,120830,537,551
MOL,0,20101210,120924,19715,20
GENESIS,0,20101210,120925,233,170
MOL,0,20101210,120942,19705,94
GENESIS,0,20101210,120943,233,330
MOL,0,20101210,120956,19710,25
OTP,0,20101210,120959,5295,87
OTP,0,20101210,120959,5296,13
MTELEKOM,0,20101210,121023,537,330
GENESIS,0,20101210,121032,233,70
GENESIS,0,20101210,121032,234,100
GENESIS,0,20101210,121032,235,10
RICHTER,0,20101210,121040,44050,61
MTELEKOM,0,20101210,121127,538,7
RABA,0,20101210,121205,818,9
RICHTER,0,20101210,121209,44030,22
OTP,0,20101210,121227,5296,460
OTP,0,20101210,121227,5296,40
MOL,0,20101210,121253,19710,175
RFV,0,20101210,121330,8101,10
RFV,0,20101210,121330,8100,30
RFV,0,20101210,121330,8100,100
BUX1012,0,20101210,121341,21630,2
RICHTER,0,20101210,121345,44035,9
RICHTER,0,20101210,121345,44035,11
RICHTER,0,20101210,121345,44035,9
RFV,0,20101210,121349,8100,60
OTP,0,20101210,121353,5296,37
OTP,0,20101210,121353,5296,463
RICHTER,0,20101210,121356,44070,3
RICHTER,0,20101210,121356,44075,72
ANY,0,20101210,121416,732,50
ANY,0,20101210,121416,732,622
ANY,0,20101210,121416,731,75
BUX1012,0,20101210,121439,21630,1
MTELEKOM,0,20101210,121451,538,950
BUX1012,0,20101210,121451,21630,3
BUX1012,0,20101210,121452,21630,19
BUX1012,0,20101210,121457,21628,15
MOL,0,20101210,121504,19710,1
MOL,0,20101210,121504,19710,20
ANY,0,20101210,121513,731,80
OTP,0,20101210,121523,5290,86
OTP,0,20101210,121544,5290,11
OTP,0,20101210,121549,5290,669
OTP,0,20101210,121549,5290,500
OTP,0,20101210,121549,5290,1000
OTP,0,20101210,121549,5290,1
OTP,0,20101210,121549,5290,500
OTP,0,20101210,121549,5290,500
OTP,0,20101210,121549,5290,392
OTP,0,20101210,121558,5294,646
OTP,0,20101210,121558,5294,98
MTELEKOM,0,20101210,121627,537,1002
MTELEKOM,0,20101210,121640,536,200
BUX1012,0,20101210,121726,21610,1
BUX1012,0,20101210,121804,21610,4
RABA,0,20101210,121821,812,400
OTP,0,20101210,122000,5290,8
OTP,0,20101210,122000,5290,774
OTP,0,20101210,122039,5295,5
MTELEKOM,0,20101210,122208,537,50
OTP,0,20101210,122208,5290,226
OTP,0,20101210,122208,5290,57
MTELEKOM,0,20101210,122228,536,1800
MTELEKOM,0,20101210,122228,536,500
MTELEKOM,0,20101210,122228,536,403
BUX1012,0,20101210,122228,21628,25
OTP,0,20101210,122527,5290,330
OTP,0,20101210,122547,5291,71
OTP,0,20101210,122547,5292,427
RICHTER,0,20101210,122604,44050,47
RICHTER,0,20101210,122631,44055,9
RICHTER,0,20101210,122631,44055,8
RICHTER,0,20101210,122635,44060,9
RICHTER,0,20101210,122635,44075,73
RABA,0,20101210,122716,818,58
OTP,0,20101210,122801,5293,196
OTP,0,20101210,122801,5292,2
OTP,0,20101210,122801,5290,102
BUX1012,0,20101210,122810,21628,15
OTP,0,20101210,122821,5290,11
OTP,0,20101210,122821,5290,39
ORC,0,20101210,122823,2005,1
MTELEKOM,0,20101210,122831,537,950
MTELEKOM,0,20101210,122831,537,998
MTELEKOM,0,20101210,122831,537,52
CSEPEL,0,20101210,122921,273,100
CSEPEL,0,20101210,122921,274,400
CSEPEL,0,20101210,122921,275,199
MOL,0,20101210,122941,19710,157
CSEPEL,0,20101210,122952,275,301
OTP,0,20101210,122959,5290,60
MTELEKOM,0,20101210,123004,537,530
OTP,0,20101210,123052,5290,400
MOL,0,20101210,123139,19710,22
GENESIS,0,20101210,123147,233,100
ORC,0,20101210,123206,2050,1
BUX1012,0,20101210,123210,21611,4
OTP,0,20101210,123210,5290,442
RICHTER,0,20101210,123254,44100,35
RICHTER,0,20101210,123254,44100,9
RICHTER,0,20101210,123254,44100,39
MOL,0,20101210,123257,19710,19
MOL,0,20101210,123257,19710,22
GSPARK,0,20101210,123313,795,45
GSPARK,0,20101210,123313,796,455
MOL,0,20101210,123342,19705,4
MOL,0,20101210,123342,19705,16
OTP,0,20101210,123412,5294,67
OTP,0,20101210,123412,5295,300
OTP,0,20101210,123412,5295,633
OTP,0,20101210,123431,5291,1
OTP,0,20101210,123455,5294,59
OTP,0,20101210,123502,5294,56
OTP,0,20101210,123502,5295,444
OTP,0,20101210,123511,5291,99
ORC,0,20101210,123517,2070,1
OTP,0,20101210,123640,5296,769
OTP,0,20101210,123640,5298,723
OTP,0,20101210,123640,5298,508
OTP,0,20101210,123650,5292,304
OTP,0,20101210,123712,5290,22
ZWACK,0,20101210,123837,14050,5
ZWACK,0,20101210,123837,14050,10
ZWACK,0,20101210,123837,14000,10
ZWACK,0,20101210,123837,14000,40
ZWACK,0,20101210,123837,14000,10
ZWACK,0,20101210,123837,14000,30
MTELEKOM,0,20101210,123850,537,1000
RICHTER,0,20101210,124013,44030,20
RICHTER,0,20101210,124021,44030,27
RABA,0,20101210,124023,814,290
RABA,0,20101210,124023,813,392
RABA,0,20101210,124023,812,100
RABA,0,20101210,124023,812,460
RABA,0,20101210,124023,811,258
FOTEX,0,20101210,124042,408,200
RICHTER,0,20101210,124152,44015,10
RICHTER,0,20101210,124152,44025,9
RICHTER,0,20101210,124152,44025,8
DANUBIUS,0,20101210,124212,3800,35
MTELEKOM,0,20101210,124259,538,523
MOL,0,20101210,124302,19730,13
MOL,0,20101210,124302,19730,19
MOL,0,20101210,124302,19745,50
MOL,0,20101210,124302,19745,221
OTP,0,20101210,124337,5290,68
ZWACK,0,20101210,124353,14100,4
MTELEKOM,0,20101210,124405,537,570
MTELEKOM,0,20101210,124405,537,1638
MTELEKOM,0,20101210,124405,537,400
OTP,0,20101210,124500,5291,259
BUX1012,0,20101210,124722,21621,11
BUX1012,0,20101210,124722,21620,2
OTP,0,20101210,124734,5291,1
OTP,0,20101210,124741,5291,48
OTP,0,20101210,124741,5291,24
ECONET,0,20101210,124746,94,986
ECONET,0,20101210,124746,94,2500
ECONET,0,20101210,124746,94,1514
MTELEKOM,0,20101210,124815,537,1000
OTP,0,20101210,124820,5291,80
PHYLAXIA,0,20101210,125054,44,100
SYNERGON,0,20101210,125106,504,15
OTP,0,20101210,125111,5291,81
OTP,0,20101210,125113,5291,165
RICHTER,0,20101210,125142,44120,7
MTELEKOM,0,20101210,125158,538,100
RICHTER,0,20101210,125240,44100,4
RICHTER,0,20101210,125335,44080,11
RICHTER,0,20101210,125335,44105,1
RICHTER,0,20101210,125335,44105,11
MOL,0,20101210,125405,19705,144
OTP,0,20101210,125521,5291,335
OTP,0,20101210,125521,5291,66
OTP,0,20101210,125521,5291,99
MOL,0,20101210,125601,19705,20
KEG,0,20101210,125601,147,1000
KEG,0,20101210,125601,147,200
GENESIS,0,20101210,125633,233,190
KEG,0,20101210,125714,147,450
RICHTER,0,20101210,125717,44150,1
MTELEKOM,0,20101210,125759,537,423
MTELEKOM,0,20101210,125808,537,234
OTP,0,20101210,125815,5290,67
OTP,0,20101210,125833,5290,200
OTP,0,20101210,125840,5290,643
OTP,0,20101210,125840,5290,17
MOL,0,20101210,125938,19705,9
HUMET,0,20101210,130001,9,1039
HUMET,0,20101210,130001,9,10
HUMET,0,20101210,130001,9,5000
HUMET,0,20101210,130001,9,6049
HUMET,0,20101210,130001,9,2500
HUMET,0,20101210,130001,9,10000
HUMET,0,20101210,130001,9,402
MOL,0,20101210,130103,19705,11
MOL,0,20101210,130103,19705,8
MOL,0,20101210,130115,19710,19
OTP,0,20101210,130125,5291,24
MOL,0,20101210,130205,19710,1
OTP,0,20101210,130211,5291,25
MTELEKOM,0,20101210,130212,537,1000
RICHTER,0,20101210,130222,44055,44
RICHTER,0,20101210,130228,44055,50
ORC,0,20101210,130231,2045,57
MOL,0,20101210,130244,19730,100
OTP,0,20101210,130307,5292,109
SYNERGON,0,20101210,130312,507,1000
FHB,0,20101210,130403,1004,26
KEG,0,20101210,130448,147,800
OTP,0,20101210,130515,5291,200
OTP,0,20101210,130520,5291,350
OTP,0,20101210,130522,5291,401
OTP,0,20101210,130522,5291,99
KEG,0,20101210,130541,147,100
ZWACK,0,20101210,130557,14095,1
RICHTER,0,20101210,130612,44095,10
RICHTER,0,20101210,130612,44100,72
OTP,0,20101210,130613,5292,136
OTP,0,20101210,130618,5291,25
ZWACK,0,20101210,130652,14095,9
ZWACK,0,20101210,130652,14100,89
KEG,0,20101210,130717,146,44636
KEG,0,20101210,130717,146,600
KEG,0,20101210,130717,145,1000
KEG,0,20101210,130717,144,800
KEG,0,20101210,130717,144,250
KEG,0,20101210,130717,144,2500
KEG,0,20101210,130717,144,2500
KEG,0,20101210,130717,144,102
KEG,0,20101210,130717,143,20
KEG,0,20101210,130717,143,3000
KEG,0,20101210,130717,143,10000
KEG,0,20101210,130726,143,3000
OTP,0,20101210,130728,5292,50
KEG,0,20101210,130732,143,1000
KEG,0,20101210,130744,143,4200
RICHTER,0,20101210,130947,44075,200
MTELEKOM,0,20101210,131000,536,5
KEG,0,20101210,131024,143,2000
KEG,0,20101210,131024,143,2500
OTP,0,20101210,131035,5291,4
KEG,0,20101210,131038,143,500
FHB,0,20101210,131133,1004,1
RICHTER,0,20101210,131210,44055,56
EGIS,0,20101210,131212,20415,10
MTELEKOM,0,20101210,131222,536,5
RICHTER,0,20101210,131231,44055,44
OTP,0,20101210,131310,5291,24
MOL,0,20101210,131312,19710,151
RICHTER,0,20101210,131322,44060,9
RICHTER,0,20101210,131322,44060,11
RICHTER,0,20101210,131322,44060,9
RICHTER,0,20101210,131339,44110,75
EGIS,0,20101210,131359,20415,20
EGIS,0,20101210,131359,20405,7
EGIS,0,20101210,131359,20405,20
EGIS,0,20101210,131359,20405,30
EGIS,0,20101210,131359,20400,22
EGIS,0,20101210,131359,20400,23
EGIS,0,20101210,131359,20400,29
EGIS,0,20101210,131359,20400,17
EGIS,0,20101210,131359,20400,22
EGIS,0,20101210,131359,20400,23
EGIS,0,20101210,131359,20400,7
OTP,0,20101210,131403,5291,300
EGIS,0,20101210,131413,20400,33
GENESIS,0,20101210,131456,233,10
GENESIS,0,20101210,131456,231,59
MOL,0,20101210,131616,19710,21
BUX1012,0,20101210,131619,21644.5,1
OTP,0,20101210,131639,5292,14
OTP,0,20101210,131639,5292,69
OTP,0,20101210,131709,5293,1
OTP,0,20101210,131709,5296,73
OTP,0,20101210,131712,5293,4000
OTP,0,20101210,131720,5292,917
OTP,0,20101210,131720,5292,69
OTP,0,20101210,131730,5294,446
GENESIS,0,20101210,131849,234,20
MTELEKOM,0,20101210,131900,537,2000
EGIS,0,20101210,131909,20450,10
OTP,0,20101210,132021,5293,50
BUX1012,0,20101210,132033,21647.5,1
BUX1012,0,20101210,132033,21648,3
BUX1012,0,20101210,132033,21650,1
BUX1012,0,20101210,132033,21650,3
BUX1012,0,20101210,132033,21650,1
OTP,0,20101210,132047,5296,465
OTP,0,20101210,132047,5296,35
EGIS,0,20101210,132104,20450,15
MOL,0,20101210,132126,19715,20
MOL,0,20101210,132126,19715,19
EGIS,0,20101210,132130,20465,3
EGIS,0,20101210,132130,20470,7
OTP,0,20101210,132146,5294,130
OTP,0,20101210,132146,5294,1295
OTP,0,20101210,132146,5294,11
OTP,0,20101210,132146,5292,6
OTP,0,20101210,132146,5292,200
OTP,0,20101210,132146,5291,358
EGIS,0,20101210,132149,20470,10
RABA,0,20101210,132219,813,67
RABA,0,20101210,132219,812,33
MTELEKOM,0,20101210,132222,536,87
MTELEKOM,0,20101210,132222,536,517
OTP,0,20101210,132253,5291,19
BUX1012,0,20101210,132332,21649.5,1
BUX1012,0,20101210,132332,21650,5
BUX1012,0,20101210,132332,21650,1
BUX1012,0,20101210,132332,21650,1
EGIS,0,20101210,132340,20470,3
EGIS,0,20101210,132340,20490,5
EGIS,0,20101210,132340,20495,1
EGIS,0,20101210,132340,20495,1
ZWACK,0,20101210,132346,14100,2
RICHTER,0,20101210,132442,44065,45
RICHTER,0,20101210,132448,44065,58
OTP,0,20101210,132501,5296,12
OTP,0,20101210,132515,5291,10
OTP,0,20101210,132555,5291,260
OTP,0,20101210,132555,5291,176
OTP,0,20101210,132602,5290,76
OTP,0,20101210,132605,5290,150
RICHTER,0,20101210,132618,44060,8
RICHTER,0,20101210,132618,44060,11
RICHTER,0,20101210,132618,44060,11
MTELEKOM,0,20101210,132747,537,628
RICHTER,0,20101210,132801,44100,76
RICHTER,0,20101210,132801,44100,12
RICHTER,0,20101210,132801,44100,9
EGIS,0,20101210,132909,20495,10
RICHTER,0,20101210,132948,44100,11
RICHTER,0,20101210,132948,44100,77
MOL,0,20101210,133026,19715,61
MOL,0,20101210,133059,19710,8
MOL,0,20101210,133059,19710,59
OTP,0,20101210,133113,5294,62
OTP,0,20101210,133113,5295,70
OTP,0,20101210,133113,5296,521
OTP,0,20101210,133114,5299,104
RICHTER,0,20101210,133132,44100,12
RICHTER,0,20101210,133132,44100,77
MTELEKOM,0,20101210,133208,537,409
MTELEKOM,0,20101210,133208,537,500
OTP,0,20101210,133222,5300,1000
OTP,0,20101210,133222,5300,150
OTP,0,20101210,133222,5300,10
OTP,0,20101210,133222,5300,464
OTP,0,20101210,133222,5300,484
OTP,0,20101210,133222,5300,20
MOL,0,20101210,133247,19715,19
MOL,0,20101210,133247,19715,19
OTP,0,20101210,133320,5300,1000
MTELEKOM,0,20101210,133413,538,1117
MTELEKOM,0,20101210,133413,538,4000
MTELEKOM,0,20101210,133413,538,1500
MTELEKOM,0,20101210,133413,538,400
MTELEKOM,0,20101210,133413,538,926
GENESIS,0,20101210,133532,231,441
GENESIS,0,20101210,133532,230,50
GENESIS,0,20101210,133532,230,100
GENESIS,0,20101210,133532,230,700
GENESIS,0,20101210,133532,228,500
GENESIS,0,20101210,133532,228,475
BUX1012,0,20101210,133537,21660,1
ORC,0,20101210,133604,2070,74
ORC,0,20101210,133604,2075,100
ORC,0,20101210,133604,2080,73
RICHTER,0,20101210,133623,44095,56
RICHTER,0,20101210,133623,44095,11
RICHTER,0,20101210,133623,44100,22
RICHTER,0,20101210,133623,44100,73
RICHTER,0,20101210,133623,44100,115
BUX1012,0,20101210,133633,21660,1
RICHTER,0,20101210,133636,44100,200
EGIS,0,20101210,133649,20490,25
KEG,0,20101210,133712,147,100
ORC,0,20101210,133714,2080,3
MOL,0,20101210,133719,19715,162
EGIS,0,20101210,133821,20495,5
RICHTER,0,20101210,133832,44100,9
RICHTER,0,20101210,133832,44100,77
EGIS,0,20101210,133906,20410,10
OTP,0,20101210,133908,5300,70
OTP,0,20101210,133908,5300,499
OTP,0,20101210,133908,5300,931
OTP,0,20101210,133914,5300,69
OTP,0,20101210,133914,5300,72
OTP,0,20101210,133922,5300,859
ZWACK,0,20101210,133950,14050,14
ZWACK,0,20101210,133950,14000,5
ZWACK,0,20101210,133950,14000,20
ZWACK,0,20101210,133950,14000,11
ZWACK,0,20101210,133950,14000,1
ZWACK,0,20101210,133950,14000,6
RFV,0,20101210,133954,8060,4
RFV,0,20101210,133954,8051,1
BUX1012,0,20101210,134007,21661,19
OTP,0,20101210,134009,5296,500
OTP,0,20101210,134012,5296,504
OTP,0,20101210,134012,5300,850
OTP,0,20101210,134015,5300,646
MTELEKOM,0,20101210,134021,538,3000
BUX1012,0,20101210,134118,21669,2
BUX1012,0,20101210,134118,21669,1
BUX1012,0,20101210,134118,21670,3
BUX1012,0,20101210,134118,21672,5
BUX1012,0,20101210,134118,21673,1
BUX1012,0,20101210,134118,21674,3
BUX1012,0,20101210,134118,21678.5,2
BUX1012,0,20101210,134118,21679,3
BUX1012,0,20101210,134118,21680,1
BUX1012,0,20101210,134118,21680,2
BUX1012,0,20101210,134118,21680,2
ZWACK,0,20101210,134134,14000,14
OTP,0,20101210,134143,5307,20
OTP,0,20101210,134210,5307,410
OTP,0,20101210,134210,5307,564
OTP,0,20101210,134210,5307,26
OTP,0,20101210,134252,5301,200
MOL,0,20101210,134313,19720,20
MOL,0,20101210,134313,19725,20
BUX1012,0,20101210,134318,21678.5,1
BUX1012,0,20101210,134318,21679,2
BUX1012,0,20101210,134318,21679,1
BUX1012,0,20101210,134318,21680,7
OTP,0,20101210,134407,5301,20
OTP,0,20101210,134434,5301,200
RICHTER,0,20101210,134458,44145,12
RICHTER,0,20101210,134458,44150,12
OTP,0,20101210,134505,5301,142
OTP,0,20101210,134505,5301,58
OTP,0,20101210,134533,5301,200
MOL,0,20101210,134548,19730,5
MOL,0,20101210,134548,19730,2
MOL,0,20101210,134548,19730,50
MOL,0,20101210,134548,19740,73
MOL,0,20101210,134548,19740,50
MOL,0,20101210,134548,19745,179
MOL,0,20101210,134548,19745,25
MOL,0,20101210,134548,19750,108
MOL,0,20101210,134548,19750,100
MOL,0,20101210,134548,19750,200
MOL,0,20101210,134548,19750,138
MOL,0,20101210,134548,19750,70
MTELEKOM,0,20101210,134605,538,2000
MTELEKOM,0,20101210,134605,538,922
OTP,0,20101210,134641,5301,170
BUX1012,0,20101210,134644,21680,3
BUX1012,0,20101210,134644,21684,1
BUX1012,0,20101210,134644,21687,1
BUX1012,0,20101210,134644,21695,1
BUX1012,0,20101210,134644,21695,10
BUX1012,0,20101210,134654,21670,1
BUX1012,0,20101210,134654,21670,1
BUX1012,0,20101210,134703,21698.5,1
BUX1012,0,20101210,134703,21699,3
BUX1012,0,20101210,134708,21700,2
OTP,0,20101210,134728,5301,6
BUX1012,0,20101210,134732,21685,1
MTELEKOM,0,20101210,134801,538,78
MTELEKOM,0,20101210,134801,538,922
GENESIS,0,20101210,134804,232,90
MOL,0,20101210,134824,19745,33
OTP,0,20101210,134833,5307,562
OTP,0,20101210,134833,5307,413
OTP,0,20101210,134833,5308,50
OTP,0,20101210,134833,5308,20
OTP,0,20101210,134833,5308,50
OTP,0,20101210,134833,5309,405
BUX1012,0,20101210,134854,21699.5,3
BUX1012,0,20101210,134854,21700,9
OTP,0,20101210,134855,5302,1
BUX1012,0,20101210,134909,21685,1
RICHTER,0,20101210,135011,44100,10
OTP,0,20101210,135023,5303,110
OTP,0,20101210,135023,5302,9
OTP,0,20101210,135023,5301,66
OTP,0,20101210,135023,5301,15
MTELEKOM,0,20101210,135152,539,2493
OTP,0,20101210,135155,5301,485
OTP,0,20101210,135155,5300,1000
OTP,0,20101210,135155,5300,500
OTP,0,20101210,135155,5300,280
ZWACK,0,20101210,135309,14000,10
RICHTER,0,20101210,135317,44100,46
OTP,0,20101210,135324,5294,91
EBDAX,0,20101210,135332,1955,153
MTELEKOM,0,20101210,135345,538,1000
MTELEKOM,0,20101210,135408,538,600
RICHTER,0,20101210,135417,44060,20
RICHTER,0,20101210,135417,44060,45
RICHTER,0,20101210,135423,44055,4
OTP,0,20101210,135437,5297,1
RICHTER,0,20101210,135506,44065,9
RICHTER,0,20101210,135506,44070,10
RICHTER,0,20101210,135506,44070,12
RICHTER,0,20101210,135601,44095,120
OTP,0,20101210,135605,5292,80
OTP,0,20101210,135605,5292,53
OTP,0,20101210,135610,5291,100
OTP,0,20101210,135610,5291,100
OTP,0,20101210,135617,5291,934
OTP,0,20101210,135636,5291,17
OTP,0,20101210,135658,5291,49
OTP,0,20101210,135658,5291,1000
OTP,0,20101210,135658,5291,70
OTP,0,20101210,135658,5290,50
OTP,0,20101210,135658,5290,20
OTP,0,20101210,135658,5290,1000
OTP,0,20101210,135658,5290,1850
OTP,0,20101210,135658,5290,1000
MOL,0,20101210,135705,19715,200
MOL,0,20101210,135716,19715,10
OTP,0,20101210,135730,5290,20
OTP,0,20101210,135730,5290,700
OTP,0,20101210,135730,5290,136
OTP,0,20101210,135735,5290,591
OTP,0,20101210,135735,5290,389
OTP,0,20101210,135745,5290,500
OTP,0,20101210,135747,5290,180
OTP,0,20101210,135748,5290,320
MOL,0,20101210,135753,19720,21
MOL,0,20101210,135753,19725,20
MOL,0,20101210,135753,19740,36
BUX1012,0,20101210,135755,21670,6
OTP,0,20101210,135820,5288,20
OTP,0,20101210,135820,5288,125
RICHTER,0,20101210,135835,44055,2
RICHTER,0,20101210,135835,44055,50
RICHTER,0,20101210,135835,44050,18
RICHTER,0,20101210,135835,44050,5
BUX1012,0,20101210,135838,21670,24
PANNERGY,0,20101210,135841,873,9
PANNERGY,0,20101210,135841,875,91
OTP,0,20101210,135851,5286,355
OTP,0,20101210,135851,5286,645
OTP,0,20101210,135851,5285,500
OTP,0,20101210,135851,5285,855
ANY,0,20101210,135858,733,100
OTP,0,20101210,135900,5285,145
OTP,0,20101210,135900,5285,305
ZWACK,0,20101210,135900,14000,35
OTP,0,20101210,135901,5285,73
OTP,0,20101210,135901,5285,427
OTP,0,20101210,135921,5287,67
OTP,0,20101210,135921,5289,33
OTP,0,20101210,135933,5289,37
BUX1012,0,20101210,135942,21665,5
ZWACK,0,20101210,135955,14000,20
BUX1012,0,20101210,140006,21660,1
ECONET,0,20101210,140009,93,2500
OTP,0,20101210,140055,5295,264
RICHTER,0,20101210,140111,44065,296
BUX1012,0,20101210,140119,21660,18
BUX1012,0,20101210,140119,21650,32
OTP,0,20101210,140157,5290,63
OTP,0,20101210,140157,5290,594
OTP,0,20101210,140157,5290,10
GENESIS,0,20101210,140200,233,90
GENESIS,0,20101210,140200,234,380
GENESIS,0,20101210,140200,235,530
MTELEKOM,0,20101210,140202,538,500
MTELEKOM,0,20101210,140206,538,500
BUX1012,0,20101210,140228,21650,10
RICHTER,0,20101210,140230,44090,14
RICHTER,0,20101210,140230,44090,36
MTELEKOM,0,20101210,140434,538,2000
ZWACK,0,20101210,140438,14000,8
MTELEKOM,0,20101210,140509,538,500
MTELEKOM,0,20101210,140509,538,1226
MTELEKOM,0,20101210,140511,538,430
MTELEKOM,0,20101210,140518,538,500
MTELEKOM,0,20101210,140528,538,570
FHB,0,20101210,140554,1005,50
RICHTER,0,20101210,140707,44060,48
ZWACK,0,20101210,140720,14000,7
RICHTER,0,20101210,140731,44065,10
RICHTER,0,20101210,140731,44070,11
OTP,0,20101210,140731,5290,209
GENESIS,0,20101210,140802,236,50
GENESIS,0,20101210,140802,237,10
OTP,0,20101210,140858,5295,100
MOL,0,20101210,140858,19715,190
MOL,0,20101210,140858,19715,8
MOL,0,20101210,140909,19715,25
GENESIS,0,20101210,140926,234,100
MOL,0,20101210,140946,19715,67
MOL,0,20101210,140951,19710,101
MOL,0,20101210,140951,19710,108
MOL,0,20101210,141006,19710,125
OTP,0,20101210,141007,5291,50
GENESIS,0,20101210,141012,232,100
OTP,0,20101210,141025,5291,240
OTP,0,20101210,141025,5290,291
OTP,0,20101210,141025,5290,573
OTP,0,20101210,141039,5290,500
GENESIS,0,20101210,141056,237,20
OTP,0,20101210,141105,5290,438
OTP,0,20101210,141134,5290,562
OTP,0,20101210,141134,5290,268
OTP,0,20101210,141152,5290,100
OTP,0,20101210,141152,5290,375
OTP,0,20101210,141233,5290,286
OTP,0,20101210,141234,5290,714
OTP,0,20101210,141236,5286,60
OTP,0,20101210,141237,5286,275
OTP,0,20101210,141302,5285,130
OTP,0,20101210,141309,5285,370
OTP,0,20101210,141309,5285,250
OTP,0,20101210,141309,5285,1000
OTP,0,20101210,141313,5284,50
OTP,0,20101210,141313,5284,453
OTP,0,20101210,141313,5282,40
OTP,0,20101210,141313,5281,1000
OTP,0,20101210,141313,5281,1000
OTP,0,20101210,141313,5281,1000
OTP,0,20101210,141313,5280,3000
OTP,0,20101210,141313,5280,2000
OTP,0,20101210,141313,5280,1000
OTP,0,20101210,141313,5280,20
OTP,0,20101210,141313,5280,500
OTP,0,20101210,141313,5278,500
OTP,0,20101210,141321,5284,100
MOL,0,20101210,141324,19710,23
OTP,0,20101210,141325,5284,403
OTP,0,20101210,141325,5280,60
OTP,0,20101210,141330,5280,40
OTP,0,20101210,141330,5280,693
MOL,0,20101210,141339,19710,64
MOL,0,20101210,141339,19705,136
OTP,0,20101210,141342,5280,20
OTP,0,20101210,141342,5278,90
OTP,0,20101210,141342,5278,190
OTP,0,20101210,141359,5283,77
OTP,0,20101210,141359,5283,153
MTELEKOM,0,20101210,141403,538,1000
MTELEKOM,0,20101210,141403,538,469
MOL,0,20101210,141405,19710,50
OTP,0,20101210,141407,5278,15
OTP,0,20101210,141421,5283,157
OTP,0,20101210,141447,5280,200
ECONET,0,20101210,141448,94,10000
OTP,0,20101210,141509,5280,75
KEG,0,20101210,141620,144,1500
TVK,0,20101210,141627,3400,60
TVK,0,20101210,141627,3400,11
TVNETWORK,0,20101210,141642,297,3000
TVNETWORK,0,20101210,141642,297,4500
TVNETWORK,0,20101210,141642,297,235
EGIS,0,20101210,141716,20460,26
EGIS,0,20101210,141724,20460,24
MOL,0,20101210,141727,19705,8
MOL,0,20101210,141734,19700,266
MOL,0,20101210,141734,19700,234
MOL,0,20101210,141734,19700,266
MOL,0,20101210,141734,19700,50
MOL,0,20101210,141734,19700,184
OTP,0,20101210,141735,5282,60
OTP,0,20101210,141735,5282,1295
OTP,0,20101210,141735,5281,50
OTP,0,20101210,141735,5280,725
OTP,0,20101210,141735,5280,700
OTP,0,20101210,141735,5280,100
MTELEKOM,0,20101210,141737,538,31
MTELEKOM,0,20101210,141737,538,500
MOL,0,20101210,141748,19700,5
MOL,0,20101210,141757,19700,24
KEG,0,20101210,141758,144,301
KEG,0,20101210,141758,145,9
MOL,0,20101210,141810,19700,387
MOL,0,20101210,141810,19700,40
RICHTER,0,20101210,141814,44055,23
MTELEKOM,0,20101210,141818,538,76
MTELEKOM,0,20101210,141818,537,5000
MTELEKOM,0,20101210,141818,537,4600
PHYLAXIA,0,20101210,141841,44,500
OTP,0,20101210,141847,5280,100
MTELEKOM,0,20101210,141853,537,1000
OTP,0,20101210,141933,5288,300
OTP,0,20101210,141933,5288,84
OTP,0,20101210,141933,5289,963
OTP,0,20101210,141933,5290,1000
OTP,0,20101210,141933,5290,2000
OTP,0,20101210,141933,5292,80
OTP,0,20101210,141933,5294,1561
OTP,0,20101210,141935,5292,18
MOL,0,20101210,141949,19700,212
OTP,0,20101210,141952,5289,945
OTP,0,20101210,141954,5289,55
MOL,0,20101210,141956,19700,5
MOL,0,20101210,141956,19700,13
OTP,0,20101210,142006,5290,2000
MTELEKOM,0,20101210,142014,537,93
SYNERGON,0,20101210,142016,505,500
KEG,0,20101210,142017,144,1000
EGIS,0,20101210,142040,20405,26
MTELEKOM,0,20101210,142049,537,3000
OTP,0,20101210,142056,5281,100
OTP,0,20101210,142056,5281,627
OTP,0,20101210,142056,5280,40
OTP,0,20101210,142056,5280,20
OTP,0,20101210,142056,5280,500
OTP,0,20101210,142056,5280,2000
OTP,0,20101210,142056,5280,100
RICHTER,0,20101210,142111,44060,12
RICHTER,0,20101210,142111,44060,12
RICHTER,0,20101210,142111,44060,14
RICHTER,0,20101210,142118,44095,110
RICHTER,0,20101210,142118,44100,74
OTP,0,20101210,142128,5280,587
OTP,0,20101210,142130,5277,416
OTP,0,20101210,142130,5277,2017
OTP,0,20101210,142137,5276,1000
OTP,0,20101210,142142,5275,100
OTP,0,20101210,142142,5275,1000
OTP,0,20101210,142142,5275,300
OTP,0,20101210,142142,5275,189
OTP,0,20101210,142142,5275,1000
OTP,0,20101210,142142,5275,300
OTP,0,20101210,142142,5275,1000
ZWACK,0,20101210,142143,14000,2
RICHTER,0,20101210,142144,44100,100
OTP,0,20101210,142149,5273,50
OTP,0,20101210,142149,5272,20
OTP,0,20101210,142149,5272,50
OTP,0,20101210,142149,5272,11
OTP,0,20101210,142149,5270,69
OTP,0,20101210,142149,5270,121
OTP,0,20101210,142149,5270,10
OTP,0,20101210,142149,5270,20
OTP,0,20101210,142149,5270,150
OTP,0,20101210,142149,5270,100
OTP,0,20101210,142149,5270,50
OTP,0,20101210,142149,5270,50
OTP,0,20101210,142149,5270,100
OTP,0,20101210,142149,5270,10
OTP,0,20101210,142149,5270,520
OTP,0,20101210,142149,5267,369
OTP,0,20101210,142149,5267,1
OTP,0,20101210,142149,5267,630
OTP,0,20101210,142149,5267,1000
OTP,0,20101210,142149,5266,100
OTP,0,20101210,142149,5265,100
OTP,0,20101210,142149,5265,20
OTP,0,20101210,142149,5265,110
OTP,0,20101210,142149,5264,1000
OTP,0,20101210,142149,5263,40
OTP,0,20101210,142149,5263,460
OTP,0,20101210,142149,5262,250
OTP,0,20101210,142149,5261,10
OTP,0,20101210,142149,5261,380
OTP,0,20101210,142149,5261,60
OTP,0,20101210,142149,5261,200
OTP,0,20101210,142149,5261,19
OTP,0,20101210,142149,5261,341
OTP,0,20101210,142149,5261,204
OTP,0,20101210,142149,5261,100
OTP,0,20101210,142200,5261,1696
OTP,0,20101210,142201,5263,150
OTP,0,20101210,142217,5265,47
OTP,0,20101210,142217,5265,11
OTP,0,20101210,142230,5265,250
BUX1012,0,20101210,142231,21629,1
ZWACK,0,20101210,142233,14000,25
OTP,0,20101210,142234,5265,150
RICHTER,0,20101210,142235,44100,100
RICHTER,0,20101210,142235,44100,72
OTP,0,20101210,142301,5268,100
OTP,0,20101210,142306,5268,15
MOL,0,20101210,142311,19700,5
OTP,0,20101210,142313,5270,2000
OTP,0,20101210,142316,5268,285
OTP,0,20101210,142316,5268,80
OTP,0,20101210,142319,5267,250
OTP,0,20101210,142319,5267,5
OTP,0,20101210,142325,5267,142
BUX1012,0,20101210,142326,21629,2
MOL,0,20101210,142353,19700,50
OTP,0,20101210,142355,5267,1000
PHYLAXIA,0,20101210,142409,44,939
PHYLAXIA,0,20101210,142409,44,61
OTP,0,20101210,142412,5261,50
OTP,0,20101210,142412,5260,100
OTP,0,20101210,142412,5260,350
OTP,0,20101210,142412,5260,200
OTP,0,20101210,142412,5260,215
OTP,0,20101210,142412,5260,19
OTP,0,20101210,142412,5260,10
OTP,0,20101210,142412,5259,200
OTP,0,20101210,142412,5257,10
OTP,0,20101210,142412,5257,100
OTP,0,20101210,142412,5256,7
OTP,0,20101210,142412,5256,500
OTP,0,20101210,142412,5256,500
OTP,0,20101210,142412,5256,670
OTP,0,20101210,142412,5256,180
KEG,0,20101210,142418,144,500
OTP,0,20101210,142423,5258,11
OTP,0,20101210,142429,5261,150
OTP,0,20101210,142434,5261,1171
MOL,0,20101210,142452,19700,20
OTP,0,20101210,142458,5258,1
OTP,0,20101210,142508,5259,100
OTP,0,20101210,142508,5258,207
MOL,0,20101210,142509,19700,100
OTP,0,20101210,142526,5258,92
OTP,0,20101210,142526,5258,8
ANY,0,20101210,142541,732,360
KEG,0,20101210,142543,143,1800
KEG,0,20101210,142543,143,800
KEG,0,20101210,142543,143,1000
KEG,0,20101210,142543,143,1000
KEG,0,20101210,142543,143,91
KEG,0,20101210,142549,143,909
BUX1012,0,20101210,142619,21610,1
BUX1012,0,20101210,142619,21610,3
BUX1012,0,20101210,142622,21610,3
OTP,0,20101210,142625,5265,3
BUX1012,0,20101210,142629,21610,1
GSPARK,0,20101210,142641,782,72
GSPARK,0,20101210,142641,781,100
GSPARK,0,20101210,142641,779,51
GSPARK,0,20101210,142641,778,112
OTP,0,20101210,142650,5260,17
OTP,0,20101210,142650,5259,50
OTP,0,20101210,142650,5258,30
OTP,0,20101210,142650,5258,3
FHB,0,20101210,142658,1004,500
MOL,0,20101210,142723,19700,22
MOL,0,20101210,142723,19700,78
FOTEX,0,20101210,142723,407,60
MOL,0,20101210,142732,19700,50
MOL,0,20101210,142735,19700,4
OTP,0,20101210,142738,5260,100
OTP,0,20101210,142738,5260,101
OTP,0,20101210,142751,5264,100
OTP,0,20101210,142809,5260,454
OTP,0,20101210,142809,5260,101
OTP,0,20101210,142809,5260,1000
MOL,0,20101210,142810,19695,23
MOL,0,20101210,142810,19700,1
MOL,0,20101210,142810,19700,50
BUX1012,0,20101210,142811,21610,1
OTP,0,20101210,142811,5260,3000
OTP,0,20101210,142828,5259,30
OTP,0,20101210,142828,5258,47
OTP,0,20101210,142828,5258,200
OTP,0,20101210,142828,5258,50
OTP,0,20101210,142828,5258,50
OTP,0,20101210,142828,5258,10
OTP,0,20101210,142828,5258,228
BUX1012,0,20101210,142842,21610,1
OTP,0,20101210,142850,5260,555
OTP,0,20101210,142902,5260,250
TVK,0,20101210,142903,3435,10
TVK,0,20101210,142903,3440,11
MTELEKOM,0,20101210,142917,537,250
OTP,0,20101210,142925,5260,100
PHYLAXIA,0,20101210,142926,44,939
PHYLAXIA,0,20101210,142926,44,1400
PHYLAXIA,0,20101210,142926,44,1500
PHYLAXIA,0,20101210,142926,44,1400
PHYLAXIA,0,20101210,142926,44,5000
PHYLAXIA,0,20101210,142926,44,761
BUX1012,0,20101210,142931,21610,1
BUX1012,0,20101210,142931,21606,2
BUX1012,0,20101210,142931,21605,1
BUX1012,0,20101210,142931,21603,1
BUX1012,0,20101210,142931,21602,5
MTELEKOM,0,20101210,142941,538,1000
MTELEKOM,0,20101210,142941,538,456
OTP,0,20101210,143042,5264,40
OTP,0,20101210,143052,5264,40
OTP,0,20101210,143105,5264,5
OTP,0,20101210,143105,5265,20
OTP,0,20101210,143107,5260,205
OTP,0,20101210,143107,5260,100
OTP,0,20101210,143107,5260,150
OTP,0,20101210,143107,5260,1000
OTP,0,20101210,143107,5260,100
OTP,0,20101210,143107,5260,200
FHB,0,20101210,143114,1005,10
RICHTER,0,20101210,143122,44065,11
RICHTER,0,20101210,143122,44070,13
OTP,0,20101210,143129,5268,500
OTP,0,20101210,143140,5264,250
OTP,0,20101210,143140,5260,555
MTELEKOM,0,20101210,143158,538,1544
MTELEKOM,0,20101210,143158,538,306
OTP,0,20101210,143159,5268,193
OTP,0,20101210,143306,5262,555
FHB,0,20101210,143319,1005,29
OTP,0,20101210,143326,5262,50
OTP,0,20101210,143326,5261,230
RICHTER,0,20101210,143337,44100,120
RICHTER,0,20101210,143337,44100,76
RICHTER,0,20101210,143337,44100,14
MTELEKOM,0,20101210,143347,538,447
MTELEKOM,0,20101210,143347,538,170
MTELEKOM,0,20101210,143348,537,1000
OTP,0,20101210,143352,5261,770
OTP,0,20101210,143352,5261,21
OTP,0,20101210,143352,5260,760
OTP,0,20101210,143352,5260,400
OTP,0,20101210,143352,5260,240
OTP,0,20101210,143352,5260,555
OTP,0,20101210,143352,5260,198
OTP,0,20101210,143352,5260,379
OTP,0,20101210,143403,5260,21
OTP,0,20101210,143403,5260,555
MOL,0,20101210,143409,19700,144
OTP,0,20101210,143411,5259,20
OTP,0,20101210,143411,5258,272
OTP,0,20101210,143411,5258,1000
OTP,0,20101210,143411,5257,1000
OTP,0,20101210,143411,5256,3143
OTP,0,20101210,143411,5256,200
OTP,0,20101210,143411,5256,5
OTP,0,20101210,143411,5256,100
OTP,0,20101210,143411,5255,90
OTP,0,20101210,143411,5255,560
OTP,0,20101210,143411,5255,8
OTP,0,20101210,143411,5255,8
OTP,0,20101210,143411,5255,410
OTP,0,20101210,143411,5255,1000
OTP,0,20101210,143411,5255,24
OTP,0,20101210,143411,5255,351
OTP,0,20101210,143411,5255,6
OTP,0,20101210,143411,5252,200
OTP,0,20101210,143411,5252,100
OTP,0,20101210,143411,5252,30
OTP,0,20101210,143411,5252,370
OTP,0,20101210,143411,5252,300
OTP,0,20101210,143411,5252,20
OTP,0,20101210,143413,5252,500
BUX1012,0,20101210,143418,21603,3
BUX1012,0,20101210,143418,21602,5
MOL,0,20101210,143419,19700,34
BUX1012,0,20101210,143421,21602,1
BUX1012,0,20101210,143421,21601,1
BUX1012,0,20101210,143421,21600.5,9
BUX1012,0,20101210,143426,21600.5,10
OTP,0,20101210,143427,5252,310
OTP,0,20101210,143427,5252,1000
OTP,0,20101210,143427,5252,6
OTP,0,20101210,143427,5251,200
OTP,0,20101210,143427,5251,100
OTP,0,20101210,143427,5251,1000
OTP,0,20101210,143427,5251,50
OTP,0,20101210,143427,5251,200
OTP,0,20101210,143427,5251,1000
OTP,0,20101210,143427,5251,307
OTP,0,20101210,143427,5250,16
OTP,0,20101210,143427,5250,15
OTP,0,20101210,143427,5250,20
OTP,0,20101210,143427,5250,20
OTP,0,20101210,143427,5250,10
OTP,0,20101210,143427,5250,2
OTP,0,20101210,143427,5250,17
OTP,0,20101210,143427,5250,15
OTP,0,20101210,143427,5250,3712
OTP,0,20101210,143427,5250,200
OTP,0,20101210,143427,5250,100
OTP,0,20101210,143427,5250,400
OTP,0,20101210,143427,5250,152
OTP,0,20101210,143427,5250,50
OTP,0,20101210,143427,5250,400
OTP,0,20101210,143427,5250,30
OTP,0,20101210,143427,5250,2500
OTP,0,20101210,143427,5250,100
OTP,0,20101210,143427,5250,175
OTP,0,20101210,143429,5250,2181
OTP,0,20101210,143429,5250,270
OTP,0,20101210,143429,5250,10
OTP,0,20101210,143429,5250,381
OTP,0,20101210,143429,5250,500
OTP,0,20101210,143429,5250,34
OTP,0,20101210,143429,5250,300
OTP,0,20101210,143429,5250,95
OTP,0,20101210,143429,5250,100
OTP,0,20101210,143429,5250,2000
OTP,0,20101210,143429,5250,25
OTP,0,20101210,143429,5250,130
OTP,0,20101210,143429,5250,1555
OTP,0,20101210,143429,5250,40
OTP,0,20101210,143432,5249,2000
OTP,0,20101210,143432,5248,500
OTP,0,20101210,143432,5245,50
OTP,0,20101210,143432,5242,200
OTP,0,20101210,143432,5240,50
OTP,0,20101210,143432,5240,100
OTP,0,20101210,143432,5240,34
OTP,0,20101210,143432,5240,14
OTP,0,20101210,143432,5236,80
OTP,0,20101210,143432,5235,15
OTP,0,20101210,143432,5235,68
OTP,0,20101210,143432,5235,32
OTP,0,20101210,143432,5235,233
OTP,0,20101210,143432,5235,8
OTP,0,20101210,143432,5231,100
OTP,0,20101210,143432,5230,13
OTP,0,20101210,143432,5230,13
OTP,0,20101210,143432,5230,50
