<TICKER>,<PER>,<DTYYYYMMDD>,<TIME>,<CLOSE>,<VOLUME>
ANY,0,20101214,090002,741,10
ANY,0,20101214,090002,741,290
ECONET,0,20101214,090002,94,1000
ECONET,0,20101214,090002,94,250
ECONET,0,20101214,090002,94,100
EGIS,0,20101214,090002,20375,40
EGIS,0,20101214,090002,20375,68
MOL,0,20101214,090002,19600,24
MOL,0,20101214,090002,19600,2
MOL,0,20101214,090002,19600,2
MOL,0,20101214,090002,19600,10
MOL,0,20101214,090002,19600,100
MOL,0,20101214,090002,19600,30
MOL,0,20101214,090002,19600,20
MTELEKOM,0,20101214,090002,529,75
MTELEKOM,0,20101214,090002,529,100
MTELEKOM,0,20101214,090002,529,55
MTELEKOM,0,20101214,090002,529,70
MTELEKOM,0,20101214,090002,529,795
MTELEKOM,0,20101214,090002,529,1000
MTELEKOM,0,20101214,090002,529,405
MTELEKOM,0,20101214,090002,529,280
MTELEKOM,0,20101214,090002,529,200
MTELEKOM,0,20101214,090002,529,615
MTELEKOM,0,20101214,090002,529,2500
MTELEKOM,0,20101214,090002,529,885
MTELEKOM,0,20101214,090002,529,330
MTELEKOM,0,20101214,090002,529,785
MTELEKOM,0,20101214,090002,529,1000
MTELEKOM,0,20101214,090002,529,215
MTELEKOM,0,20101214,090002,529,200
MTELEKOM,0,20101214,090002,529,585
MTELEKOM,0,20101214,090002,529,1000
MTELEKOM,0,20101214,090002,529,415
MTELEKOM,0,20101214,090002,529,10
MTELEKOM,0,20101214,090002,529,200
MTELEKOM,0,20101214,090002,529,4375
MTELEKOM,0,20101214,090002,529,100
MTELEKOM,0,20101214,090002,529,200
MTELEKOM,0,20101214,090002,529,25
ORC,0,20101214,090002,2045,19
OTP,0,20101214,090002,5300,71
OTP,0,20101214,090002,5300,110
OTP,0,20101214,090002,5300,60
OTP,0,20101214,090002,5300,320
OTP,0,20101214,090002,5300,570
OTP,0,20101214,090002,5300,50
OTP,0,20101214,090002,5300,100
OTP,0,20101214,090002,5300,200
OTP,0,20101214,090002,5300,175
OTP,0,20101214,090002,5300,500
OTP,0,20101214,090002,5300,8
OTP,0,20101214,090002,5300,33
OTP,0,20101214,090002,5300,100
OTP,0,20101214,090002,5300,20
OTP,0,20101214,090002,5300,991
OTP,0,20101214,090002,5300,307
OTP,0,20101214,090002,5300,41
OTP,0,20101214,090002,5300,500
OTP,0,20101214,090002,5300,166
OTP,0,20101214,090002,5300,150
OTP,0,20101214,090002,5300,1000
PANNERGY,0,20101214,090002,860,70
PANNERGY,0,20101214,090002,860,100
PANNERGY,0,20101214,090002,860,110
PANNERGY,0,20101214,090002,860,22
PANNERGY,0,20101214,090002,860,4
RABA,0,20101214,090002,812,30
RABA,0,20101214,090002,812,47
RICHTER,0,20101214,090002,42900,4
RICHTER,0,20101214,090002,42900,7
RICHTER,0,20101214,090002,42900,20
RICHTER,0,20101214,090002,42900,73
BUX1012,0,20101214,090003,21555,1
BUX1012,0,20101214,090003,21555,1
BUX1012,0,20101214,090003,21555,1
BUX1012,0,20101214,090003,21555,1
BUX1012,0,20101214,090003,21555,1
BUX1012,0,20101214,090003,21555,1
BUX1012,0,20101214,090003,21555,1
BUX1012,0,20101214,090003,21555,1
BUX1012,0,20101214,090003,21555,2
BUX1012,0,20101214,090003,21555,1
BUX1012,0,20101214,090003,21555,1
BUX1012,0,20101214,090003,21555,1
BUX1012,0,20101214,090003,21555,18
BUX1012,0,20101214,090003,21555,2
BUX1012,0,20101214,090003,21555,1
BUX1112,0,20101214,090003,22051,4
MOL,0,20101214,090200,19600,12
OTP,0,20101214,090202,5295,15
OTP,0,20101214,090202,5295,485
FHB,0,20101214,090204,988,20
OTP,0,20101214,090205,5295,50
RICHTER,0,20101214,090206,42990,9
MTELEKOM,0,20101214,090208,529,400
PHYLAXIA,0,20101214,090209,45,100
MTELEKOM,0,20101214,090209,528,1600
MTELEKOM,0,20101214,090209,528,2000
MTELEKOM,0,20101214,090209,528,100
OTP,0,20101214,090209,5295,120
OTP,0,20101214,090210,5300,68
OTP,0,20101214,090211,5299,30
OTP,0,20101214,090212,5295,200
ECONET,0,20101214,090215,94,650
ECONET,0,20101214,090215,94,1369
OTP,0,20101214,090218,5295,145
OTP,0,20101214,090218,5295,55
OTP,0,20101214,090220,5295,30
OTP,0,20101214,090222,5295,50
OTP,0,20101214,090222,5295,26
MTELEKOM,0,20101214,090223,528,1544
MTELEKOM,0,20101214,090223,528,100
OTP,0,20101214,090224,5295,60
OTP,0,20101214,090226,5295,5
OTP,0,20101214,090227,5295,290
MTELEKOM,0,20101214,090238,527,2000
MTELEKOM,0,20101214,090238,527,100
MTELEKOM,0,20101214,090239,528,1644
MTELEKOM,0,20101214,090239,528,100
MTELEKOM,0,20101214,090239,528,1000
MTELEKOM,0,20101214,090239,528,1000
MTELEKOM,0,20101214,090239,528,5000
MTELEKOM,0,20101214,090239,528,1886
MTELEKOM,0,20101214,090239,528,2459
MTELEKOM,0,20101214,090239,529,2575
MTELEKOM,0,20101214,090239,529,4336
OTP,0,20101214,090248,5290,50
OTP,0,20101214,090249,5290,150
ZWACK,0,20101214,090253,14000,5
OTP,0,20101214,090254,5290,100
MOL,0,20101214,090255,19600,5
ECONET,0,20101214,090304,94,1000
RICHTER,0,20101214,090308,42990,12
RICHTER,0,20101214,090308,42990,16
EGIS,0,20101214,090315,20300,5
MTELEKOM,0,20101214,090316,527,500
BUX1112,0,20101214,090325,22097,1
RICHTER,0,20101214,090329,43000,20
OTP,0,20101214,090330,5289,300
OTP,0,20101214,090330,5290,300
OTP,0,20101214,090330,5290,364
OTP,0,20101214,090330,5290,156
OTP,0,20101214,090330,5290,200
OTP,0,20101214,090330,5290,200
OTP,0,20101214,090330,5290,100
OTP,0,20101214,090330,5290,25
OTP,0,20101214,090330,5290,7
OTP,0,20101214,090333,5290,88
MTELEKOM,0,20101214,090336,528,100
OTP,0,20101214,090345,5290,260
OTP,0,20101214,090345,5290,40
MTELEKOM,0,20101214,090346,528,130
PHYLAXIA,0,20101214,090353,44,1111
BUX1012,0,20101214,090412,21481,1
BUX1012,0,20101214,090412,21480,1
BUX1012,0,20101214,090412,21470,2
RICHTER,0,20101214,090415,43000,27
OTP,0,20101214,090420,5290,10
OTP,0,20101214,090420,5290,11
RICHTER,0,20101214,090426,43000,3
RICHTER,0,20101214,090426,43140,5
RICHTER,0,20101214,090426,43145,20
RICHTER,0,20101214,090426,43150,42
OTP,0,20101214,090429,5294,148
BUX1012,0,20101214,090431,21470,1
OTP,0,20101214,090436,5290,270
OTP,0,20101214,090445,5294,52
OTP,0,20101214,090445,5295,10
OTP,0,20101214,090445,5295,573
OTP,0,20101214,090445,5295,20
OTP,0,20101214,090445,5295,100
OTP,0,20101214,090445,5295,200
OTP,0,20101214,090445,5295,45
OTP,0,20101214,090453,5295,355
OTP,0,20101214,090456,5299,100
OTP,0,20101214,090456,5299,100
OTP,0,20101214,090456,5299,500
OTP,0,20101214,090456,5300,1800
OTP,0,20101214,090500,5300,1252
OTP,0,20101214,090500,5300,920
OTP,0,20101214,090500,5300,100
OTP,0,20101214,090500,5300,550
OTP,0,20101214,090500,5300,10
OTP,0,20101214,090500,5300,14
OTP,0,20101214,090500,5300,154
OTP,0,20101214,090502,5300,96
OTP,0,20101214,090502,5300,20
OTP,0,20101214,090502,5300,100
OTP,0,20101214,090502,5300,250
OTP,0,20101214,090502,5300,34
MTELEKOM,0,20101214,090504,527,500
BUX1112,0,20101214,090506,22148,1
OTP,0,20101214,090508,5300,600
RABA,0,20101214,090510,811,100
MTELEKOM,0,20101214,090512,528,2770
MTELEKOM,0,20101214,090512,528,3230
MTELEKOM,0,20101214,090517,528,770
MTELEKOM,0,20101214,090517,528,4230
OTP,0,20101214,090518,5295,50
BUX1012,0,20101214,090529,21460,1
BUX1012,0,20101214,090529,21456,4
MTELEKOM,0,20101214,090547,528,200
OTP,0,20101214,090548,5297,15
OTP,0,20101214,090558,5297,30
MTELEKOM,0,20101214,090600,528,110
OTP,0,20101214,090617,5299,50
OTP,0,20101214,090617,5299,20
OTP,0,20101214,090617,5299,179
OTP,0,20101214,090617,5299,775
OTP,0,20101214,090619,5297,200
MOL,0,20101214,090621,19500,5
OTP,0,20101214,090631,5300,366
OTP,0,20101214,090631,5300,234
OTP,0,20101214,090639,5300,66
OTP,0,20101214,090639,5300,11
MTELEKOM,0,20101214,090639,527,72
MOL,0,20101214,090640,19500,1
BUX1012,0,20101214,090644,21461,1
BUX1012,0,20101214,090644,21460,4
BUX1112,0,20101214,090654,22119,5
OTP,0,20101214,090654,5300,20
OTP,0,20101214,090700,5300,969
OTP,0,20101214,090700,5300,31
OTP,0,20101214,090707,5300,169
OTP,0,20101214,090707,5300,20
OTP,0,20101214,090707,5300,50
MTELEKOM,0,20101214,090715,527,200
OTP,0,20101214,090717,5300,20
PANNERGY,0,20101214,090723,860,26
OTP,0,20101214,090733,5304,200
OTP,0,20101214,090749,5305,13
OTP,0,20101214,090749,5305,79
OTP,0,20101214,090749,5309,100
OTP,0,20101214,090749,5310,8
MTELEKOM,0,20101214,090754,527,2110
MOL,0,20101214,090800,19550,1
BUX1012,0,20101214,090805,21461.5,1
MTELEKOM,0,20101214,090820,527,300
MOL,0,20101214,090826,19550,84
MOL,0,20101214,090826,19550,47
MOL,0,20101214,090827,19550,15
BUX1012,0,20101214,090836,21479,2
MOL,0,20101214,090836,19600,3
MOL,0,20101214,090836,19600,9
OTP,0,20101214,090837,5308,50
OTP,0,20101214,090837,5309,31
OTP,0,20101214,090837,5309,19
BUX1012,0,20101214,090840,21462,1
OTP,0,20101214,090842,5309,181
OTP,0,20101214,090842,5310,192
OTP,0,20101214,090842,5310,1000
OTP,0,20101214,090842,5310,627
MOL,0,20101214,090843,19600,50
BUX1012,0,20101214,090856,21479,2
RFV,0,20101214,090901,8002,24
RFV,0,20101214,090901,8001,24
RFV,0,20101214,090901,8000,12
RCGOLD,0,20101214,090912,29000,17
RICHTER,0,20101214,090916,43100,5
RICHTER,0,20101214,090916,43100,19
RICHTER,0,20101214,090916,43100,21
OTP,0,20101214,090916,5304,20
BUX1012,0,20101214,090917,21463,4
BUX1012,0,20101214,090917,21462.5,1
MTELEKOM,0,20101214,090921,528,460
MTELEKOM,0,20101214,090921,528,500
MTELEKOM,0,20101214,090921,528,40
MTELEKOM,0,20101214,090923,528,400
OTP,0,20101214,090949,5305,40
OTP,0,20101214,090954,5305,50
OTP,0,20101214,090955,5305,10
OTP,0,20101214,091007,5305,207
OTP,0,20101214,091007,5305,43
OTP,0,20101214,091008,5305,24
MTELEKOM,0,20101214,091011,528,1000
OTP,0,20101214,091019,5305,250
OTP,0,20101214,091019,5305,52
MTELEKOM,0,20101214,091026,528,300
OTP,0,20101214,091030,5305,10
RICHTER,0,20101214,091032,43100,19
OTP,0,20101214,091034,5305,688
OTP,0,20101214,091034,5305,191
OTP,0,20101214,091034,5306,200
MOL,0,20101214,091036,19600,10
MOL,0,20101214,091037,19555,20
MOL,0,20101214,091037,19550,31
RICHTER,0,20101214,091038,43100,36
MTELEKOM,0,20101214,091042,528,400
OTP,0,20101214,091042,5306,60
ECONET,0,20101214,091053,94,1881
ECONET,0,20101214,091053,94,3000
OTP,0,20101214,091054,5306,25
OTP,0,20101214,091054,5309,111
OTP,0,20101214,091102,5306,336
MTELEKOM,0,20101214,091104,528,860
MTELEKOM,0,20101214,091104,528,140
MTELEKOM,0,20101214,091106,528,60
MTELEKOM,0,20101214,091106,528,200
MTELEKOM,0,20101214,091107,528,240
GENESIS,0,20101214,091110,223,470
MTELEKOM,0,20101214,091122,529,664
MTELEKOM,0,20101214,091122,529,2136
OTP,0,20101214,091206,5305,400
MTELEKOM,0,20101214,091208,529,5864
MTELEKOM,0,20101214,091208,529,5000
MTELEKOM,0,20101214,091208,529,703
KARPOT,0,20101214,091216,460,1000
KARPOT,0,20101214,091216,500,200
MTELEKOM,0,20101214,091224,528,49
MTELEKOM,0,20101214,091228,529,4297
MTELEKOM,0,20101214,091228,529,4703
OTP,0,20101214,091233,5305,264
MTELEKOM,0,20101214,091233,529,297
MTELEKOM,0,20101214,091233,529,500
OTP,0,20101214,091235,5305,236
MTELEKOM,0,20101214,091236,529,203
MOL,0,20101214,091246,19575,12
MOL,0,20101214,091246,19575,1
MTELEKOM,0,20101214,091310,529,200
OTP,0,20101214,091311,5301,250
OTP,0,20101214,091311,5301,300
OTP,0,20101214,091311,5300,80
OTP,0,20101214,091311,5300,40
MTELEKOM,0,20101214,091314,529,500
OTP,0,20101214,091320,5295,20
PHYLAXIA,0,20101214,091321,44,1095
PHYLAXIA,0,20101214,091321,44,905
MTELEKOM,0,20101214,091325,529,4097
MTELEKOM,0,20101214,091325,529,903
ZWACK,0,20101214,091339,14000,3
BUX1112,0,20101214,091339,22114,1
OTP,0,20101214,091344,5295,100
BUX1012,0,20101214,091344,21495,1
OTP,0,20101214,091351,5296,75
MTELEKOM,0,20101214,091352,529,97
MTELEKOM,0,20101214,091352,529,300
MTELEKOM,0,20101214,091352,529,1421
MOL,0,20101214,091403,19550,17
OTP,0,20101214,091407,5300,94
OTP,0,20101214,091420,5300,192
MTELEKOM,0,20101214,091434,529,4579
MTELEKOM,0,20101214,091434,529,1421
OTP,0,20101214,091437,5300,61
OTP,0,20101214,091437,5296,425
OTP,0,20101214,091437,5295,475
OTP,0,20101214,091437,5291,39
BUX1012,0,20101214,091442,21480,15
MTELEKOM,0,20101214,091448,529,477
MTELEKOM,0,20101214,091448,529,653
BUX1012,0,20101214,091501,21481,2
BUX1012,0,20101214,091501,21480,3
RICHTER,0,20101214,091508,43005,7
BUX1012,0,20101214,091510,21480,7
BUX1012,0,20101214,091510,21470,1
BUX1012,0,20101214,091511,21470,19
OTP,0,20101214,091512,5291,130
ECONET,0,20101214,091512,93,1000
BUX1012,0,20101214,091515,21470,8
RICHTER,0,20101214,091522,43000,26
RICHTER,0,20101214,091522,43000,1
RICHTER,0,20101214,091522,43000,23
RICHTER,0,20101214,091533,43000,22
RICHTER,0,20101214,091533,43000,10
RICHTER,0,20101214,091533,43000,18
OTP,0,20101214,091536,5291,200
RICHTER,0,20101214,091551,43000,2
MTELEKOM,0,20101214,091601,528,951
MTELEKOM,0,20101214,091601,528,1049
RICHTER,0,20101214,091604,42975,9
BUX1112,0,20101214,091607,22080,1
BUX1112,0,20101214,091607,22080,1
MTELEKOM,0,20101214,091619,528,100
RABA,0,20101214,091622,809,100
RICHTER,0,20101214,091627,42975,1
RICHTER,0,20101214,091627,42975,1
RICHTER,0,20101214,091627,42970,8
BUX1012,0,20101214,091628,21465,1
BUX1012,0,20101214,091628,21451,5
BUX1012,0,20101214,091628,21451,2
BUX1012,0,20101214,091628,21450,2
BUX1012,0,20101214,091628,21450,3
MTELEKOM,0,20101214,091638,528,708
MOL,0,20101214,091639,19550,6
OTP,0,20101214,091650,5291,131
OTP,0,20101214,091650,5291,169
OTP,0,20101214,091651,5291,125
MOL,0,20101214,091704,19530,60
MOL,0,20101214,091706,19530,3
BUX1112,0,20101214,091719,22051,10
BUX1112,0,20101214,091719,22051,1
MOL,0,20101214,091719,19550,10
KEG,0,20101214,091725,141,1000
KEG,0,20101214,091725,141,700
KEG,0,20101214,091725,141,10
BUX1012,0,20101214,091813,21450,10
BUX1012,0,20101214,091820,21450,15
GENESIS,0,20101214,091823,223,206
GENESIS,0,20101214,091823,222,294
MTELEKOM,0,20101214,091828,528,200
BUX1112,0,20101214,091857,22050,4
BUX1112,0,20101214,091857,22050,1
OTP,0,20101214,091859,5294,100
MTELEKOM,0,20101214,091904,528,92
MTELEKOM,0,20101214,091904,528,158
PANNERGY,0,20101214,091915,860,105
PANNERGY,0,20101214,091915,857,60
MTELEKOM,0,20101214,091921,528,200
OTP,0,20101214,091921,5293,6
OTP,0,20101214,091921,5293,44
MOL,0,20101214,091934,19505,2
OTP,0,20101214,091952,5292,20
OTP,0,20101214,091952,5291,100
OTP,0,20101214,091952,5290,1242
OTP,0,20101214,091952,5290,100
RABA,0,20101214,092004,808,39
BUX1012,0,20101214,092009,21450,20
BUX1012,0,20101214,092014,21450,1
BUX1012,0,20101214,092014,21450,4
MTELEKOM,0,20101214,092026,527,300
BUX1012,0,20101214,092030,21441,8
BUX1012,0,20101214,092030,21440,2
RICHTER,0,20101214,092034,42970,22
PHYLAXIA,0,20101214,092042,45,2000
PANNERGY,0,20101214,092044,857,157
RICHTER,0,20101214,092046,42955,58
OTP,0,20101214,092055,5283,175
OTP,0,20101214,092055,5283,283
OTP,0,20101214,092117,5282,25
GENESIS,0,20101214,092117,224,30
OTP,0,20101214,092125,5282,20
RICHTER,0,20101214,092130,42960,10
RICHTER,0,20101214,092138,42960,1
OTP,0,20101214,092139,5282,100
BUX1112,0,20101214,092140,22010,1
MTELEKOM,0,20101214,092146,527,200
MTELEKOM,0,20101214,092146,527,170
MTELEKOM,0,20101214,092146,527,130
BUX1112,0,20101214,092149,22006,1
BUX1112,0,20101214,092149,22005,1
BUX1112,0,20101214,092149,22004,3
OTP,0,20101214,092150,5282,55
OTP,0,20101214,092150,5281,60
MOL,0,20101214,092156,19505,5
BUX1112,0,20101214,092157,22004,1
OTP,0,20101214,092158,5283,100
BUX1112,0,20101214,092200,22010,1
BUX1012,0,20101214,092203,21435,2
BUX1012,0,20101214,092203,21435,2
BUX1112,0,20101214,092208,22004,1
BUX1112,0,20101214,092208,22001,1
BUX1112,0,20101214,092208,22000,2
BUX1112,0,20101214,092209,22000,1
BUX1012,0,20101214,092214,21430.5,2
BUX1012,0,20101214,092214,21430,4
RICHTER,0,20101214,092215,42965,10
BUX1012,0,20101214,092216,21430,1
MTELEKOM,0,20101214,092221,528,189
OTP,0,20101214,092227,5280,60
OTP,0,20101214,092233,5282,150
OTP,0,20101214,092238,5280,228
MTELEKOM,0,20101214,092240,527,620
MTELEKOM,0,20101214,092240,527,480
MOL,0,20101214,092241,19505,5
OTP,0,20101214,092242,5280,212
OTP,0,20101214,092242,5280,388
BUX1012,0,20101214,092242,21430,1
OTP,0,20101214,092304,5271,5
OTP,0,20101214,092304,5271,10
MOL,0,20101214,092304,19510,20
BUX1112,0,20101214,092308,21999,2
FOTEX,0,20101214,092309,402,120
MOL,0,20101214,092310,19510,1
BUX1012,0,20101214,092314,21425,1
RICHTER,0,20101214,092319,42960,6
BUX1012,0,20101214,092329,21424,10
BUX1012,0,20101214,092329,21423,1
BUX1012,0,20101214,092329,21422.5,2
BUX1012,0,20101214,092329,21421,3
BUX1012,0,20101214,092329,21420,3
PANNERGY,0,20101214,092340,857,20
OTP,0,20101214,092342,5271,13
MOL,0,20101214,092348,19505,30
OTP,0,20101214,092349,5271,477
MTELEKOM,0,20101214,092350,527,1020
MTELEKOM,0,20101214,092350,527,138
RICHTER,0,20101214,092353,42960,13
RICHTER,0,20101214,092353,42955,10
MOL,0,20101214,092403,19505,4
OTP,0,20101214,092407,5271,31
OTP,0,20101214,092413,5271,200
OTP,0,20101214,092413,5271,44
ORC,0,20101214,092421,2030,3030
ANY,0,20101214,092421,742,50
BUX1012,0,20101214,092429,21407,1
BUX1012,0,20101214,092429,21407,5
RICHTER,0,20101214,092432,42955,5
RICHTER,0,20101214,092432,42950,5
OTP,0,20101214,092433,5268,20
RICHTER,0,20101214,092433,42950,21
RICHTER,0,20101214,092435,42950,3
OTP,0,20101214,092445,5267,147
EGIS,0,20101214,092448,20300,10
BUX1012,0,20101214,092449,21408,1
OTP,0,20101214,092457,5268,119
OTP,0,20101214,092457,5268,480
MOL,0,20101214,092458,19505,15
OTP,0,20101214,092505,5265,56
OTP,0,20101214,092505,5265,68
OTP,0,20101214,092511,5268,100
BUX1012,0,20101214,092511,21409,5
BUX1012,0,20101214,092511,21409,10
BUX1012,0,20101214,092511,21408,15
OTP,0,20101214,092519,5270,250
BUX1012,0,20101214,092524,21408,4
BUX1012,0,20101214,092524,21407,1
MTELEKOM,0,20101214,092525,527,600
OTP,0,20101214,092531,5270,200
MOL,0,20101214,092533,19505,51
MOL,0,20101214,092533,19500,1
MOL,0,20101214,092533,19500,100
MOL,0,20101214,092533,19500,28
OTP,0,20101214,092538,5268,100
PANNERGY,0,20101214,092540,857,248
BUX1012,0,20101214,092544,21407,9
BUX1012,0,20101214,092544,21407,10
BUX1012,0,20101214,092544,21407,6
BUX1012,0,20101214,092551,21407,1
BUX1012,0,20101214,092600,21407,3
BUX1012,0,20101214,092600,21406,7
BUX1112,0,20101214,092602,22000,1
RICHTER,0,20101214,092624,42955,20
RICHTER,0,20101214,092624,42955,18
RICHTER,0,20101214,092624,42955,16
RICHTER,0,20101214,092624,42955,22
MOL,0,20101214,092627,19505,55
MOL,0,20101214,092627,19505,58
MOL,0,20101214,092627,19505,1
MOL,0,20101214,092627,19505,36
MOL,0,20101214,092629,19505,99
MOL,0,20101214,092634,19505,350
MOL,0,20101214,092635,19505,114
MTELEKOM,0,20101214,092636,527,812
MTELEKOM,0,20101214,092636,527,250
MTELEKOM,0,20101214,092636,527,50
MTELEKOM,0,20101214,092636,527,244
BUX1012,0,20101214,092637,21406,8
BUX1012,0,20101214,092637,21405,5
BUX1012,0,20101214,092637,21403,1
BUX1012,0,20101214,092637,21401.5,2
BUX1012,0,20101214,092637,21401,2
OTP,0,20101214,092639,5267,178
OTP,0,20101214,092639,5268,200
OTP,0,20101214,092639,5268,10
OTP,0,20101214,092639,5268,50
OTP,0,20101214,092639,5268,3
BUX1112,0,20101214,092640,21999,1
MOL,0,20101214,092646,19505,64
OTP,0,20101214,092647,5270,200
OTP,0,20101214,092647,5270,850
OTP,0,20101214,092647,5270,465
MOL,0,20101214,092649,19505,43
OTP,0,20101214,092650,5272,290
BUX1012,0,20101214,092707,21410,9
OTP,0,20101214,092713,5275,20
OTP,0,20101214,092713,5275,10
OTP,0,20101214,092713,5275,451
OTP,0,20101214,092713,5280,150
OTP,0,20101214,092713,5280,280
BUX1012,0,20101214,092715,21403,10
OTP,0,20101214,092717,5283,50
BUX1112,0,20101214,092722,22000,1
PANNERGY,0,20101214,092726,857,15
PANNERGY,0,20101214,092726,855,135
MOL,0,20101214,092727,19550,250
MOL,0,20101214,092727,19550,138
MOL,0,20101214,092733,19550,247
MTELEKOM,0,20101214,092735,528,300
OTP,0,20101214,092735,5285,50
OTP,0,20101214,092735,5285,474
OTP,0,20101214,092735,5283,50
OTP,0,20101214,092735,5283,50
ZWACK,0,20101214,092736,14000,10
MOL,0,20101214,092737,19550,253
MTELEKOM,0,20101214,092745,528,3153
MTELEKOM,0,20101214,092745,528,1000
MTELEKOM,0,20101214,092745,528,2500
MTELEKOM,0,20101214,092745,528,50
MTELEKOM,0,20101214,092745,528,800
MTELEKOM,0,20101214,092745,528,15
MTELEKOM,0,20101214,092745,528,1791
MTELEKOM,0,20101214,092745,528,217
OTP,0,20101214,092747,5283,10
BUX1012,0,20101214,092749,21395,1
BUX1012,0,20101214,092749,21395,1
BUX1012,0,20101214,092749,21386,5
OTP,0,20101214,092752,5283,50
BUX1112,0,20101214,092753,21990,1
KARPOT,0,20101214,092754,490,500
OTP,0,20101214,092802,5283,50
KARPOT,0,20101214,092807,490,200
MTELEKOM,0,20101214,092810,528,189
OTP,0,20101214,092820,5285,50
OTP,0,20101214,092836,5286,10
OTP,0,20101214,092836,5286,4
OTP,0,20101214,092840,5285,48
GENESIS,0,20101214,092843,222,206
GENESIS,0,20101214,092843,222,300
MTELEKOM,0,20101214,092854,528,180
BUX1112,0,20101214,092856,21986,2
OTP,0,20101214,092858,5285,75
OTP,0,20101214,092913,5285,100
OTP,0,20101214,092920,5285,400
OTP,0,20101214,092920,5285,108
OTP,0,20101214,092937,5283,2
RABA,0,20101214,092941,808,111
RABA,0,20101214,092941,806,40
RABA,0,20101214,092941,805,200
RABA,0,20101214,092941,805,149
OTP,0,20101214,092945,5280,70
OTP,0,20101214,093006,5285,451
KARPOT,0,20101214,093020,490,1
OTP,0,20101214,093034,5285,100
MTELEKOM,0,20101214,093051,528,944
MTELEKOM,0,20101214,093051,528,5000
MTELEKOM,0,20101214,093051,528,3486
BUX1012,0,20101214,093056,21400,12
BUX1012,0,20101214,093056,21400,2
OTP,0,20101214,093058,5286,200
ZWACK,0,20101214,093106,13950,1
BUX1112,0,20101214,093120,22029,2
MTELEKOM,0,20101214,093129,527,10
MTELEKOM,0,20101214,093129,527,78
BUX1012,0,20101214,093144,21400,30
BUX1012,0,20101214,093158,21400,47
BUX1012,0,20101214,093158,21400,3
BUX1012,0,20101214,093159,21400,1
BUX1012,0,20101214,093212,21400,50
BUX1012,0,20101214,093216,21400,10
OTP,0,20101214,093217,5288,200
OTP,0,20101214,093217,5288,161
OTP,0,20101214,093217,5289,497
BUX1012,0,20101214,093221,21400,36
KEG,0,20101214,093224,143,400
MTELEKOM,0,20101214,093234,528,1000
OTP,0,20101214,093253,5289,100
OTP,0,20101214,093254,5290,19
OTP,0,20101214,093302,5289,24
OTP,0,20101214,093302,5289,176
OTP,0,20101214,093312,5289,4
OTP,0,20101214,093314,5290,19
OTP,0,20101214,093314,5290,281
OTP,0,20101214,093336,5289,70
OTP,0,20101214,093342,5289,11
FHB,0,20101214,093350,997,50
FHB,0,20101214,093350,998,300
FHB,0,20101214,093350,998,100
FHB,0,20101214,093350,999,148
MOL,0,20101214,093401,19550,250
MOL,0,20101214,093401,19550,146
MOL,0,20101214,093401,19550,74
MOL,0,20101214,093401,19550,29
MOL,0,20101214,093401,19550,34
BUX1012,0,20101214,093402,21419,1
BUX1112,0,20101214,093402,22030,1
FOTEX,0,20101214,093403,403,1500
MTELEKOM,0,20101214,093408,528,174000
FOTEX,0,20101214,093408,406,582
RABA,0,20101214,093434,811,233
MOL,0,20101214,093450,19575,128
MOL,0,20101214,093450,19575,115
MOL,0,20101214,093450,19575,99
MOL,0,20101214,093450,19575,158
OTP,0,20101214,093451,5288,49
OTP,0,20101214,093451,5288,247
OTP,0,20101214,093451,5288,155
TVK,0,20101214,093458,3465,28
EGIS,0,20101214,093511,20250,2
OTP,0,20101214,093536,5288,22
OTP,0,20101214,093536,5288,478
RICHTER,0,20101214,093539,43110,6
MOL,0,20101214,093543,19575,100
MOL,0,20101214,093543,19575,176
MOL,0,20101214,093543,19575,176
RICHTER,0,20101214,093605,43005,2
KEG,0,20101214,093611,141,500
KEG,0,20101214,093611,141,2270
MOL,0,20101214,093619,19585,50
OTP,0,20101214,093622,5285,11
MOL,0,20101214,093623,19585,50
MOL,0,20101214,093623,19585,54
MOL,0,20101214,093623,19585,88
MOL,0,20101214,093623,19585,176
MOL,0,20101214,093623,19585,176
MTELEKOM,0,20101214,093624,527,422
MTELEKOM,0,20101214,093624,527,200
MTELEKOM,0,20101214,093624,527,378
RICHTER,0,20101214,093642,43035,15
OTP,0,20101214,093644,5289,150
OTP,0,20101214,093644,5289,121
MTELEKOM,0,20101214,093644,527,280
MOL,0,20101214,093649,19565,12
RICHTER,0,20101214,093658,43055,16
RICHTER,0,20101214,093658,43060,15
RICHTER,0,20101214,093658,43060,26
OTP,0,20101214,093702,5285,100
BUX1112,0,20101214,093717,22035,1
KEG,0,20101214,093730,142,400
BUX1112,0,20101214,093737,22036,1
MTELEKOM,0,20101214,093744,528,1320
MTELEKOM,0,20101214,093758,528,25
MOL,0,20101214,093758,19575,5000
SYNERGON,0,20101214,093808,497,100
RICHTER,0,20101214,093810,43065,129
MTELEKOM,0,20101214,093811,528,169
MTELEKOM,0,20101214,093811,528,1425
OTP,0,20101214,093814,5289,383
BUX1012,0,20101214,093814,21430,1
BUX1112,0,20101214,093814,22030,1
RICHTER,0,20101214,093816,43060,65
BUX1012,0,20101214,093818,21420,5
BUX1012,0,20101214,093818,21420,1
MOL,0,20101214,093820,19595,1
PANNERGY,0,20101214,093824,855,365
PANNERGY,0,20101214,093824,855,26
MOL,0,20101214,093839,19570,38
MOL,0,20101214,093839,19570,515
MOL,0,20101214,093839,19570,197
MOL,0,20101214,093840,19570,3
OTP,0,20101214,093841,5290,300
MOL,0,20101214,093845,19570,200
MTELEKOM,0,20101214,093846,528,142
MOL,0,20101214,093851,19570,179
MOL,0,20101214,093853,19570,300
MOL,0,20101214,093855,19575,180
MOL,0,20101214,093903,19570,500
MOL,0,20101214,093903,19570,500
MOL,0,20101214,093904,19570,33
MOL,0,20101214,093905,19575,181
MTELEKOM,0,20101214,093906,527,200
MTELEKOM,0,20101214,093907,528,9
MOL,0,20101214,093911,19570,271
MOL,0,20101214,093911,19570,474
MOL,0,20101214,093913,19570,26
MOL,0,20101214,093916,19570,500
BUX1112,0,20101214,093918,22040,1
MTELEKOM,0,20101214,093918,527,905
MTELEKOM,0,20101214,093918,527,95
MOL,0,20101214,093921,19570,169
MTELEKOM,0,20101214,093926,527,55
MTELEKOM,0,20101214,093926,527,500
MTELEKOM,0,20101214,093926,527,750
MTELEKOM,0,20101214,093926,527,500
MTELEKOM,0,20101214,093926,526,115
MTELEKOM,0,20101214,093926,526,100
MTELEKOM,0,20101214,093926,526,20000
MTELEKOM,0,20101214,093926,526,415
MTELEKOM,0,20101214,093926,526,400
MTELEKOM,0,20101214,093926,526,3250
MTELEKOM,0,20101214,093926,526,110
MTELEKOM,0,20101214,093926,526,2700
MTELEKOM,0,20101214,093926,526,500
MTELEKOM,0,20101214,093926,525,785
MTELEKOM,0,20101214,093926,525,1000
MTELEKOM,0,20101214,093926,525,570
MTELEKOM,0,20101214,093926,525,200
MTELEKOM,0,20101214,093926,525,5714
MTELEKOM,0,20101214,093926,525,200
MTELEKOM,0,20101214,093926,525,200
MTELEKOM,0,20101214,093926,525,9520
MTELEKOM,0,20101214,093926,525,2000
MTELEKOM,0,20101214,093926,525,190
MTELEKOM,0,20101214,093926,525,226
MTELEKOM,0,20101214,093926,525,774
MTELEKOM,0,20101214,093926,525,100
MTELEKOM,0,20101214,093926,525,15
MTELEKOM,0,20101214,093926,525,311
MTELEKOM,0,20101214,093926,525,689
MTELEKOM,0,20101214,093926,525,10
MTELEKOM,0,20101214,093926,525,301
BUX1012,0,20101214,093929,21448,1
MTELEKOM,0,20101214,093930,527,286
MTELEKOM,0,20101214,093932,527,714
BUX1012,0,20101214,093935,21440,1
MOL,0,20101214,093936,19570,187
MOL,0,20101214,093936,19570,5
MOL,0,20101214,093936,19570,300
MOL,0,20101214,093936,19570,8
BUX1012,0,20101214,093938,21448.5,1
BUX1012,0,20101214,093938,21449,10
BUX1012,0,20101214,093938,21449,1
BUX1012,0,20101214,093938,21450,1
BUX1012,0,20101214,093938,21450,1
OTP,0,20101214,093943,5289,247
OTP,0,20101214,093943,5289,251
OTP,0,20101214,093943,5289,356
OTP,0,20101214,093943,5289,146
MTELEKOM,0,20101214,093951,526,1500
MOL,0,20101214,093956,19570,100
OTP,0,20101214,093959,5289,68
BUX1012,0,20101214,094001,21444,1
BUX1012,0,20101214,094001,21450,19
BUX1012,0,20101214,094001,21450,10
BUX1012,0,20101214,094001,21450,1
MOL,0,20101214,094007,19570,277
MOL,0,20101214,094010,19570,31
MOL,0,20101214,094010,19570,127
OTP,0,20101214,094010,5289,30
OTP,0,20101214,094010,5285,189
MOL,0,20101214,094014,19570,194
MOL,0,20101214,094014,19570,806
MOL,0,20101214,094022,19570,194
MOL,0,20101214,094022,19570,10
BUX1012,0,20101214,094027,21453,2
MTELEKOM,0,20101214,094030,525,500
BUX1012,0,20101214,094039,21453,2
BUX1012,0,20101214,094039,21450,3
MTELEKOM,0,20101214,094039,525,199
MTELEKOM,0,20101214,094039,525,230
MTELEKOM,0,20101214,094039,525,50
MTELEKOM,0,20101214,094039,525,21
MOL,0,20101214,094040,19575,300
MOL,0,20101214,094042,19580,192
MOL,0,20101214,094042,19580,180
MOL,0,20101214,094042,19580,180
MOL,0,20101214,094042,19580,828
MOL,0,20101214,094042,19570,355
MOL,0,20101214,094042,19570,35
MOL,0,20101214,094045,19570,250
BUX1012,0,20101214,094058,21450,10
BUX1012,0,20101214,094100,21450,6
MOL,0,20101214,094100,19580,500
PANNERGY,0,20101214,094111,855,535
MOL,0,20101214,094118,19590,300
MOL,0,20101214,094118,19590,128
MOL,0,20101214,094119,19590,127
MOL,0,20101214,094123,19590,412
MOL,0,20101214,094123,19575,62
MOL,0,20101214,094123,19570,26
RFV,0,20101214,094140,8090,50
RFV,0,20101214,094146,8100,40
PANNERGY,0,20101214,094156,855,65
MOL,0,20101214,094201,19570,250
RFV,0,20101214,094204,8003,1
MTELEKOM,0,20101214,094221,525,1979
MTELEKOM,0,20101214,094221,525,200
MTELEKOM,0,20101214,094221,525,350
MTELEKOM,0,20101214,094221,525,100
MTELEKOM,0,20101214,094221,525,200
MTELEKOM,0,20101214,094221,525,171
OTP,0,20101214,094229,5280,81
OTP,0,20101214,094229,5280,10
OTP,0,20101214,094229,5280,109
MOL,0,20101214,094230,19570,100
MTELEKOM,0,20101214,094232,525,924
MTELEKOM,0,20101214,094239,525,225
MTELEKOM,0,20101214,094239,525,275
MTELEKOM,0,20101214,094253,525,500
OTP,0,20101214,094256,5280,10
MTELEKOM,0,20101214,094305,525,225
MTELEKOM,0,20101214,094305,525,150
MTELEKOM,0,20101214,094305,525,200
MTELEKOM,0,20101214,094305,525,200
MTELEKOM,0,20101214,094305,525,225
RICHTER,0,20101214,094308,43030,15
MTELEKOM,0,20101214,094312,525,75
MTELEKOM,0,20101214,094312,525,500
MTELEKOM,0,20101214,094312,525,200
MTELEKOM,0,20101214,094312,525,200
MTELEKOM,0,20101214,094312,525,110
MTELEKOM,0,20101214,094312,525,1841
OTP,0,20101214,094314,5280,118
OTP,0,20101214,094315,5280,282
MOL,0,20101214,094319,19570,9
SYNERGON,0,20101214,094321,497,110
BUX1012,0,20101214,094329,21417,1
RICHTER,0,20101214,094420,43020,19
RICHTER,0,20101214,094420,43025,21
RICHTER,0,20101214,094420,43025,10
RICHTER,0,20101214,094423,43015,2
RICHTER,0,20101214,094423,43010,1
MOL,0,20101214,094429,19550,200
PANNERGY,0,20101214,094441,853,350
PANNERGY,0,20101214,094441,853,24
PANNERGY,0,20101214,094441,853,900
KEG,0,20101214,094451,142,500
MTELEKOM,0,20101214,094459,524,1689
MTELEKOM,0,20101214,094459,524,1300
MTELEKOM,0,20101214,094459,524,1000
MTELEKOM,0,20101214,094459,524,1450
RICHTER,0,20101214,094516,43020,10
OTP,0,20101214,094516,5280,162
BUX1112,0,20101214,094519,22035,1
MTELEKOM,0,20101214,094520,524,3000
BUX1112,0,20101214,094524,22035,2
RICHTER,0,20101214,094525,43010,5
MOL,0,20101214,094527,19550,5
MTELEKOM,0,20101214,094528,525,900
MTELEKOM,0,20101214,094528,525,900
KEG,0,20101214,094535,142,600
KEG,0,20101214,094535,143,400
MTELEKOM,0,20101214,094539,524,1101
MTELEKOM,0,20101214,094539,524,40
MTELEKOM,0,20101214,094539,524,200
MTELEKOM,0,20101214,094539,524,200
MTELEKOM,0,20101214,094539,524,120
PANNERGY,0,20101214,094543,852,1000
PANNERGY,0,20101214,094543,850,1000
PANNERGY,0,20101214,094543,850,665
PANNERGY,0,20101214,094543,850,80
PANNERGY,0,20101214,094543,850,55
PANNERGY,0,20101214,094543,850,26
PANNERGY,0,20101214,094543,850,35
BUX1112,0,20101214,094608,22050,2
GENESIS,0,20101214,094617,221,300
GENESIS,0,20101214,094617,221,500
ZWACK,0,20101214,094626,13950,4
OTP,0,20101214,094627,5276,200
MTELEKOM,0,20101214,094629,524,110
MOL,0,20101214,094644,19550,11
MOL,0,20101214,094722,19570,373
MOL,0,20101214,094722,19570,250
MOL,0,20101214,094722,19570,45
MOL,0,20101214,094722,19570,50
ANY,0,20101214,094730,744,162
ANY,0,20101214,094730,744,150
ANY,0,20101214,094730,745,1000
ANY,0,20101214,094730,745,200
ANY,0,20101214,094730,745,868
PANNERGY,0,20101214,094746,845,100
PANNERGY,0,20101214,094746,845,26
PANNERGY,0,20101214,094746,845,25
PANNERGY,0,20101214,094746,845,104
OTP,0,20101214,094753,5279,200
MTELEKOM,0,20101214,094754,524,200
MOL,0,20101214,094839,19575,182
MOL,0,20101214,094839,19575,100
MOL,0,20101214,094839,19575,618
MOL,0,20101214,094839,19575,300
MTELEKOM,0,20101214,094923,524,29
MTELEKOM,0,20101214,094923,524,11
MTELEKOM,0,20101214,094925,524,55
GENESIS,0,20101214,094925,220,1554
GENESIS,0,20101214,094925,220,846
GENESIS,0,20101214,094938,220,1000
MOL,0,20101214,095009,19570,200
MOL,0,20101214,095009,19570,146
MOL,0,20101214,095009,19570,254
MTELEKOM,0,20101214,095024,524,34
MTELEKOM,0,20101214,095024,524,66
RICHTER,0,20101214,095030,43020,16
RICHTER,0,20101214,095030,43020,21
RICHTER,0,20101214,095030,43020,22
RICHTER,0,20101214,095032,43030,10
OTP,0,20101214,095046,5279,30
OTP,0,20101214,095046,5279,154
RFV,0,20101214,095048,8150,70
MOL,0,20101214,095054,19570,46
MOL,0,20101214,095054,19570,54
GENESIS,0,20101214,095100,220,200
RICHTER,0,20101214,095104,43100,150
OTP,0,20101214,095110,5279,67
OTP,0,20101214,095112,5279,133
OTP,0,20101214,095112,5280,134
OTP,0,20101214,095112,5280,163
OTP,0,20101214,095112,5280,214
OTP,0,20101214,095112,5280,488
OTP,0,20101214,095112,5280,330
BUX1012,0,20101214,095114,21430,1
BUX1012,0,20101214,095120,21430,14
BUX1012,0,20101214,095120,21430,7
BUX1112,0,20101214,095120,22035,7
BUX1012,0,20101214,095120,21430,3
BUX1112,0,20101214,095120,22030,3
OTP,0,20101214,095120,5280,1115
OTP,0,20101214,095120,5280,72
RFV,0,20101214,095121,8177,10
RFV,0,20101214,095121,8190,10
RFV,0,20101214,095121,8195,40
RFV,0,20101214,095121,8200,14
RFV,0,20101214,095121,8200,43
OTP,0,20101214,095121,5280,1066
ZWACK,0,20101214,095127,13940,10
ZWACK,0,20101214,095127,13905,5
MOL,0,20101214,095133,19560,10
MOL,0,20101214,095133,19560,59
MOL,0,20101214,095133,19575,194
MOL,0,20101214,095137,19580,200
MOL,0,20101214,095137,19580,100
MOL,0,20101214,095141,19590,400
MOL,0,20101214,095141,19590,100
MOL,0,20101214,095145,19575,250
MTELEKOM,0,20101214,095153,524,1519
MOL,0,20101214,095154,19575,100
MOL,0,20101214,095158,19575,22
MOL,0,20101214,095158,19560,28
BUX1012,0,20101214,095230,21420,7
MOL,0,20101214,095233,19580,1000
MOL,0,20101214,095234,19580,100
MOL,0,20101214,095235,19580,16
MOL,0,20101214,095235,19585,20
MOL,0,20101214,095235,19590,250
MOL,0,20101214,095235,19590,263
MOL,0,20101214,095235,19590,250
MOL,0,20101214,095235,19595,1
BUX1012,0,20101214,095240,21412,2
BUX1012,0,20101214,095240,21411,7
BUX1012,0,20101214,095240,21411,10
BUX1012,0,20101214,095240,21410,30
BUX1012,0,20101214,095240,21410,1
BUX1112,0,20101214,095240,22011,1
BUX1012,0,20101214,095240,21410,1
BUX1112,0,20101214,095240,22011,1
BUX1012,0,20101214,095240,21410,2
BUX1112,0,20101214,095240,22010.5,2
BUX1012,0,20101214,095240,21410,6
BUX1112,0,20101214,095240,22010,6
BUX1012,0,20101214,095240,21410,1
BUX1112,0,20101214,095240,22010,1
BUX1012,0,20101214,095240,21410,2
BUX1112,0,20101214,095240,22010,2
BUX1012,0,20101214,095240,21410,5
BUX1112,0,20101214,095240,22010,5
BUX1012,0,20101214,095240,21410,2
BUX1112,0,20101214,095240,22010,2
RABA,0,20101214,095246,806,100
BUX1012,0,20101214,095251,21410,5
BUX1112,0,20101214,095251,22010,5
BUX1012,0,20101214,095251,21410,1
BUX1112,0,20101214,095251,22010,1
RICHTER,0,20101214,095252,43100,3
MOL,0,20101214,095320,19585,1
BUX1012,0,20101214,095322,21410,6
MOL,0,20101214,095325,19585,2
MOL,0,20101214,095325,19585,298
FHB,0,20101214,095327,997,250
FHB,0,20101214,095327,998,300
FHB,0,20101214,095327,998,48
MOL,0,20101214,095329,19585,200
MOL,0,20101214,095332,19580,272
MOL,0,20101214,095332,19580,300
OTP,0,20101214,095334,5280,79
MOL,0,20101214,095335,19580,728
BUX1012,0,20101214,095336,21409,1
PANNERGY,0,20101214,095337,850,24
PANNERGY,0,20101214,095337,850,76
RFV,0,20101214,095341,8200,8
FOTEX,0,20101214,095341,405,582
RABA,0,20101214,095342,806,100
MOL,0,20101214,095348,19580,250
MOL,0,20101214,095353,19580,250
PANNERGY,0,20101214,095355,850,122
RABA,0,20101214,095403,811,233
BUX1012,0,20101214,095403,21410,1
BUX1112,0,20101214,095403,22010,1
BUX1012,0,20101214,095405,21410,10
BUX1012,0,20101214,095409,21410,1
BUX1112,0,20101214,095409,22010,1
MOL,0,20101214,095409,19585,11
MOL,0,20101214,095409,19585,250
GENESIS,0,20101214,095410,220,254
GENESIS,0,20101214,095410,220,376
BUX1012,0,20101214,095417,21410,1
BUX1112,0,20101214,095417,22010,1
GENESIS,0,20101214,095417,220,452
SYNERGON,0,20101214,095419,496,75
TVK,0,20101214,095421,3450,28
RABA,0,20101214,095432,806,100
MOL,0,20101214,095451,19580,250
MTELEKOM,0,20101214,095451,525,140
GENESIS,0,20101214,095454,220,172
GENESIS,0,20101214,095454,220,20
GENESIS,0,20101214,095454,220,100
BUX1012,0,20101214,095455,21410,1
BUX1112,0,20101214,095455,22010,1
KEG,0,20101214,095504,142,100
BUX1012,0,20101214,095509,21410,1
BUX1112,0,20101214,095509,22010,1
RFV,0,20101214,095513,8200,45
HUMET,0,20101214,095517,9,450
HUMET,0,20101214,095517,9,1020
HUMET,0,20101214,095517,9,1080
HUMET,0,20101214,095517,9,1050
HUMET,0,20101214,095517,9,5000
HUMET,0,20101214,095517,9,1400
OTP,0,20101214,095517,5279,215
BUX1012,0,20101214,095519,21402,2
BUX1012,0,20101214,095519,21402,1
BUX1012,0,20101214,095519,21400,4
BUX1012,0,20101214,095519,21410,50
RFV,0,20101214,095531,8200,50
MTELEKOM,0,20101214,095537,525,134
MTELEKOM,0,20101214,095537,525,866
MTELEKOM,0,20101214,095544,525,634
MTELEKOM,0,20101214,095544,525,366
BUX1012,0,20101214,095544,21400,1
RICHTER,0,20101214,095544,43100,10
FOTEX,0,20101214,095547,405,278
BUX1012,0,20101214,095557,21410,1
FHB,0,20101214,095606,998,452
MOL,0,20101214,095613,19595,20
PANNERGY,0,20101214,095618,852,45
OTP,0,20101214,095627,5276,476
BUX1012,0,20101214,095628,21410,1
OTP,0,20101214,095633,5270,25
PANNERGY,0,20101214,095703,852,55
PHYLAXIA,0,20101214,095719,45,1500
MTELEKOM,0,20101214,095721,524,8007
MTELEKOM,0,20101214,095721,524,1544
MTELEKOM,0,20101214,095721,523,115
MTELEKOM,0,20101214,095721,523,400
MTELEKOM,0,20101214,095721,523,118
MTELEKOM,0,20101214,095721,523,110
MTELEKOM,0,20101214,095721,523,1000
MTELEKOM,0,20101214,095721,523,450
MTELEKOM,0,20101214,095721,523,1900
MTELEKOM,0,20101214,095721,523,110
MTELEKOM,0,20101214,095721,522,300
MTELEKOM,0,20101214,095721,522,1000
MTELEKOM,0,20101214,095721,522,100
MTELEKOM,0,20101214,095721,522,1700
MTELEKOM,0,20101214,095721,522,1000
MTELEKOM,0,20101214,095721,522,1200
MTELEKOM,0,20101214,095721,522,110
MTELEKOM,0,20101214,095721,522,20000
MTELEKOM,0,20101214,095721,521,120
MTELEKOM,0,20101214,095721,521,100
MTELEKOM,0,20101214,095721,521,1910
MTELEKOM,0,20101214,095721,521,60
MTELEKOM,0,20101214,095721,521,408
MTELEKOM,0,20101214,095721,521,2000
MTELEKOM,0,20101214,095721,521,1000
MTELEKOM,0,20101214,095721,521,600
MTELEKOM,0,20101214,095721,521,600
MTELEKOM,0,20101214,095721,521,50
MTELEKOM,0,20101214,095721,521,100
MTELEKOM,0,20101214,095721,521,300
MTELEKOM,0,20101214,095721,521,2000
MTELEKOM,0,20101214,095721,521,500
MTELEKOM,0,20101214,095721,521,140
MTELEKOM,0,20101214,095721,521,200
MTELEKOM,0,20101214,095721,521,500
MTELEKOM,0,20101214,095721,521,5000
MTELEKOM,0,20101214,095721,521,300
MTELEKOM,0,20101214,095721,520,5760
MTELEKOM,0,20101214,095721,520,5770
MTELEKOM,0,20101214,095721,520,5770
MTELEKOM,0,20101214,095721,520,500
MTELEKOM,0,20101214,095721,520,3000
MTELEKOM,0,20101214,095721,520,125
MTELEKOM,0,20101214,095721,520,5000
MTELEKOM,0,20101214,095721,520,1000
MTELEKOM,0,20101214,095721,520,1000
MTELEKOM,0,20101214,095721,520,1700
MTELEKOM,0,20101214,095721,520,2930
MTELEKOM,0,20101214,095721,520,500
MTELEKOM,0,20101214,095721,520,110
MTELEKOM,0,20101214,095721,520,1000
MTELEKOM,0,20101214,095721,520,70
MTELEKOM,0,20101214,095721,520,2000
MTELEKOM,0,20101214,095721,520,200
MTELEKOM,0,20101214,095721,520,1000
MTELEKOM,0,20101214,095721,520,200
MTELEKOM,0,20101214,095721,520,4000
MTELEKOM,0,20101214,095721,520,35
MTELEKOM,0,20101214,095721,520,50
MTELEKOM,0,20101214,095721,520,3000
MTELEKOM,0,20101214,095721,520,136
MTELEKOM,0,20101214,095721,520,400
MTELEKOM,0,20101214,095721,520,10000
MTELEKOM,0,20101214,095721,520,1000
MTELEKOM,0,20101214,095721,520,10000
MTELEKOM,0,20101214,095721,520,1000
MTELEKOM,0,20101214,095721,520,2098
MTELEKOM,0,20101214,095721,520,100
MTELEKOM,0,20101214,095721,520,2000
MTELEKOM,0,20101214,095721,520,1500
MTELEKOM,0,20101214,095721,520,500
MTELEKOM,0,20101214,095721,520,1000
MTELEKOM,0,20101214,095721,519,120
MTELEKOM,0,20101214,095721,519,40
MTELEKOM,0,20101214,095721,519,29
MTELEKOM,0,20101214,095721,519,50
MTELEKOM,0,20101214,095721,519,500
BUX1112,0,20101214,095727,22006,1
BUX1112,0,20101214,095727,22005.5,2
BUX1112,0,20101214,095727,22005,7
BUX1012,0,20101214,095729,21410,3
BUX1112,0,20101214,095729,22010,3
OTP,0,20101214,095730,5276,1
MTELEKOM,0,20101214,095740,520,500
OTP,0,20101214,095748,5270,100
MTELEKOM,0,20101214,095750,519,1421
MTELEKOM,0,20101214,095750,519,1000
MTELEKOM,0,20101214,095750,519,150
MTELEKOM,0,20101214,095750,519,2429
TVK,0,20101214,095754,3380,80
BUX1112,0,20101214,095756,22005,3
RABA,0,20101214,095757,806,220
MTELEKOM,0,20101214,095758,519,571
MTELEKOM,0,20101214,095758,519,1000
MTELEKOM,0,20101214,095758,519,3429
OTP,0,20101214,095800,5270,175
OTP,0,20101214,095800,5270,209
OTP,0,20101214,095800,5270,150
MTELEKOM,0,20101214,095805,520,1923
TVK,0,20101214,095808,3380,25
PANNERGY,0,20101214,095834,853,100
OTP,0,20101214,095835,5268,285
MTELEKOM,0,20101214,095837,520,1000
MTELEKOM,0,20101214,095839,520,560
MTELEKOM,0,20101214,095842,520,7
MTELEKOM,0,20101214,095842,520,10000
MTELEKOM,0,20101214,095851,520,2000
OTP,0,20101214,095854,5269,175
OTP,0,20101214,095854,5269,25
MTELEKOM,0,20101214,095858,520,4504
MTELEKOM,0,20101214,095858,520,496
MTELEKOM,0,20101214,095859,520,200
MTELEKOM,0,20101214,095900,520,1000
MTELEKOM,0,20101214,095901,520,1004
MTELEKOM,0,20101214,095904,523,500
MTELEKOM,0,20101214,095904,520,996
MTELEKOM,0,20101214,095904,520,2000
MTELEKOM,0,20101214,095904,520,1000
MTELEKOM,0,20101214,095912,520,500
MTELEKOM,0,20101214,095917,520,400
GENESIS,0,20101214,095917,218,500
GENESIS,0,20101214,095917,218,590
MTELEKOM,0,20101214,095919,520,250
RICHTER,0,20101214,095921,43100,35
PANNERGY,0,20101214,095923,853,45
OTP,0,20101214,095925,5269,26
OTP,0,20101214,095926,5269,106
OTP,0,20101214,095926,5269,394
OTP,0,20101214,095928,5268,100
MTELEKOM,0,20101214,095933,520,125
BUX1012,0,20101214,095940,21405,1
OTP,0,20101214,095941,5270,5
MTELEKOM,0,20101214,095942,520,4000
MOL,0,20101214,095947,19580,50
MOL,0,20101214,095947,19580,300
OTP,0,20101214,095949,5270,76
BUX1112,0,20101214,100003,21987,1
MOL,0,20101214,100009,19580,10
MOL,0,20101214,100015,19580,90
MOL,0,20101214,100018,19575,100
MOL,0,20101214,100018,19570,300
MOL,0,20101214,100018,19570,212
MTELEKOM,0,20101214,100020,520,200
MTELEKOM,0,20101214,100024,520,200
OTP,0,20101214,100039,5268,50
MOL,0,20101214,100045,19560,3
MOL,0,20101214,100045,19560,200
MOL,0,20101214,100045,19550,49
MOL,0,20101214,100045,19550,248
MTELEKOM,0,20101214,100045,520,329
MTELEKOM,0,20101214,100045,520,171
MOL,0,20101214,100053,19550,17
MOL,0,20101214,100053,19550,283
RABA,0,20101214,100101,805,1
MTELEKOM,0,20101214,100102,520,4829
MTELEKOM,0,20101214,100102,520,3300
MTELEKOM,0,20101214,100102,520,5000
MTELEKOM,0,20101214,100102,520,1486
MOL,0,20101214,100104,19560,300
MTELEKOM,0,20101214,100107,520,385
MTELEKOM,0,20101214,100107,520,1629
MTELEKOM,0,20101214,100110,520,2986
MTELEKOM,0,20101214,100111,520,2014
MTELEKOM,0,20101214,100114,520,2986
MTELEKOM,0,20101214,100115,521,254
MTELEKOM,0,20101214,100120,520,2000
GENESIS,0,20101214,100125,218,300
MOL,0,20101214,100127,19560,31
MOL,0,20101214,100127,19560,86
MTELEKOM,0,20101214,100130,520,250
GENESIS,0,20101214,100138,218,10
GENESIS,0,20101214,100138,218,300
PANNERGY,0,20101214,100158,853,500
MTELEKOM,0,20101214,100202,520,2750
MTELEKOM,0,20101214,100202,520,5000
MTELEKOM,0,20101214,100202,520,250
MTELEKOM,0,20101214,100202,520,1510
RICHTER,0,20101214,100203,43020,13
RICHTER,0,20101214,100213,43010,14
RICHTER,0,20101214,100213,43010,9
GENESIS,0,20101214,100217,219,400
GENESIS,0,20101214,100217,220,208
GENESIS,0,20101214,100217,221,192
PANNERGY,0,20101214,100220,853,100
RABA,0,20101214,100222,805,120
OTP,0,20101214,100224,5268,49
MOL,0,20101214,100228,19530,300
MOL,0,20101214,100233,19530,213
MTELEKOM,0,20101214,100254,519,1571
MTELEKOM,0,20101214,100254,519,1000
MTELEKOM,0,20101214,100254,519,100
MTELEKOM,0,20101214,100254,519,495
RICHTER,0,20101214,100254,43015,18
RICHTER,0,20101214,100254,43015,23
RICHTER,0,20101214,100254,43015,2
RICHTER,0,20101214,100254,43015,7
RICHTER,0,20101214,100255,43010,10
BUX1012,0,20101214,100303,21393,3
BUX1012,0,20101214,100303,21391,3
BUX1012,0,20101214,100303,21390.5,1
BUX1012,0,20101214,100303,21390,2
BUX1012,0,20101214,100303,21390,9
MTELEKOM,0,20101214,100306,520,400
OTP,0,20101214,100323,5268,16
OTP,0,20101214,100323,5268,200
OTP,0,20101214,100323,5267,100
OTP,0,20101214,100323,5265,376
OTP,0,20101214,100323,5265,376
OTP,0,20101214,100323,5264,380
OTP,0,20101214,100323,5264,24
OTP,0,20101214,100323,5263,19
OTP,0,20101214,100323,5262,5
OTP,0,20101214,100323,5262,66
OTP,0,20101214,100323,5262,38
OTP,0,20101214,100323,5262,1
OTP,0,20101214,100326,5270,1200
MOL,0,20101214,100342,19505,15
MTELEKOM,0,20101214,100345,520,950
MOL,0,20101214,100347,19505,28
MOL,0,20101214,100347,19505,150
MOL,0,20101214,100347,19505,439
MOL,0,20101214,100347,19505,200
MOL,0,20101214,100347,19500,32
MOL,0,20101214,100347,19500,100
MOL,0,20101214,100347,19500,100
MOL,0,20101214,100347,19500,200
MOL,0,20101214,100347,19500,20
MOL,0,20101214,100347,19500,5
BUX1012,0,20101214,100355,21399,2
BUX1012,0,20101214,100401,21448,3
MOL,0,20101214,100402,19500,26
MTELEKOM,0,20101214,100403,520,220
RICHTER,0,20101214,100428,43015,10
OTP,0,20101214,100429,5268,5
OTP,0,20101214,100429,5268,181
MTELEKOM,0,20101214,100432,520,500
MTELEKOM,0,20101214,100437,519,5
MTELEKOM,0,20101214,100437,518,171
MTELEKOM,0,20101214,100437,518,35
MTELEKOM,0,20101214,100437,518,50
MTELEKOM,0,20101214,100437,518,1000
MTELEKOM,0,20101214,100437,518,408
MTELEKOM,0,20101214,100437,518,150
MTELEKOM,0,20101214,100437,518,3033
MTELEKOM,0,20101214,100437,518,13500
MTELEKOM,0,20101214,100437,517,120
MTELEKOM,0,20101214,100437,517,120
MTELEKOM,0,20101214,100437,517,3000
MTELEKOM,0,20101214,100437,517,3000
MTELEKOM,0,20101214,100437,517,100
MTELEKOM,0,20101214,100437,517,500
MTELEKOM,0,20101214,100437,517,10000
MTELEKOM,0,20101214,100437,517,200
MTELEKOM,0,20101214,100437,516,635
MTELEKOM,0,20101214,100437,516,300
MTELEKOM,0,20101214,100437,516,195
MTELEKOM,0,20101214,100437,516,2000
MTELEKOM,0,20101214,100437,516,20000
MTELEKOM,0,20101214,100437,516,200
MTELEKOM,0,20101214,100437,516,4500
MTELEKOM,0,20101214,100437,516,100
MTELEKOM,0,20101214,100437,515,120
MTELEKOM,0,20101214,100437,515,30000
MTELEKOM,0,20101214,100437,515,9
MTELEKOM,0,20101214,100437,515,200
MTELEKOM,0,20101214,100437,515,200
MTELEKOM,0,20101214,100437,515,200
MTELEKOM,0,20101214,100437,515,100
MTELEKOM,0,20101214,100437,515,50
MTELEKOM,0,20101214,100437,515,400
MTELEKOM,0,20101214,100437,515,5399
MTELEKOM,0,20101214,100437,515,100
MTELEKOM,0,20101214,100437,515,301
MTELEKOM,0,20101214,100437,515,100
MTELEKOM,0,20101214,100437,515,50
MTELEKOM,0,20101214,100437,515,136
MTELEKOM,0,20101214,100437,515,140
MTELEKOM,0,20101214,100437,515,140
MTELEKOM,0,20101214,100438,515,133
MTELEKOM,0,20101214,100438,517,751
MOL,0,20101214,100445,19500,100
RICHTER,0,20101214,100451,43015,1
RICHTER,0,20101214,100451,43015,14
OTP,0,20101214,100453,5270,157
OTP,0,20101214,100453,5270,343
MTELEKOM,0,20101214,100454,515,200
MTELEKOM,0,20101214,100454,514,380
MTELEKOM,0,20101214,100454,514,100
MTELEKOM,0,20101214,100454,514,114
MTELEKOM,0,20101214,100500,515,8000
MTELEKOM,0,20101214,100508,517,159
MTELEKOM,0,20101214,100508,518,21
MOL,0,20101214,100508,19500,47
ZWACK,0,20101214,100516,13905,10
ZWACK,0,20101214,100516,13905,2
MTELEKOM,0,20101214,100523,515,3000
OTP,0,20101214,100527,5270,4
OTP,0,20101214,100527,5270,56
OTP,0,20101214,100532,5270,20
MTELEKOM,0,20101214,100535,516,4000
MTELEKOM,0,20101214,100538,517,1000
OTP,0,20101214,100544,5270,50
OTP,0,20101214,100549,5269,100
SYNERGON,0,20101214,100556,496,25
SYNERGON,0,20101214,100556,495,308
MOL,0,20101214,100601,19515,638
MOL,0,20101214,100601,19530,12
RFV,0,20101214,100614,8200,30
MOL,0,20101214,100644,19500,10
MTELEKOM,0,20101214,100649,516,291
OTP,0,20101214,100654,5270,196
OTP,0,20101214,100655,5270,129
OTP,0,20101214,100655,5270,159
OTP,0,20101214,100655,5270,185
MTELEKOM,0,20101214,100714,517,150
FOTEX,0,20101214,100720,405,500
MOL,0,20101214,100729,19505,2
MOL,0,20101214,100729,19505,368
FHB,0,20101214,100731,995,250
MTELEKOM,0,20101214,100733,517,1850
MTELEKOM,0,20101214,100734,517,150
MTELEKOM,0,20101214,100738,517,56
MTELEKOM,0,20101214,100738,518,944
MTELEKOM,0,20101214,100756,518,1000
RFV,0,20101214,100803,8200,13
MOL,0,20101214,100813,19530,35
MTELEKOM,0,20101214,100817,518,35
MTELEKOM,0,20101214,100817,518,4965
GENESIS,0,20101214,100825,221,8
GENESIS,0,20101214,100825,221,100
MOL,0,20101214,100825,19550,1
BUX1112,0,20101214,100844,21999,2
BUX1112,0,20101214,100844,22000,2
BUX1112,0,20101214,100844,22000,6
BUX1112,0,20101214,100917,22000,6
BUX1112,0,20101214,100917,22000,9
MOL,0,20101214,100931,19550,99
MOL,0,20101214,100931,19550,169
MTELEKOM,0,20101214,100932,518,1035
MTELEKOM,0,20101214,100932,518,2000
MTELEKOM,0,20101214,100932,518,965
RFV,0,20101214,100937,8200,37
MTELEKOM,0,20101214,100938,518,100
MOL,0,20101214,100939,19550,100
MOL,0,20101214,100939,19550,50
MOL,0,20101214,100939,19550,43
MOL,0,20101214,100939,19550,79
MOL,0,20101214,100941,19550,28
MOL,0,20101214,100953,19550,200
MTELEKOM,0,20101214,100954,518,1935
MTELEKOM,0,20101214,100954,518,2000
MTELEKOM,0,20101214,100954,518,200
RABA,0,20101214,100954,805,200
MOL,0,20101214,101012,19550,41
MOL,0,20101214,101012,19550,55
MOL,0,20101214,101012,19550,58
MOL,0,20101214,101012,19550,46
OTP,0,20101214,101017,5277,188
OTP,0,20101214,101017,5277,414
OTP,0,20101214,101017,5277,168
OTP,0,20101214,101017,5277,95
MOL,0,20101214,101020,19550,100
ECONET,0,20101214,101029,93,553
ECONET,0,20101214,101029,93,50
ECONET,0,20101214,101029,93,8397
EGIS,0,20101214,101031,20205,4
EGIS,0,20101214,101031,20205,5
MOL,0,20101214,101034,19550,10
BUX1112,0,20101214,101109,21987,1
BUX1112,0,20101214,101109,21987,1
MTELEKOM,0,20101214,101135,518,11726
EGIS,0,20101214,101139,20205,2
BUX1012,0,20101214,101147,21391,1
FHB,0,20101214,101151,995,250
MTELEKOM,0,20101214,101158,518,8000
OTP,0,20101214,101202,5275,10
MOL,0,20101214,101207,19520,50
MOL,0,20101214,101207,19520,140
RABA,0,20101214,101219,805,200
MOL,0,20101214,101243,19550,44
MOL,0,20101214,101243,19550,269
MOL,0,20101214,101243,19550,112
MOL,0,20101214,101243,19550,75
MOL,0,20101214,101249,19550,25
MOL,0,20101214,101249,19550,60
MOL,0,20101214,101249,19550,193
MOL,0,20101214,101252,19550,250
KEG,0,20101214,101304,142,370
MTELEKOM,0,20101214,101308,517,120
MTELEKOM,0,20101214,101308,517,1724
OTP,0,20101214,101315,5274,30
MTELEKOM,0,20101214,101317,517,420
MTELEKOM,0,20101214,101333,517,3736
MTELEKOM,0,20101214,101333,517,1392
MTELEKOM,0,20101214,101333,518,872
RFV,0,20101214,101342,8200,4
RICHTER,0,20101214,101344,43075,23
RICHTER,0,20101214,101344,43075,9
PHYLAXIA,0,20101214,101353,44,300
OTP,0,20101214,101359,5274,75
OTP,0,20101214,101430,5277,20
OTP,0,20101214,101430,5277,172
OTP,0,20101214,101430,5277,178
OTP,0,20101214,101430,5278,30
OTP,0,20101214,101430,5278,457
OTP,0,20101214,101430,5280,8
OTP,0,20101214,101432,5280,22
OTP,0,20101214,101432,5280,449
OTP,0,20101214,101434,5280,51
OTP,0,20101214,101434,5280,154
MTELEKOM,0,20101214,101443,517,500
MTELEKOM,0,20101214,101505,517,5500
OTP,0,20101214,101507,5280,8
MTELEKOM,0,20101214,101510,517,4500
MTELEKOM,0,20101214,101519,517,800
BUX1112,0,20101214,101539,22000,11
BUX1112,0,20101214,101539,22000,5
BUX1012,0,20101214,101540,21409,1
BUX1012,0,20101214,101540,21410,1
OTP,0,20101214,101544,5283,214
OTP,0,20101214,101550,5283,186
OTP,0,20101214,101550,5283,6
MTELEKOM,0,20101214,101553,517,520
BUX1012,0,20101214,101603,21451,200
BUX1112,0,20101214,101603,22001,200
RICHTER,0,20101214,101604,43030,22
MTELEKOM,0,20101214,101609,517,180
OTP,0,20101214,101611,5283,480
MOL,0,20101214,101623,19550,20
MTELEKOM,0,20101214,101624,518,55
MTELEKOM,0,20101214,101627,517,20
MTELEKOM,0,20101214,101627,517,1617
MTELEKOM,0,20101214,101632,517,2000
MOL,0,20101214,101636,19550,340
MOL,0,20101214,101636,19550,200
MOL,0,20101214,101636,19550,279
MOL,0,20101214,101638,19550,13
OTP,0,20101214,101638,5283,20
OTP,0,20101214,101638,5282,70
OTP,0,20101214,101638,5282,175
OTP,0,20101214,101638,5280,249
OTP,0,20101214,101639,5280,165
MOL,0,20101214,101644,19540,9
MTELEKOM,0,20101214,101654,517,136
MTELEKOM,0,20101214,101708,516,1559
MTELEKOM,0,20101214,101708,516,500
MTELEKOM,0,20101214,101708,516,190
MTELEKOM,0,20101214,101708,516,1000
MTELEKOM,0,20101214,101708,516,5478
MTELEKOM,0,20101214,101721,516,300
MTELEKOM,0,20101214,101731,516,4222
MTELEKOM,0,20101214,101731,516,150
MTELEKOM,0,20101214,101731,516,500
MTELEKOM,0,20101214,101731,516,660
RICHTER,0,20101214,101735,43030,12
MOL,0,20101214,101809,19550,145
MOL,0,20101214,101809,19550,55
MTELEKOM,0,20101214,101815,515,1000
MTELEKOM,0,20101214,101817,515,660
GENESIS,0,20101214,101823,220,100
RICHTER,0,20101214,101831,43025,6
MTELEKOM,0,20101214,101837,515,1340
MTELEKOM,0,20101214,101837,515,1000
MTELEKOM,0,20101214,101837,515,130
MTELEKOM,0,20101214,101837,515,100
MTELEKOM,0,20101214,101837,515,1500
MTELEKOM,0,20101214,101837,515,1000
MTELEKOM,0,20101214,101837,515,10
MTELEKOM,0,20101214,101837,515,200
MTELEKOM,0,20101214,101837,515,9720
MTELEKOM,0,20101214,101848,515,400
PHYLAXIA,0,20101214,101855,44,3000
BUX1012,0,20101214,101857,21399,1
MTELEKOM,0,20101214,101918,516,500
MTELEKOM,0,20101214,101920,515,4700
RICHTER,0,20101214,101921,43025,27
MTELEKOM,0,20101214,101933,516,193
HUMET,0,20101214,101944,9,1000
BUX1012,0,20101214,101946,21400,2
BUX1112,0,20101214,101946,21965,2
BUX1012,0,20101214,101953,21390,1
BUX1012,0,20101214,101953,21390,10
GENESIS,0,20101214,102009,217,5000
MTELEKOM,0,20101214,102027,516,100
BUX1012,0,20101214,102034,21399,4
MTELEKOM,0,20101214,102042,516,190
MTELEKOM,0,20101214,102051,516,120
MOL,0,20101214,102057,19540,191
RICHTER,0,20101214,102101,43030,3
RICHTER,0,20101214,102101,43030,18
RICHTER,0,20101214,102101,43030,23
RICHTER,0,20101214,102101,43030,14
MTELEKOM,0,20101214,102104,516,500
MTELEKOM,0,20101214,102111,515,50
RICHTER,0,20101214,102118,43100,5
RICHTER,0,20101214,102118,43200,15
RICHTER,0,20101214,102118,43280,10
RICHTER,0,20101214,102118,43285,7
RICHTER,0,20101214,102118,43285,30
RICHTER,0,20101214,102118,43290,50
RICHTER,0,20101214,102118,43295,20
RICHTER,0,20101214,102118,43300,4
RICHTER,0,20101214,102118,43300,5
RICHTER,0,20101214,102118,43300,89
RICHTER,0,20101214,102118,43445,15
MOL,0,20101214,102129,19525,400
MTELEKOM,0,20101214,102130,516,397
MTELEKOM,0,20101214,102130,516,2829
MTELEKOM,0,20101214,102130,516,5000
MTELEKOM,0,20101214,102130,516,250
MTELEKOM,0,20101214,102130,516,350
MTELEKOM,0,20101214,102130,516,800
MTELEKOM,0,20101214,102130,517,22374
OTP,0,20101214,102132,5271,15
RICHTER,0,20101214,102152,43200,5
MOL,0,20101214,102223,19510,100
MOL,0,20101214,102223,19510,400
MTELEKOM,0,20101214,102238,517,195
RICHTER,0,20101214,102243,43300,36
OTP,0,20101214,102251,5277,171
OTP,0,20101214,102251,5275,166
OTP,0,20101214,102251,5271,33
OTP,0,20101214,102251,5270,30
OTP,0,20101214,102251,5270,14
OTP,0,20101214,102251,5270,3
BUX1012,0,20101214,102252,21399,5
MOL,0,20101214,102308,19510,100
MOL,0,20101214,102312,19525,40
MOL,0,20101214,102312,19525,14
OTP,0,20101214,102313,5270,141
OTP,0,20101214,102313,5270,459
OTP,0,20101214,102317,5270,41
BUX1012,0,20101214,102317,21400,5
MOL,0,20101214,102323,19500,67
MOL,0,20101214,102323,19500,250
MOL,0,20101214,102323,19500,500
OTP,0,20101214,102334,5268,40
MTELEKOM,0,20101214,102342,516,200
MTELEKOM,0,20101214,102343,516,100
MTELEKOM,0,20101214,102346,517,300
RICHTER,0,20101214,102352,43050,100
OTP,0,20101214,102353,5268,19
MOL,0,20101214,102353,19495,1
MOL,0,20101214,102353,19465,4
MOL,0,20101214,102353,19465,500
MOL,0,20101214,102353,19455,20
MOL,0,20101214,102353,19450,20
MOL,0,20101214,102353,19450,9
MOL,0,20101214,102353,19450,22
MOL,0,20101214,102355,19500,500
MOL,0,20101214,102355,19500,100
OTP,0,20101214,102356,5269,163
OTP,0,20101214,102356,5269,27
MOL,0,20101214,102402,19500,104
MOL,0,20101214,102402,19500,96
MOL,0,20101214,102406,19500,404
MTELEKOM,0,20101214,102410,516,100
MOL,0,20101214,102411,19500,96
BUX1012,0,20101214,102412,21390,10
MOL,0,20101214,102417,19500,404
MTELEKOM,0,20101214,102419,517,700
MTELEKOM,0,20101214,102419,516,700
MOL,0,20101214,102423,19500,500
MOL,0,20101214,102431,19500,308
MOL,0,20101214,102431,19500,192
MOL,0,20101214,102431,19500,300
MTELEKOM,0,20101214,102434,516,4100
MTELEKOM,0,20101214,102434,516,1812
MTELEKOM,0,20101214,102434,516,50
MTELEKOM,0,20101214,102434,516,3850
MTELEKOM,0,20101214,102434,515,188
MTELEKOM,0,20101214,102437,517,50
OTP,0,20101214,102453,5268,241
MOL,0,20101214,102454,19500,8
MOL,0,20101214,102454,19500,492
BUX1112,0,20101214,102455,21975,1
BUX1112,0,20101214,102455,21966,1
BUX1112,0,20101214,102455,21962,1
BUX1112,0,20101214,102455,21962,2
MOL,0,20101214,102459,19500,8
MOL,0,20101214,102459,19500,460
MOL,0,20101214,102459,19500,532
MOL,0,20101214,102501,19495,50
MOL,0,20101214,102501,19500,230
MOL,0,20101214,102501,19500,189
MOL,0,20101214,102506,19500,200
MOL,0,20101214,102506,19500,96
BUX1012,0,20101214,102512,21388,4
BUX1012,0,20101214,102512,21386,1
MTELEKOM,0,20101214,102547,516,2400
FHB,0,20101214,102557,990,100
BUX1112,0,20101214,102627,21960,5
BUX1012,0,20101214,102636,21386,4
BUX1012,0,20101214,102636,21384,10
BUX1012,0,20101214,102636,21378,1
BUX1012,0,20101214,102636,21377.5,2
BUX1012,0,20101214,102636,21377,3
BUX1012,0,20101214,102636,21377,3
BUX1012,0,20101214,102636,21377,1
BUX1012,0,20101214,102636,21377,2
BUX1012,0,20101214,102641,21389,1
BUX1112,0,20101214,102641,21957,1
BUX1012,0,20101214,102651,21389,1
BUX1112,0,20101214,102651,21957,1
MTELEKOM,0,20101214,102654,517,1000
MTELEKOM,0,20101214,102706,517,90
BUX1012,0,20101214,102730,21380,7
BUX1012,0,20101214,102730,21380,1
BUX1012,0,20101214,102751,21380,2
OTP,0,20101214,102808,5266,100
MTELEKOM,0,20101214,102815,517,1000
MTELEKOM,0,20101214,102821,517,518
MTELEKOM,0,20101214,102821,517,482
OTP,0,20101214,102821,5266,20
OTP,0,20101214,102821,5266,158
MOL,0,20101214,102830,19495,1
OTP,0,20101214,102849,5266,1
PANNERGY,0,20101214,102926,853,81
PANNERGY,0,20101214,102926,853,119
OTP,0,20101214,102931,5265,120
OTP,0,20101214,102937,5266,160
OTP,0,20101214,102937,5266,1
OTP,0,20101214,102939,5265,80
OTP,0,20101214,102939,5265,120
BUX1012,0,20101214,102944,21377,20
BUX1012,0,20101214,102944,21371,3
BUX1012,0,20101214,102944,21370,2
BUX1012,0,20101214,102944,21370,1
BUX1112,0,20101214,102953,21957,3
BUX1112,0,20101214,102953,21952,5
BUX1112,0,20101214,102953,21951,2
BUX1112,0,20101214,102953,21950.5,2
BUX1112,0,20101214,102953,21950.5,1
BUX1112,0,20101214,102953,21950,1
BUX1112,0,20101214,102953,21950,50
OTP,0,20101214,103003,5266,150
MTELEKOM,0,20101214,103012,517,150
KEG,0,20101214,103015,142,10
KEG,0,20101214,103015,142,430
MOL,0,20101214,103031,19495,149
MOL,0,20101214,103031,19495,376
MTELEKOM,0,20101214,103038,517,470
OTP,0,20101214,103046,5266,20
ZWACK,0,20101214,103048,13905,1
RICHTER,0,20101214,103054,43100,7
MTELEKOM,0,20101214,103057,517,193
RABA,0,20101214,103059,803,37
MOL,0,20101214,103110,19490,30
MOL,0,20101214,103110,19500,15
MOL,0,20101214,103110,19500,5
MOL,0,20101214,103110,19500,37
OTP,0,20101214,103127,5266,180
MTELEKOM,0,20101214,103129,517,192
MTELEKOM,0,20101214,103147,517,3513
MTELEKOM,0,20101214,103147,517,1301
MTELEKOM,0,20101214,103147,517,1000
MTELEKOM,0,20101214,103147,517,350
MTELEKOM,0,20101214,103147,517,200
MTELEKOM,0,20101214,103147,518,3636
MTELEKOM,0,20101214,103149,516,5000
MTELEKOM,0,20101214,103149,516,1000
MTELEKOM,0,20101214,103149,516,150
MTELEKOM,0,20101214,103149,516,3850
OTP,0,20101214,103158,5266,100
OTP,0,20101214,103210,5265,20
OTP,0,20101214,103222,5265,15
OTP,0,20101214,103222,5264,200
OTP,0,20101214,103222,5264,50
OTP,0,20101214,103222,5264,7
OTP,0,20101214,103222,5264,400
OTP,0,20101214,103222,5264,126
OTP,0,20101214,103222,5263,2202
OTP,0,20101214,103222,5263,1
RICHTER,0,20101214,103225,43050,17
OTP,0,20101214,103229,5263,1797
OTP,0,20101214,103229,5263,703
MTELEKOM,0,20101214,103231,517,1000
OTP,0,20101214,103235,5263,297
OTP,0,20101214,103235,5263,3
MTELEKOM,0,20101214,103236,517,4000
BUX1012,0,20101214,103241,21370,1
OTP,0,20101214,103247,5263,97
OTP,0,20101214,103247,5261,100
OTP,0,20101214,103247,5261,9
OTP,0,20101214,103247,5260,294
OTP,0,20101214,103247,5260,124
OTP,0,20101214,103247,5260,182
OTP,0,20101214,103247,5260,18
RICHTER,0,20101214,103250,43050,13
OTP,0,20101214,103250,5260,500
MTELEKOM,0,20101214,103250,518,200
OTP,0,20101214,103256,5260,82
OTP,0,20101214,103256,5260,7
OTP,0,20101214,103256,5260,200
OTP,0,20101214,103256,5260,11
OTP,0,20101214,103302,5260,78
OTP,0,20101214,103302,5260,122
OTP,0,20101214,103306,5260,28
OTP,0,20101214,103306,5256,80
OTP,0,20101214,103306,5255,212
OTP,0,20101214,103306,5255,30
RICHTER,0,20101214,103321,43055,18
RICHTER,0,20101214,103321,43055,20
RICHTER,0,20101214,103321,43055,4
OTP,0,20101214,103329,5260,168
MTELEKOM,0,20101214,103336,517,1000
MTELEKOM,0,20101214,103336,517,1706
MTELEKOM,0,20101214,103336,516,150
MTELEKOM,0,20101214,103336,516,5000
MTELEKOM,0,20101214,103336,515,2619
OTP,0,20101214,103336,5260,100
BUX1112,0,20101214,103337,21950,1
OTP,0,20101214,103339,5261,500
KEG,0,20101214,103344,142,4659
KEG,0,20101214,103344,142,90341
RICHTER,0,20101214,103346,43055,13
MOL,0,20101214,103402,19475,37
MOL,0,20101214,103402,19500,475
OTP,0,20101214,103417,5261,29
FHB,0,20101214,103419,990,160
OTP,0,20101214,103422,5261,33
OTP,0,20101214,103422,5261,117
OTP,0,20101214,103430,5261,200
GENESIS,0,20101214,103431,216,500
OTP,0,20101214,103431,5261,199
MTELEKOM,0,20101214,103439,518,300
BUX1012,0,20101214,103446,21370,8
OTP,0,20101214,103449,5261,33
OTP,0,20101214,103449,5261,67
BUX1012,0,20101214,103457,21370,2
OTP,0,20101214,103518,5261,100
MTELEKOM,0,20101214,103528,518,150
OTP,0,20101214,103545,5261,91
OTP,0,20101214,103545,5260,409
ANY,0,20101214,103552,742,9
ANY,0,20101214,103552,741,10
ANY,0,20101214,103552,740,20
ANY,0,20101214,103552,738,11
KEG,0,20101214,103605,142,4491
FHB,0,20101214,103606,990,240
PHYLAXIA,0,20101214,103620,45,100
MOL,0,20101214,103627,19500,10
OTP,0,20101214,103629,5260,91
OTP,0,20101214,103629,5260,224
OTP,0,20101214,103629,5260,75
GENESIS,0,20101214,103634,216,245
OTP,0,20101214,103635,5260,425
OTP,0,20101214,103635,5260,146
OTP,0,20101214,103653,5260,29
OTP,0,20101214,103653,5260,159
OTP,0,20101214,103654,5261,253
MTELEKOM,0,20101214,103655,518,100
OTP,0,20101214,103655,5261,100
EGIS,0,20101214,103708,20205,10
MTELEKOM,0,20101214,103710,518,2300
MTELEKOM,0,20101214,103720,518,500
BUX1012,0,20101214,103726,21370,1
GENESIS,0,20101214,103727,216,55
GENESIS,0,20101214,103727,215,400
GENESIS,0,20101214,103727,214,400
OTP,0,20101214,103753,5260,100
OTP,0,20101214,103805,5260,900
OTP,0,20101214,103805,5260,100
OTP,0,20101214,103814,5260,132
MOL,0,20101214,103815,19495,150
MOL,0,20101214,103815,19500,15
MOL,0,20101214,103815,19500,12
MOL,0,20101214,103815,19500,500
RABA,0,20101214,103835,803,100
OTP,0,20101214,103847,5260,320
MTELEKOM,0,20101214,103851,518,450
OTP,0,20101214,103853,5260,48
OTP,0,20101214,103853,5260,188
OTP,0,20101214,103853,5260,140
OTP,0,20101214,103905,5261,52
MTELEKOM,0,20101214,103906,518,1089
MTELEKOM,0,20101214,103906,518,911
OTP,0,20101214,103909,5261,100
MOL,0,20101214,103913,19500,500
MOL,0,20101214,103913,19500,297
OTP,0,20101214,103917,5261,340
OTP,0,20101214,103940,5264,30
OTP,0,20101214,103943,5264,100
OTP,0,20101214,103953,5261,160
OTP,0,20101214,103953,5261,40
MTELEKOM,0,20101214,103956,517,150
MTELEKOM,0,20101214,103956,517,850
OTP,0,20101214,103957,5261,110
RICHTER,0,20101214,104004,43060,5
MTELEKOM,0,20101214,104007,518,1200
OTP,0,20101214,104015,5264,370
OTP,0,20101214,104015,5264,482
EGIS,0,20101214,104045,20205,38
EGIS,0,20101214,104045,20205,10
EGIS,0,20101214,104045,20200,36
OTP,0,20101214,104050,5263,142
MTELEKOM,0,20101214,104053,518,1389
MTELEKOM,0,20101214,104053,518,3611
BUX1012,0,20101214,104056,21387,1
BUX1012,0,20101214,104056,21389,2
OTP,0,20101214,104058,5262,11
OTP,0,20101214,104058,5262,141
OTP,0,20101214,104058,5260,100
OTP,0,20101214,104058,5260,54
RICHTER,0,20101214,104058,43055,9
RICHTER,0,20101214,104058,43055,24
RICHTER,0,20101214,104058,43055,20
RICHTER,0,20101214,104058,43065,18
MTELEKOM,0,20101214,104058,518,389
MTELEKOM,0,20101214,104058,518,1220
EGIS,0,20101214,104059,20250,33
OTP,0,20101214,104100,5261,10
MOL,0,20101214,104100,19500,400
MOL,0,20101214,104109,19500,100
MOL,0,20101214,104109,19500,100
BUX1112,0,20101214,104112,21950,2
OTP,0,20101214,104124,5265,200
BUX1112,0,20101214,104149,21950,1
MOL,0,20101214,104245,19500,10000
MTELEKOM,0,20101214,104254,519,500
MTELEKOM,0,20101214,104254,519,1500
MTELEKOM,0,20101214,104254,519,2500
MTELEKOM,0,20101214,104254,519,6000
MOL,0,20101214,104301,19500,25
MOL,0,20101214,104301,19500,3
MOL,0,20101214,104301,19500,1
MOL,0,20101214,104301,19500,500
MTELEKOM,0,20101214,104305,519,150
ZWACK,0,20101214,104308,13905,7
OTP,0,20101214,104327,5269,100
OTP,0,20101214,104327,5269,400
MOL,0,20101214,104331,19500,6
MOL,0,20101214,104332,19500,194
MOL,0,20101214,104333,19500,1
OTP,0,20101214,104345,5265,60
MTELEKOM,0,20101214,104345,519,200
OTP,0,20101214,104346,5265,10
KEG,0,20101214,104354,142,168
MTELEKOM,0,20101214,104357,519,3650
MTELEKOM,0,20101214,104357,519,100
MTELEKOM,0,20101214,104357,519,3650
OTP,0,20101214,104357,5267,335
MTELEKOM,0,20101214,104403,519,1000
MTELEKOM,0,20101214,104404,518,2000
OTP,0,20101214,104412,5265,60
OTP,0,20101214,104422,5265,5
OTP,0,20101214,104422,5265,8
OTP,0,20101214,104426,5269,26
OTP,0,20101214,104428,5269,45
SYNERGON,0,20101214,104438,495,88
SYNERGON,0,20101214,104438,495,199
SYNERGON,0,20101214,104438,495,100
SYNERGON,0,20101214,104438,495,200
PANNERGY,0,20101214,104504,850,150
HUMET,0,20101214,104505,9,1800
OTP,0,20101214,104519,5269,99
OTP,0,20101214,104519,5269,455
EMASZ,0,20101214,104528,20900,3
RABA,0,20101214,104528,803,20
OTP,0,20101214,104539,5265,30
BUX1012,0,20101214,104603,21388,1
MOL,0,20101214,104607,19480,35
MOL,0,20101214,104607,19480,82
MOL,0,20101214,104607,19480,39
BUX1112,0,20101214,104612,21940,1
OTP,0,20101214,104616,5271,50
BUX1112,0,20101214,104638,21940,1
BUX1112,0,20101214,104638,21940,1
MOL,0,20101214,104639,19500,500
OTP,0,20101214,104645,5271,50
MTELEKOM,0,20101214,104653,519,350
MTELEKOM,0,20101214,104653,519,5000
MTELEKOM,0,20101214,104653,519,2490
BUX1012,0,20101214,104657,21388,3
MTELEKOM,0,20101214,104704,519,2160
MTELEKOM,0,20101214,104704,519,2840
MOL,0,20101214,104708,19540,220
MTELEKOM,0,20101214,104709,519,10160
MTELEKOM,0,20101214,104709,519,2490
OTP,0,20101214,104718,5277,25
OTP,0,20101214,104718,5277,100
OTP,0,20101214,104718,5277,375
RICHTER,0,20101214,104720,43110,8
BUX1012,0,20101214,104722,21373,1
BUX1012,0,20101214,104722,21373,1
RICHTER,0,20101214,104739,43105,17
RICHTER,0,20101214,104743,43105,3
RICHTER,0,20101214,104743,43110,5
MTELEKOM,0,20101214,104757,519,150
OTP,0,20101214,104809,5277,10
BUX1012,0,20101214,104810,21373,1
BUX1112,0,20101214,104810,21950,1
BUX1012,0,20101214,104810,21373,1
BUX1112,0,20101214,104810,21950,1
BUX1012,0,20101214,104810,21373,1
BUX1112,0,20101214,104810,21950,1
BUX1012,0,20101214,104810,21451,1
BUX1112,0,20101214,104810,22029,1
BUX1012,0,20101214,104810,21372,5
BUX1112,0,20101214,104810,21950,5
BUX1012,0,20101214,104810,21451,10
BUX1112,0,20101214,104810,22031,10
OTP,0,20101214,104817,5277,128
OTP,0,20101214,104817,5277,485
OTP,0,20101214,104817,5280,56
OTP,0,20101214,104817,5280,31
MTELEKOM,0,20101214,104817,519,2850
MTELEKOM,0,20101214,104817,519,1594
RICHTER,0,20101214,104820,43190,21
EGIS,0,20101214,104834,20200,5
MTELEKOM,0,20101214,104842,519,1000
MTELEKOM,0,20101214,104842,518,110
RABA,0,20101214,104852,803,43
RABA,0,20101214,104852,805,63
OTP,0,20101214,104856,5278,133
OTP,0,20101214,104856,5276,69
OTP,0,20101214,104856,5276,36
MTELEKOM,0,20101214,104857,519,1000
BUX1112,0,20101214,104901,21950,3
FOTEX,0,20101214,104905,404,1000
BUX1112,0,20101214,104911,21950,1
MTELEKOM,0,20101214,104931,519,250
OTP,0,20101214,104942,5270,62
OTP,0,20101214,104942,5270,238
OTP,0,20101214,104943,5266,2
MOL,0,20101214,105020,19500,500
BUX1012,0,20101214,105023,21389,1
BUX1012,0,20101214,105023,21389,5
MOL,0,20101214,105027,19500,500
MOL,0,20101214,105027,19500,196
MOL,0,20101214,105039,19500,500
MOL,0,20101214,105047,19500,500
MOL,0,20101214,105047,19500,196
MTELEKOM,0,20101214,105048,519,481
MOL,0,20101214,105048,19500,895
OTP,0,20101214,105050,5266,9
BUX1112,0,20101214,105052,21931,32
OTP,0,20101214,105110,5266,30
RICHTER,0,20101214,105119,43190,5
MOL,0,20101214,105132,19500,409
MOL,0,20101214,105132,19500,500
MTELEKOM,0,20101214,105139,518,1396
MTELEKOM,0,20101214,105139,518,200
MTELEKOM,0,20101214,105139,518,1000
MTELEKOM,0,20101214,105139,518,174
MOL,0,20101214,105149,19450,5
MOL,0,20101214,105149,19450,12
MTELEKOM,0,20101214,105152,519,1160
MTELEKOM,0,20101214,105154,518,326
MTELEKOM,0,20101214,105154,518,72
MOL,0,20101214,105155,19500,91
MOL,0,20101214,105155,19500,209
OTP,0,20101214,105155,5266,269
OTP,0,20101214,105155,5266,337
OTP,0,20101214,105155,5266,130
OTP,0,20101214,105155,5265,262
OTP,0,20101214,105155,5265,430
OTP,0,20101214,105155,5265,1000
OTP,0,20101214,105155,5265,156
BUX1012,0,20101214,105215,21366,2
BUX1112,0,20101214,105215,21930,2
BUX1012,0,20101214,105215,21366,1
BUX1112,0,20101214,105215,21930,1
BUX1012,0,20101214,105215,21366,2
BUX1112,0,20101214,105215,21930,2
MOL,0,20101214,105217,19500,455
MOL,0,20101214,105217,19500,5
MTELEKOM,0,20101214,105219,519,1665
MTELEKOM,0,20101214,105219,519,1147
MTELEKOM,0,20101214,105219,519,10000
MTELEKOM,0,20101214,105224,519,21188
MTELEKOM,0,20101214,105238,519,800
BUX1112,0,20101214,105313,21949,1
ZWACK,0,20101214,105313,13900,7
FHB,0,20101214,105320,990,248
PANNERGY,0,20101214,105341,853,51
HUMET,0,20101214,105350,8,1
OTP,0,20101214,105415,5268,176
OTP,0,20101214,105415,5269,1324
MTELEKOM,0,20101214,105422,519,500
MTELEKOM,0,20101214,105431,518,500
BUX1012,0,20101214,105432,21451,100
BUX1112,0,20101214,105432,22031,100
MTELEKOM,0,20101214,105433,518,178
KEG,0,20101214,105441,143,2200
MOL,0,20101214,105452,19505,5
MOL,0,20101214,105452,19505,50
MTELEKOM,0,20101214,105452,519,2000
EGIS,0,20101214,105506,20250,67
BUX1012,0,20101214,105506,21389,2
BUX1012,0,20101214,105506,21389,1
MTELEKOM,0,20101214,105534,519,197
FREESOFT,0,20101214,105559,2000,3
ZWACK,0,20101214,105610,13900,3
OTP,0,20101214,105612,5262,111
OTP,0,20101214,105612,5262,330
OTP,0,20101214,105612,5262,125
OTP,0,20101214,105612,5262,1000
OTP,0,20101214,105612,5261,184
RICHTER,0,20101214,105631,43190,12
RICHTER,0,20101214,105639,43190,12
OTP,0,20101214,105643,5261,50
ECONET,0,20101214,105646,93,1603
ECONET,0,20101214,105646,93,2500
ECONET,0,20101214,105646,93,3000
ECONET,0,20101214,105646,93,3000
ECONET,0,20101214,105646,93,4000
ECONET,0,20101214,105646,93,1400
ECONET,0,20101214,105646,93,2000
ECONET,0,20101214,105646,93,12680
ECONET,0,20101214,105646,93,100
ECONET,0,20101214,105646,93,2150
ECONET,0,20101214,105646,93,1250
ECONET,0,20101214,105646,93,1000
ECONET,0,20101214,105646,93,6817
BUX1012,0,20101214,105651,21451,78
BUX1112,0,20101214,105651,22026,78
BUX1012,0,20101214,105708,21451,22
BUX1112,0,20101214,105708,22026,22
MTELEKOM,0,20101214,105711,519,2303
MTELEKOM,0,20101214,105711,519,4347
MTELEKOM,0,20101214,105711,519,3350
MTELEKOM,0,20101214,105725,519,15
MTELEKOM,0,20101214,105756,519,1000
PANNERGY,0,20101214,105802,853,949
PANNERGY,0,20101214,105802,850,250
PANNERGY,0,20101214,105802,850,100
PANNERGY,0,20101214,105802,850,200
PANNERGY,0,20101214,105802,848,50
PANNERGY,0,20101214,105802,847,20
PANNERGY,0,20101214,105802,847,282
MTELEKOM,0,20101214,105818,519,2000
SYNERGON,0,20101214,105819,494,508
MOL,0,20101214,105835,19515,1
ECONET,0,20101214,105846,93,183
MTELEKOM,0,20101214,105858,519,100
RFV,0,20101214,105915,8180,100
RFV,0,20101214,105915,8200,9
RFV,0,20101214,105915,8200,30
RFV,0,20101214,105915,8200,41
OTP,0,20101214,105921,5265,10
KEG,0,20101214,105923,142,2000
BUX1012,0,20101214,105929,21385,1
BUX1012,0,20101214,105929,21389,3
BUX1012,0,20101214,105929,21390,50
BUX1012,0,20101214,105929,21398,50
BUX1012,0,20101214,105929,21400,60
BUX1012,0,20101214,105929,21400,2
BUX1112,0,20101214,105929,21949,2
BUX1012,0,20101214,105929,21400,3
BUX1112,0,20101214,105929,21950,3
MTELEKOM,0,20101214,105935,519,927
RICHTER,0,20101214,105941,43105,13
RICHTER,0,20101214,105941,43105,19
RICHTER,0,20101214,105941,43110,12
PANNERGY,0,20101214,105943,848,100
BUX1112,0,20101214,110017,21950,1
RICHTER,0,20101214,110018,43105,10
RICHTER,0,20101214,110018,43110,26
MOL,0,20101214,110020,19515,32
MOL,0,20101214,110020,19515,299
MOL,0,20101214,110024,19505,8
ECONET,0,20101214,110025,92,3000
ECONET,0,20101214,110025,92,3000
ECONET,0,20101214,110025,92,5000
ECONET,0,20101214,110025,92,403
ECONET,0,20101214,110025,92,2000
ECONET,0,20101214,110025,92,330
ECONET,0,20101214,110025,92,300
ECONET,0,20101214,110025,92,2000
ECONET,0,20101214,110025,92,1000
ECONET,0,20101214,110025,92,4000
ECONET,0,20101214,110025,92,15000
ECONET,0,20101214,110025,92,9107
ECONET,0,20101214,110025,92,350
ECONET,0,20101214,110025,92,2920
ECONET,0,20101214,110025,92,500
ECONET,0,20101214,110025,92,1000
RICHTER,0,20101214,110025,43100,82
MOL,0,20101214,110031,19510,491
SYNERGON,0,20101214,110101,494,492
SYNERGON,0,20101214,110101,494,1508
OTP,0,20101214,110105,5263,20
MTELEKOM,0,20101214,110142,519,2608
MTELEKOM,0,20101214,110142,519,51
MTELEKOM,0,20101214,110142,519,841
ECONET,0,20101214,110146,92,90
ECONET,0,20101214,110146,92,3000
MTELEKOM,0,20101214,110156,519,1000
OTP,0,20101214,110205,5263,50
OTP,0,20101214,110211,5262,43
MTELEKOM,0,20101214,110211,519,10
MTELEKOM,0,20101214,110211,519,200
MTELEKOM,0,20101214,110216,518,100
OTP,0,20101214,110217,5262,79
OTP,0,20101214,110217,5262,137
SYNERGON,0,20101214,110226,495,413
SYNERGON,0,20101214,110226,495,79
OTP,0,20101214,110233,5262,100
OTP,0,20101214,110233,5262,75
OTP,0,20101214,110233,5262,119
FOTEX,0,20101214,110245,404,42400
FOTEX,0,20101214,110254,402,80
FOTEX,0,20101214,110254,402,300
FOTEX,0,20101214,110254,402,3000
RABA,0,20101214,110304,806,1000
ORC,0,20101214,110321,2050,39
ORC,0,20101214,110321,2050,67
ORC,0,20101214,110321,2065,55
ORC,0,20101214,110321,2070,21
RFV,0,20101214,110350,8200,59
RFV,0,20101214,110350,8200,15
OTP,0,20101214,110412,5262,100
OTP,0,20101214,110412,5262,115
OTP,0,20101214,110422,5262,446
OTP,0,20101214,110422,5262,167
OTP,0,20101214,110422,5262,148
OTP,0,20101214,110422,5262,169
OTP,0,20101214,110430,5261,850
OTP,0,20101214,110434,5261,2
RICHTER,0,20101214,110448,43285,26
BUX1112,0,20101214,110451,21940,1
ZWACK,0,20101214,110501,13860,2
RICHTER,0,20101214,110510,43285,4
RICHTER,0,20101214,110510,43285,8
MTELEKOM,0,20101214,110522,519,1000
RICHTER,0,20101214,110524,43285,11
RICHTER,0,20101214,110534,43285,10
BUX1012,0,20101214,110548,21395,5
BUX1012,0,20101214,110548,21398,1
BUX1012,0,20101214,110548,21399,1
BUX1012,0,20101214,110548,21399,5
BUX1012,0,20101214,110548,21400,7
MTELEKOM,0,20101214,110549,518,50
MTELEKOM,0,20101214,110549,518,1026
MTELEKOM,0,20101214,110557,519,100
BUX1112,0,20101214,110608,21950,2
MTELEKOM,0,20101214,110610,519,1610
MTELEKOM,0,20101214,110611,518,1024
MTELEKOM,0,20101214,110611,518,586
MOL,0,20101214,110612,19510,300
BUX1112,0,20101214,110623,21950,2
BUX1112,0,20101214,110655,21950,5
OTP,0,20101214,110659,5266,173
OTP,0,20101214,110701,5266,827
OTP,0,20101214,110701,5266,173
BUX1012,0,20101214,110702,21399.5,1
FHB,0,20101214,110707,989,100
BUX1112,0,20101214,110707,21950,1
OTP,0,20101214,110709,5266,318
OTP,0,20101214,110709,5266,199
BUX1112,0,20101214,110712,21950,1
BUX1012,0,20101214,110714,21399.5,6
BUX1012,0,20101214,110714,21400,4
BUX1112,0,20101214,110718,21950,5
BUX1012,0,20101214,110720,21400,1
MTELEKOM,0,20101214,110737,518,1101
MTELEKOM,0,20101214,110737,518,150
MTELEKOM,0,20101214,110737,518,749
RCGOLD,0,20101214,110739,29020,3
ORC,0,20101214,110753,2070,29
ORC,0,20101214,110753,2070,21
BUX1012,0,20101214,110758,21400,30
OTP,0,20101214,110803,5268,100
MTELEKOM,0,20101214,110818,519,79
OTP,0,20101214,110828,5268,20
OTP,0,20101214,110831,5268,126
MOL,0,20101214,110849,19520,24
MOL,0,20101214,110849,19520,26
MTELEKOM,0,20101214,110853,518,1000
OTP,0,20101214,110902,5268,200
BUX1012,0,20101214,110905,21400,1
BUX1012,0,20101214,110913,21400,7
MTELEKOM,0,20101214,110937,519,56
MTELEKOM,0,20101214,110953,518,200
OTP,0,20101214,110958,5268,256
MOL,0,20101214,111010,19520,5
MOL,0,20101214,111010,19520,82
OTP,0,20101214,111015,5269,676
OTP,0,20101214,111015,5269,491
MOL,0,20101214,111021,19525,10
MOL,0,20101214,111021,19525,137
OTP,0,20101214,111021,5267,116
OTP,0,20101214,111021,5267,229
OTP,0,20101214,111021,5267,155
OTP,0,20101214,111038,5269,100
ZWACK,0,20101214,111040,13900,5
ZWACK,0,20101214,111040,13900,2
BUX1112,0,20101214,111048,21987,1
BUX1112,0,20101214,111048,21988,1
BUX1112,0,20101214,111048,21988,2
OTP,0,20101214,111051,5267,3
OTP,0,20101214,111051,5267,112
RICHTER,0,20101214,111056,43110,17
RICHTER,0,20101214,111056,43115,11
RICHTER,0,20101214,111056,43115,2
MTELEKOM,0,20101214,111100,518,150
OTP,0,20101214,111107,5270,200
OTP,0,20101214,111107,5270,3
BUX1112,0,20101214,111111,21985,20
BUX1112,0,20101214,111111,21988,3
BUX1112,0,20101214,111111,21990,10
BUX1112,0,20101214,111111,21995,20
BUX1112,0,20101214,111111,22000,7
BUX1012,0,20101214,111111,21427,1
BUX1112,0,20101214,111111,21998,1
BUX1012,0,20101214,111111,21428,2
BUX1112,0,20101214,111111,21998,2
OTP,0,20101214,111115,5263,200
OTP,0,20101214,111115,5262,159
BUX1012,0,20101214,111117,21451,3
BUX1112,0,20101214,111117,22021,3
MTELEKOM,0,20101214,111125,518,200
RICHTER,0,20101214,111127,43115,4
RICHTER,0,20101214,111127,43115,6
OTP,0,20101214,111153,5270,297
OTP,0,20101214,111153,5270,103
MTELEKOM,0,20101214,111206,518,846
MTELEKOM,0,20101214,111213,518,500
OTP,0,20101214,111225,5265,3
BUX1012,0,20101214,111302,21399,1
BUX1012,0,20101214,111302,21400,49
OTP,0,20101214,111304,5265,997
OTP,0,20101214,111304,5265,465
OTP,0,20101214,111304,5265,200
OTP,0,20101214,111304,5265,110
OTP,0,20101214,111326,5270,348
OTP,0,20101214,111326,5270,109
OTP,0,20101214,111326,5270,156
RICHTER,0,20101214,111334,43110,19
RICHTER,0,20101214,111334,43110,12
RICHTER,0,20101214,111334,43110,24
MOL,0,20101214,111340,19545,1
OTP,0,20101214,111341,5270,217
MOL,0,20101214,111351,19510,285
OTP,0,20101214,111404,5270,1170
OTP,0,20101214,111404,5270,395
MTELEKOM,0,20101214,111404,518,84
RFV,0,20101214,111407,8200,12
RFV,0,20101214,111410,8200,28
MTELEKOM,0,20101214,111410,517,150
MTELEKOM,0,20101214,111410,517,200
MTELEKOM,0,20101214,111410,517,748
MTELEKOM,0,20101214,111430,517,252
MTELEKOM,0,20101214,111430,517,248
FOTEX,0,20101214,111439,400,50
FOTEX,0,20101214,111439,400,400
FOTEX,0,20101214,111439,398,300
FOTEX,0,20101214,111439,397,100
FOTEX,0,20101214,111453,396,200
MTELEKOM,0,20101214,111506,518,400
BUX1012,0,20101214,111510,21399,1
BUX1012,0,20101214,111510,21400,1
BUX1012,0,20101214,111510,21400,19
MTELEKOM,0,20101214,111525,518,40
OTP,0,20101214,111532,5268,2
ORC,0,20101214,111542,2070,4
MOL,0,20101214,111551,19510,285
MOL,0,20101214,111557,19510,30
MOL,0,20101214,111557,19500,540
MOL,0,20101214,111557,19500,500
MOL,0,20101214,111557,19500,20
MOL,0,20101214,111557,19500,500
MOL,0,20101214,111557,19500,10
MOL,0,20101214,111557,19500,15
MOL,0,20101214,111557,19500,300
OTP,0,20101214,111606,5264,280
OTP,0,20101214,111606,5264,226
OTP,0,20101214,111606,5263,229
OTP,0,20101214,111611,5263,583
OTP,0,20101214,111611,5262,341
OTP,0,20101214,111611,5261,27
OTP,0,20101214,111611,5260,49
OTP,0,20101214,111616,5260,200
MOL,0,20101214,111618,19500,85
MTELEKOM,0,20101214,111635,518,80
MTELEKOM,0,20101214,111635,518,1077
MTELEKOM,0,20101214,111635,518,1019
MTELEKOM,0,20101214,111635,518,500
MTELEKOM,0,20101214,111635,518,60
MTELEKOM,0,20101214,111635,518,2379
EGIS,0,20101214,111635,20300,1
EGIS,0,20101214,111635,20300,32
MOL,0,20101214,111642,19500,12
OTP,0,20101214,111643,5265,669
OTP,0,20101214,111643,5265,159
OTP,0,20101214,111643,5265,172
RICHTER,0,20101214,111655,43200,56
RICHTER,0,20101214,111655,43200,50
RICHTER,0,20101214,111655,43200,17
BUX1112,0,20101214,111741,21950.5,2
BUX1112,0,20101214,111741,21950,5
BUX1012,0,20101214,111741,21380,3
BUX1112,0,20101214,111741,21950,3
BUX1012,0,20101214,111741,21376,4
BUX1112,0,20101214,111741,21950,4
MTELEKOM,0,20101214,111808,518,100
OTP,0,20101214,111808,5265,340
MTELEKOM,0,20101214,111811,517,752
MTELEKOM,0,20101214,111811,517,42
BUX1012,0,20101214,111814,21451,43
BUX1112,0,20101214,111814,22026,43
KEG,0,20101214,111843,142,6000
KEG,0,20101214,111843,141,5230
KEG,0,20101214,111843,141,1000
KEG,0,20101214,111849,141,10770
MTELEKOM,0,20101214,111851,518,521
MTELEKOM,0,20101214,111851,518,679
RICHTER,0,20101214,111916,43195,6
RICHTER,0,20101214,111916,43200,44
RICHTER,0,20101214,111916,43200,50
MTELEKOM,0,20101214,111916,518,2321
MTELEKOM,0,20101214,111916,518,679
MTELEKOM,0,20101214,111925,517,118
MTELEKOM,0,20101214,111925,517,786
OTP,0,20101214,111925,5267,90
OTP,0,20101214,111925,5267,4
OTP,0,20101214,111925,5267,157
BUX1012,0,20101214,111933,21377,1
BUX1112,0,20101214,111933,21950,1
BUX1012,0,20101214,111933,21376,1
BUX1112,0,20101214,111933,21950,1
BUX1012,0,20101214,111933,21376,2
BUX1112,0,20101214,111933,21950,2
BUX1012,0,20101214,111933,21376,1
BUX1112,0,20101214,111933,21950,1
OTP,0,20101214,111940,5267,294
OTP,0,20101214,111940,5267,147
OTP,0,20101214,112026,5267,103
EGIS,0,20101214,112035,20300,18
EGIS,0,20101214,112035,20300,50
MTELEKOM,0,20101214,112042,517,778
BUX1012,0,20101214,112104,21451,45
BUX1112,0,20101214,112104,22026,45
BUX1012,0,20101214,112113,21451,12
BUX1112,0,20101214,112113,22026,12
OTP,0,20101214,112119,5266,100
OTP,0,20101214,112127,5266,8
OTP,0,20101214,112127,5266,173
MTELEKOM,0,20101214,112131,518,600
OTP,0,20101214,112152,5268,60
MTELEKOM,0,20101214,112152,518,300
MTELEKOM,0,20101214,112155,518,1000
MTELEKOM,0,20101214,112159,518,1000
MTELEKOM,0,20101214,112215,517,436
MTELEKOM,0,20101214,112215,517,144
OTP,0,20101214,112217,5265,60
OTP,0,20101214,112217,5265,50
OTP,0,20101214,112217,5265,500
OTP,0,20101214,112217,5265,156
MTELEKOM,0,20101214,112222,518,1421
MTELEKOM,0,20101214,112225,519,104
MTELEKOM,0,20101214,112225,519,3000
MTELEKOM,0,20101214,112225,519,2091
OTP,0,20101214,112228,5265,10
BUX1012,0,20101214,112306,21385,1
BUX1012,0,20101214,112306,21381,2
BUX1012,0,20101214,112306,21380,20
LINAMAR,0,20101214,112307,2570,2574
RCDJEUSTX50,0,20101214,112350,7843,8
MTELEKOM,0,20101214,112405,519,1300
KEG,0,20101214,112410,144,1
RICHTER,0,20101214,112433,43150,3
BUX1012,0,20101214,112457,21451,100
BUX1112,0,20101214,112457,22031,100
PANNERGY,0,20101214,112458,860,500
PANNERGY,0,20101214,112458,860,70
MOL,0,20101214,112504,19510,29
GENESIS,0,20101214,112514,214,400
MTELEKOM,0,20101214,112515,519,406
MOL,0,20101214,112521,19515,38
MOL,0,20101214,112521,19515,133
MTELEKOM,0,20101214,112554,519,203
MTELEKOM,0,20101214,112554,519,3797
RCBRENTOIL,0,20101214,112601,902,42
BUX1012,0,20101214,112607,21380,1
RICHTER,0,20101214,112609,43125,7
RICHTER,0,20101214,112609,43130,16
RICHTER,0,20101214,112609,43135,25
RICHTER,0,20101214,112609,43135,2
OTP,0,20101214,112609,5264,38
OTP,0,20101214,112609,5264,188
OTP,0,20101214,112609,5265,224
OTP,0,20101214,112609,5265,50
OTP,0,20101214,112618,5265,430
OTP,0,20101214,112632,5266,102
RICHTER,0,20101214,112633,43135,20
OTP,0,20101214,112637,5267,157
OTP,0,20101214,112637,5270,343
BUX1012,0,20101214,112653,21376,3
BUX1012,0,20101214,112653,21376,2
EGIS,0,20101214,112701,20300,50
EGIS,0,20101214,112715,20350,25
EGIS,0,20101214,112715,20350,25
BUX1012,0,20101214,112749,21380,5
MOL,0,20101214,112840,19535,1
BUX1012,0,20101214,112920,21376,2
BUX1012,0,20101214,112920,21376,1
BUX1012,0,20101214,112920,21375,7
MOL,0,20101214,112922,19515,172
OTP,0,20101214,112932,5267,99
OTP,0,20101214,112936,5267,190
HUMET,0,20101214,112950,9,10
OTP,0,20101214,112957,5267,1361
OTP,0,20101214,112957,5267,478
OTP,0,20101214,112957,5267,98
OTP,0,20101214,112957,5267,63
MOL,0,20101214,113005,19510,27
MOL,0,20101214,113005,19510,685
EGIS,0,20101214,113011,20350,25
EGIS,0,20101214,113011,20350,25
EGIS,0,20101214,113011,20350,35
BUX1012,0,20101214,113022,21380,20
BUX1012,0,20101214,113037,21380,1
OTP,0,20101214,113038,5267,93
OTP,0,20101214,113038,5267,7
MTELEKOM,0,20101214,113041,518,969
OTP,0,20101214,113048,5267,474
OTP,0,20101214,113048,5270,157
OTP,0,20101214,113048,5270,492
RICHTER,0,20101214,113055,43125,5
RICHTER,0,20101214,113055,43120,95
MOL,0,20101214,113108,19515,113
MOL,0,20101214,113108,19515,187
HUMET,0,20101214,113110,9,5
MTELEKOM,0,20101214,113118,519,588
HUMET,0,20101214,113135,9,8185
HUMET,0,20101214,113135,9,5000
HUMET,0,20101214,113135,9,3200
HUMET,0,20101214,113135,9,4000
HUMET,0,20101214,113135,9,10
HUMET,0,20101214,113135,9,2300
HUMET,0,20101214,113135,9,5000
MTELEKOM,0,20101214,113227,519,5500
FHB,0,20101214,113230,990,10
RICHTER,0,20101214,113238,43140,11
RICHTER,0,20101214,113238,43140,16
RICHTER,0,20101214,113238,43160,23
BUX1012,0,20101214,113255,21376,5
OTP,0,20101214,113256,5270,8
OTP,0,20101214,113256,5270,148
OTP,0,20101214,113256,5270,174
OTP,0,20101214,113256,5270,466
OTP,0,20101214,113300,5270,204
HUMET,0,20101214,113315,9,15
EGIS,0,20101214,113316,20350,26
EGIS,0,20101214,113316,20350,25
EGIS,0,20101214,113316,20350,25
BUX1012,0,20101214,113321,21376,1
FHB,0,20101214,113419,995,250
OTP,0,20101214,113502,5269,100
OTP,0,20101214,113512,5269,99
OTP,0,20101214,113512,5269,97
OTP,0,20101214,113512,5269,93
FOTEX,0,20101214,113527,400,500
MTELEKOM,0,20101214,113543,519,115
MTELEKOM,0,20101214,113543,519,85
BUX1012,0,20101214,113558,21380,3
BUX1012,0,20101214,113558,21378,10
BUX1012,0,20101214,113558,21378,2
BUX1012,0,20101214,113558,21377,10
BUX1012,0,20101214,113558,21376,15
BUX1012,0,20101214,113558,21376,10
EGIS,0,20101214,113624,20350,24
EGIS,0,20101214,113624,20350,26
EGIS,0,20101214,113627,20350,50
OTP,0,20101214,113653,5270,296
OTP,0,20101214,113653,5270,204
MOL,0,20101214,113659,19505,19
MTELEKOM,0,20101214,113709,518,308
OTP,0,20101214,113728,5270,50
MOL,0,20101214,113747,19515,50
MOL,0,20101214,113747,19515,40
MOL,0,20101214,113756,19510,300
OTP,0,20101214,113809,5270,65
KEG,0,20101214,113823,144,10
MOL,0,20101214,113835,19515,168
MOL,0,20101214,113835,19515,32
MOL,0,20101214,113841,19515,168
MOL,0,20101214,113841,19515,164
MTELEKOM,0,20101214,113844,519,134
OTP,0,20101214,113908,5267,95
MOL,0,20101214,113910,19515,166
MOL,0,20101214,113918,19515,34
MOL,0,20101214,113918,19515,66
MOL,0,20101214,113919,19515,66
PANNERGY,0,20101214,113930,852,50
PANNERGY,0,20101214,113930,851,445
PANNERGY,0,20101214,113930,851,500
PANNERGY,0,20101214,113930,850,5
BUX1012,0,20101214,113931,21451,13
BUX1112,0,20101214,113931,22026,13
EMASZ,0,20101214,113935,20900,1
RICHTER,0,20101214,113941,43140,10
RICHTER,0,20101214,113941,43140,2
GENESIS,0,20101214,113955,216,200
GENESIS,0,20101214,113955,218,200
RICHTER,0,20101214,114002,43140,6
MTELEKOM,0,20101214,114020,519,1732
HUMET,0,20101214,114024,9,11785
OTP,0,20101214,114027,5269,173
OTP,0,20101214,114027,5269,100
MTELEKOM,0,20101214,114042,519,500
OTP,0,20101214,114049,5270,16
OTP,0,20101214,114055,5270,500
BUX1012,0,20101214,114100,21451,27
BUX1112,0,20101214,114100,22026,27
BUX1012,0,20101214,114107,21375,10
OTP,0,20101214,114126,5270,50
MTELEKOM,0,20101214,114131,519,2549
MTELEKOM,0,20101214,114131,519,246
MTELEKOM,0,20101214,114131,519,1130
MTELEKOM,0,20101214,114131,519,5000
MTELEKOM,0,20101214,114131,519,5000
MTELEKOM,0,20101214,114131,519,925
MTELEKOM,0,20101214,114131,520,1170
MTELEKOM,0,20101214,114131,520,500
MTELEKOM,0,20101214,114131,520,5000
MTELEKOM,0,20101214,114131,520,480
RICHTER,0,20101214,114137,43135,16
RICHTER,0,20101214,114137,43135,20
MTELEKOM,0,20101214,114142,519,144
MTELEKOM,0,20101214,114159,519,986
MTELEKOM,0,20101214,114159,519,1693
RICHTER,0,20101214,114312,43200,35
RICHTER,0,20101214,114312,43200,50
RICHTER,0,20101214,114312,43200,17
RICHTER,0,20101214,114312,43200,10
BUX1012,0,20101214,114312,21451,23
BUX1112,0,20101214,114312,22026,23
OTP,0,20101214,114340,5270,132
OTP,0,20101214,114340,5270,68
MTELEKOM,0,20101214,114350,519,200
BUX1012,0,20101214,114402,21451,27
BUX1112,0,20101214,114402,22026,27
FOTEX,0,20101214,114422,400,500
FOTEX,0,20101214,114422,400,300
BUX1012,0,20101214,114429,21451,61
BUX1112,0,20101214,114429,22028,61
BUX1112,0,20101214,114442,21976,1
BUX1112,0,20101214,114442,21977,4
OTP,0,20101214,114503,5270,410
OTP,0,20101214,114503,5270,88
OTP,0,20101214,114503,5270,2
SYNERGON,0,20101214,114504,493,100
SYNERGON,0,20101214,114504,492,80
OTP,0,20101214,114521,5270,90
MOL,0,20101214,114523,19515,134
OTP,0,20101214,114526,5270,55
OTP,0,20101214,114530,5270,195
MOL,0,20101214,114530,19505,7
EGIS,0,20101214,114530,20350,50
EGIS,0,20101214,114530,20350,50
EGIS,0,20101214,114550,20350,100
EGIS,0,20101214,114555,20350,100
EGIS,0,20101214,114600,20350,100
EGIS,0,20101214,114605,20350,50
EGIS,0,20101214,114605,20350,50
EGIS,0,20101214,114607,20350,50
EGIS,0,20101214,114611,20350,50
EGIS,0,20101214,114613,20350,50
EGIS,0,20101214,114615,20350,50
EGIS,0,20101214,114617,20350,50
EGIS,0,20101214,114620,20350,50
EGIS,0,20101214,114626,20350,100
EGIS,0,20101214,114631,20350,100
EGIS,0,20101214,114634,20350,100
MTELEKOM,0,20101214,114639,519,1500
EGIS,0,20101214,114639,20350,100
EGIS,0,20101214,114645,20350,100
EGIS,0,20101214,114649,20350,100
EGIS,0,20101214,114649,20350,100
EGIS,0,20101214,114656,20350,100
OTP,0,20101214,114657,5269,92
OTP,0,20101214,114657,5269,58
EGIS,0,20101214,114700,20350,100
EGIS,0,20101214,114705,20350,100
EGIS,0,20101214,114705,20350,100
OTP,0,20101214,114710,5269,100
EGIS,0,20101214,114712,20350,100
EGIS,0,20101214,114718,20350,100
EGIS,0,20101214,114723,20350,10
BUX1012,0,20101214,114728,21451,23
BUX1112,0,20101214,114728,22026,23
MOL,0,20101214,114730,19505,26
BUX1012,0,20101214,114737,21451,27
BUX1112,0,20101214,114737,22026,27
MOL,0,20101214,114746,19510,3
OTP,0,20101214,114747,5269,20
OTP,0,20101214,114758,5270,1000
EGIS,0,20101214,114808,20350,21
MOL,0,20101214,114845,19510,1
EGIS,0,20101214,114854,20350,69
EGIS,0,20101214,114854,20350,10
EGIS,0,20101214,114854,20350,21
EGIS,0,20101214,114856,20350,100
EGIS,0,20101214,114901,20350,100
EGIS,0,20101214,114901,20350,100
MOL,0,20101214,114907,19505,151
OTP,0,20101214,114920,5269,278
OTP,0,20101214,114920,5269,87
OTP,0,20101214,114920,5269,85
OTP,0,20101214,114920,5265,5
EGIS,0,20101214,114951,20350,100
EGIS,0,20101214,114954,20350,100
EGIS,0,20101214,114954,20350,100
EGIS,0,20101214,115000,20350,100
MOL,0,20101214,115035,19515,79
MOL,0,20101214,115035,19515,20
MOL,0,20101214,115035,19515,100
EGIS,0,20101214,115044,20350,100
EGIS,0,20101214,115047,20350,100
EGIS,0,20101214,115052,20350,100
EGIS,0,20101214,115052,20350,100
OTP,0,20101214,115101,5269,171
OTP,0,20101214,115101,5270,329
EGIS,0,20101214,115103,20350,100
EGIS,0,20101214,115108,20350,100
EGIS,0,20101214,115113,20350,100
EGIS,0,20101214,115113,20350,100
EGIS,0,20101214,115123,20350,100
MTELEKOM,0,20101214,115126,518,1350
OTP,0,20101214,115126,5270,100
EGIS,0,20101214,115129,20350,100
RICHTER,0,20101214,115133,43255,21
RICHTER,0,20101214,115133,43260,9
EGIS,0,20101214,115134,20350,100
EGIS,0,20101214,115134,20350,100
FHB,0,20101214,115135,995,250
OTP,0,20101214,115142,5270,40
EGIS,0,20101214,115153,20350,100
EGIS,0,20101214,115155,20350,100
OTP,0,20101214,115201,5270,25
OTP,0,20101214,115202,5270,214
EGIS,0,20101214,115203,20350,25
MTELEKOM,0,20101214,115206,519,80
EGIS,0,20101214,115223,20350,50
EGIS,0,20101214,115231,20350,25
EGIS,0,20101214,115231,20350,25
EGIS,0,20101214,115231,20350,25
MTELEKOM,0,20101214,115245,518,258
MTELEKOM,0,20101214,115245,518,50
MTELEKOM,0,20101214,115245,518,584
RICHTER,0,20101214,115245,43260,11
RICHTER,0,20101214,115245,43260,10
RICHTER,0,20101214,115245,43260,24
MTELEKOM,0,20101214,115250,518,200
MTELEKOM,0,20101214,115256,518,1000
EGIS,0,20101214,115258,20350,25
EGIS,0,20101214,115258,20350,75
EGIS,0,20101214,115305,20350,100
EGIS,0,20101214,115310,20350,100
EGIS,0,20101214,115310,20350,100
EGIS,0,20101214,115328,20350,100
EGIS,0,20101214,115331,20350,100
EGIS,0,20101214,115337,20280,15
EGIS,0,20101214,115338,20350,85
EGIS,0,20101214,115342,20350,100
EGIS,0,20101214,115342,20350,115
BUX1012,0,20101214,115343,21394,1
BUX1012,0,20101214,115343,21395,4
EGIS,0,20101214,115347,20350,100
EGIS,0,20101214,115347,20350,100
EGIS,0,20101214,115353,20350,100
EGIS,0,20101214,115353,20350,100
RICHTER,0,20101214,115356,43220,15
MTELEKOM,0,20101214,115403,518,200
EGIS,0,20101214,115404,20350,100
BUX1012,0,20101214,115405,21380,2
EGIS,0,20101214,115408,20350,100
EGIS,0,20101214,115408,20350,100
EGIS,0,20101214,115416,20350,100
EGIS,0,20101214,115419,20350,100
EGIS,0,20101214,115427,20350,100
EGIS,0,20101214,115429,20350,100
EGIS,0,20101214,115437,20350,100
EGIS,0,20101214,115440,20350,100
EGIS,0,20101214,115440,20350,100
EGIS,0,20101214,115446,20350,100
EGIS,0,20101214,115451,20350,100
EGIS,0,20101214,115451,20350,200
EGIS,0,20101214,115456,20350,100
EGIS,0,20101214,115456,20350,200
BUX1112,0,20101214,115459,21955,10
EGIS,0,20101214,115508,20350,100
BUX1012,0,20101214,115509,21380,30
RICHTER,0,20101214,115510,43250,50
RICHTER,0,20101214,115510,43250,22
EGIS,0,20101214,115512,20350,100
EGIS,0,20101214,115512,20350,100
EGIS,0,20101214,115520,20350,100
EGIS,0,20101214,115523,20350,100
EGIS,0,20101214,115523,20350,300
MOL,0,20101214,115547,19515,1
MOL,0,20101214,115547,19515,3
EGIS,0,20101214,115547,20350,100
EGIS,0,20101214,115549,20350,100
EGIS,0,20101214,115549,20350,300
EGIS,0,20101214,115559,20350,100
EGIS,0,20101214,115600,20350,100
EGIS,0,20101214,115600,20350,300
MOL,0,20101214,115603,19515,20
EGIS,0,20101214,115621,20350,100
BUX1012,0,20101214,115623,21380,10
EGIS,0,20101214,115626,20350,100
EGIS,0,20101214,115626,20350,278
BUX1012,0,20101214,115635,21380,4
RFV,0,20101214,115637,8200,10
RFV,0,20101214,115637,8200,50
OTP,0,20101214,115641,5270,121
OTP,0,20101214,115641,5270,183
OTP,0,20101214,115641,5270,20
OTP,0,20101214,115641,5270,519
OTP,0,20101214,115641,5270,107
OTP,0,20101214,115652,5270,47
OTP,0,20101214,115700,5273,4
RABA,0,20101214,115714,806,100
RABA,0,20101214,115714,805,4
RABA,0,20101214,115714,803,500
RABA,0,20101214,115714,802,73
RABA,0,20101214,115714,802,100
RABA,0,20101214,115714,802,100
RABA,0,20101214,115714,802,200
RABA,0,20101214,115714,801,130
RABA,0,20101214,115714,801,1000
RABA,0,20101214,115714,801,150
RABA,0,20101214,115714,801,143
BUX1012,0,20101214,115718,21380,1
OTP,0,20101214,115719,5273,78
ANY,0,20101214,115730,742,60
ANY,0,20101214,115730,743,50
ANY,0,20101214,115730,744,117
ANY,0,20101214,115730,744,1000
ANY,0,20101214,115730,744,70
ANY,0,20101214,115730,744,110
ANY,0,20101214,115730,745,1273
BUX1012,0,20101214,115733,21380,3
OTP,0,20101214,115734,5274,25
OTP,0,20101214,115734,5274,5
OTP,0,20101214,115734,5274,132
OTP,0,20101214,115740,5273,83
OTP,0,20101214,115750,5274,50
BUX1012,0,20101214,115753,21390,1
FHB,0,20101214,115754,997,500
FHB,0,20101214,115754,997,400
OTP,0,20101214,115800,5274,313
OTP,0,20101214,115800,5275,25
OTP,0,20101214,115800,5275,162
MTELEKOM,0,20101214,115802,519,541
MTELEKOM,0,20101214,115802,519,1128
OTP,0,20101214,115806,5275,338
OTP,0,20101214,115806,5275,20
MOL,0,20101214,115814,19520,27
MOL,0,20101214,115814,19520,22
MOL,0,20101214,115814,19520,1
MOL,0,20101214,115827,19515,80
MOL,0,20101214,115829,19515,10
MOL,0,20101214,115849,19515,15
RICHTER,0,20101214,115851,43270,2
BUX1012,0,20101214,115852,21390,10
BUX1012,0,20101214,115859,21390,4
OTP,0,20101214,115904,5276,89
EGIS,0,20101214,115907,20350,22
EGIS,0,20101214,115907,20350,78
EGIS,0,20101214,115907,20350,422
EGIS,0,20101214,115917,20350,100
FHB,0,20101214,115919,998,500
EGIS,0,20101214,115923,20350,100
EGIS,0,20101214,115923,20350,300
BUX1012,0,20101214,115925,21451,100
BUX1112,0,20101214,115925,22031,100
SYNERGON,0,20101214,115930,492,148
EGIS,0,20101214,115935,20350,100
EGIS,0,20101214,115939,20350,100
EGIS,0,20101214,115939,20350,300
TVK,0,20101214,115945,3440,5
BUX1012,0,20101214,115950,21451,100
BUX1112,0,20101214,115950,22031,100
EGIS,0,20101214,115955,20350,100
PHYLAXIA,0,20101214,120000,45,4000
EGIS,0,20101214,120000,20350,100
EGIS,0,20101214,120000,20350,300
BUX1012,0,20101214,120003,21451,100
BUX1112,0,20101214,120003,22031,100
EGIS,0,20101214,120011,20350,100
EGIS,0,20101214,120016,20350,100
EGIS,0,20101214,120016,20350,300
OTP,0,20101214,120031,5277,4
OTP,0,20101214,120031,5277,79
OTP,0,20101214,120031,5277,59
EGIS,0,20101214,120039,20350,100
BUX1012,0,20101214,120040,21390,2
EGIS,0,20101214,120043,20350,100
EGIS,0,20101214,120043,20350,300
BUX1012,0,20101214,120104,21385,15
BUX1012,0,20101214,120104,21385,1
BUX1012,0,20101214,120104,21380,7
BUX1012,0,20101214,120104,21377,1
BUX1012,0,20101214,120104,21377,1
OTP,0,20101214,120137,5276,441
OTP,0,20101214,120137,5276,79
OTP,0,20101214,120137,5275,430
MOL,0,20101214,120139,19510,222
OTP,0,20101214,120142,5277,50
OTP,0,20101214,120143,5275,81
OTP,0,20101214,120146,5274,20
OTP,0,20101214,120146,5270,453
OTP,0,20101214,120146,5270,500
OTP,0,20101214,120146,5270,500
RICHTER,0,20101214,120152,43240,7
RICHTER,0,20101214,120152,43240,24
BUX1012,0,20101214,120158,21377,2
BUX1012,0,20101214,120158,21377,10
BUX1012,0,20101214,120158,21377,1
BUX1012,0,20101214,120158,21376,12
MOL,0,20101214,120236,19510,63
MOL,0,20101214,120236,19510,23
MOL,0,20101214,120236,19510,24
MOL,0,20101214,120236,19510,18
MTELEKOM,0,20101214,120238,519,200
OTP,0,20101214,120246,5270,177
OTP,0,20101214,120246,5270,323
BUX1012,0,20101214,120246,21376,38
BUX1012,0,20101214,120246,21375,3
BUX1012,0,20101214,120246,21375,9
RICHTER,0,20101214,120258,43235,17
RICHTER,0,20101214,120258,43240,16
RICHTER,0,20101214,120258,43240,16
RICHTER,0,20101214,120258,43240,10
RICHTER,0,20101214,120259,43240,6
RICHTER,0,20101214,120259,43240,3
RICHTER,0,20101214,120259,43240,7
RICHTER,0,20101214,120259,43240,12
RICHTER,0,20101214,120300,43240,7
RICHTER,0,20101214,120300,43240,23
RICHTER,0,20101214,120300,43240,10
RICHTER,0,20101214,120308,43240,36
OTP,0,20101214,120314,5267,200
OTP,0,20101214,120314,5267,100
MTELEKOM,0,20101214,120322,519,500
BUX1012,0,20101214,120322,21390,10
ECONET,0,20101214,120331,92,1910
ECONET,0,20101214,120331,92,990
OTP,0,20101214,120345,5267,150
MOL,0,20101214,120350,19515,1
MOL,0,20101214,120358,19515,179
MOL,0,20101214,120358,19515,200
MTELEKOM,0,20101214,120358,519,300
MTELEKOM,0,20101214,120455,518,16
MTELEKOM,0,20101214,120455,518,849
RICHTER,0,20101214,120513,43240,43
RICHTER,0,20101214,120513,43240,16
MOL,0,20101214,120518,19540,285
MOL,0,20101214,120518,19540,500
MOL,0,20101214,120518,19540,15
OTP,0,20101214,120532,5267,300
MOL,0,20101214,120537,19540,9
MOL,0,20101214,120537,19550,250
MOL,0,20101214,120537,19550,25
MOL,0,20101214,120537,19550,100
MOL,0,20101214,120537,19550,500
MOL,0,20101214,120537,19550,91
MTELEKOM,0,20101214,120537,519,1660
BUX1012,0,20101214,120610,21390,4
OTP,0,20101214,120625,5267,48
OTP,0,20101214,120625,5267,77
BUX1012,0,20101214,120650,21451,100
BUX1112,0,20101214,120650,22031,100
EGIS,0,20101214,120656,20345,59
BUX1012,0,20101214,120701,21451,100
BUX1112,0,20101214,120701,22031,100
RICHTER,0,20101214,120727,43210,2
RICHTER,0,20101214,120737,43210,1
OTP,0,20101214,120743,5267,158
OTP,0,20101214,120743,5267,342
OTP,0,20101214,120744,5267,282
OTP,0,20101214,120744,5267,78
OTP,0,20101214,120744,5267,616
OTP,0,20101214,120744,5267,24
OTP,0,20101214,120756,5267,100
MTELEKOM,0,20101214,120756,519,82
MOL,0,20101214,120834,19550,9
MOL,0,20101214,120834,19550,137
MTELEKOM,0,20101214,120855,518,121
MTELEKOM,0,20101214,120855,518,400
MTELEKOM,0,20101214,120855,518,500
MTELEKOM,0,20101214,120855,518,1000
MTELEKOM,0,20101214,120855,518,2000
MTELEKOM,0,20101214,120855,518,200
MTELEKOM,0,20101214,120855,518,1734
MTELEKOM,0,20101214,120855,518,2000
ORC,0,20101214,120859,2020,20
MTELEKOM,0,20101214,120922,518,180
EGIS,0,20101214,120933,20345,10
MOL,0,20101214,120936,19550,63
MOL,0,20101214,120936,19550,200
MOL,0,20101214,120936,19550,19
MOL,0,20101214,120936,19550,23
MOL,0,20101214,120936,19550,300
MOL,0,20101214,120936,19505,3500
EGIS,0,20101214,120945,20350,100
EGIS,0,20101214,120945,20350,400
RABA,0,20101214,120949,805,37
EGIS,0,20101214,120950,20350,10
EGIS,0,20101214,120958,20350,90
EGIS,0,20101214,120958,20350,10
MTELEKOM,0,20101214,121000,518,220
EGIS,0,20101214,121001,20350,100
EGIS,0,20101214,121001,20350,300
MOL,0,20101214,121013,19565,200
EGIS,0,20101214,121028,20350,30
MOL,0,20101214,121041,19580,3
MOL,0,20101214,121041,19580,540
MOL,0,20101214,121041,19585,20
MOL,0,20101214,121041,19585,111
MOL,0,20101214,121051,19585,21
OTP,0,20101214,121057,5266,100
OTP,0,20101214,121057,5266,274
OTP,0,20101214,121057,5266,126
OTP,0,20101214,121111,5266,874
OTP,0,20101214,121111,5266,126
OTP,0,20101214,121111,5266,4
OTP,0,20101214,121111,5266,76
OTP,0,20101214,121111,5266,120
OTP,0,20101214,121114,5266,200
FHB,0,20101214,121118,995,220
OTP,0,20101214,121123,5266,680
OTP,0,20101214,121123,5266,75
OTP,0,20101214,121123,5266,245
