<TICKER>,<PER>,<DTYYYYMMDD>,<TIME>,<CLOSE>,<VOLUME>
BOOK,0,20101223,090024,483,150
BOOK,0,20101223,090024,483,149
BOOK,0,20101223,090024,483,51
BOOK,0,20101223,090024,483,54
BOOK,0,20101223,090024,483,95
BOOK,0,20101223,090024,483,247
FHB,0,20101223,090024,975,251
FHB,0,20101223,090024,975,749
FOTEX,0,20101223,090024,382,100
FOTEX,0,20101223,090024,382,99
FOTEX,0,20101223,090024,382,1
GENESIS,0,20101223,090024,193,300
GENESIS,0,20101223,090024,193,50
HUMET,0,20101223,090024,9,8988
HUMET,0,20101223,090024,9,6012
HUMET,0,20101223,090024,9,5488
HUMET,0,20101223,090024,9,10000
HUMET,0,20101223,090024,9,1100
HUMET,0,20101223,090024,9,20000
HUMET,0,20101223,090024,9,10000
HUMET,0,20101223,090024,9,343
HUMET,0,20101223,090024,9,11500
HUMET,0,20101223,090024,9,11000
HUMET,0,20101223,090024,9,266
HUMET,0,20101223,090024,9,30000
MOL,0,20101223,090024,20400,2
MOL,0,20101223,090024,20400,6
MOL,0,20101223,090024,20400,8
MOL,0,20101223,090024,20400,1
MOL,0,20101223,090024,20400,4
MOL,0,20101223,090024,20400,1
MTELEKOM,0,20101223,090024,520,2000
MTELEKOM,0,20101223,090024,520,1500
MTELEKOM,0,20101223,090024,520,175
MTELEKOM,0,20101223,090024,520,166
MTELEKOM,0,20101223,090024,520,300
MTELEKOM,0,20101223,090024,520,1359
MTELEKOM,0,20101223,090024,520,175
MTELEKOM,0,20101223,090024,520,466
MTELEKOM,0,20101223,090024,520,400
MTELEKOM,0,20101223,090024,520,134
MTELEKOM,0,20101223,090024,520,366
MTELEKOM,0,20101223,090024,520,100
MTELEKOM,0,20101223,090024,520,1000
MTELEKOM,0,20101223,090024,520,534
OTP,0,20101223,090024,5265,400
OTP,0,20101223,090024,5265,140
OTP,0,20101223,090024,5265,48
OTP,0,20101223,090024,5265,59
OTP,0,20101223,090024,5265,1
OTP,0,20101223,090024,5265,200
OTP,0,20101223,090024,5265,10
OTP,0,20101223,090024,5265,300
OTP,0,20101223,090024,5265,100
OTP,0,20101223,090024,5265,250
OTP,0,20101223,090024,5265,1786
OTP,0,20101223,090024,5265,400
OTP,0,20101223,090024,5265,2500
OTP,0,20101223,090024,5265,200
PANNERGY,0,20101223,090024,911,45
PHYLAXIA,0,20101223,090024,44,4757
PHYLAXIA,0,20101223,090024,44,2000
RABA,0,20101223,090024,807,4
RICHTER,0,20101223,090024,42495,3
RICHTER,0,20101223,090024,42495,25
RICHTER,0,20101223,090024,42495,1
RICHTER,0,20101223,090024,42495,21
RICHTER,0,20101223,090024,42495,50
RICHTER,0,20101223,090024,42495,29
RICHTER,0,20101223,090024,42495,50
RICHTER,0,20101223,090024,42495,4
RICHTER,0,20101223,090024,42495,13
RICHTER,0,20101223,090024,42495,4
BUX1112,0,20101223,090051,22021,5
BUX1112,0,20101223,090051,22021,5
BUX1112,0,20101223,090051,22021,8
BUX1112,0,20101223,090051,22021,2
BUX1112,0,20101223,090051,22021,1
BUX1112,0,20101223,090051,22021,1
BUX1112,0,20101223,090051,22021,1
BUX1112,0,20101223,090051,22021,1
BUX1112,0,20101223,090051,22021,2
BUX1112,0,20101223,090051,22021,20
BUX1112,0,20101223,090051,22021,1
BUX1112,0,20101223,090051,22021,4
BUX1112,0,20101223,090051,22021,1
BUX1112,0,20101223,090051,22021,4
MOL,0,20101223,090200,20400,9
MOL,0,20101223,090201,20400,7
OTP,0,20101223,090202,5250,5
BOOK,0,20101223,090209,483,158
BOOK,0,20101223,090209,482,92
ECONET,0,20101223,090226,90,1350
ECONET,0,20101223,090226,90,1
ZWACK,0,20101223,090308,13100,10
RICHTER,0,20101223,090330,42490,5
RICHTER,0,20101223,090330,42490,21
RICHTER,0,20101223,090331,42495,20
RICHTER,0,20101223,090331,42495,20
RICHTER,0,20101223,090331,42490,2
OTP,0,20101223,090405,5261,168
BUX1112,0,20101223,090409,22075,4
BUX1112,0,20101223,090409,22079,1
OTP,0,20101223,090501,5259,20
OTP,0,20101223,090516,5259,15
BUX1112,0,20101223,090545,22081,1
MOL,0,20101223,090605,20370,24
OTP,0,20101223,090647,5265,114
OTP,0,20101223,090654,5270,500
MOL,0,20101223,090702,20350,5
RFV,0,20101223,090732,8500,5
RFV,0,20101223,090732,8500,15
MOL,0,20101223,090755,20350,45
MOL,0,20101223,090755,20350,44
MOL,0,20101223,090755,20350,11
MOL,0,20101223,090757,20350,11
MTELEKOM,0,20101223,090806,519,1785
MTELEKOM,0,20101223,090806,519,175
BUX1112,0,20101223,090811,22080,1
BUX1112,0,20101223,090811,22080,1
BUX1112,0,20101223,090811,22080,5
BUX1112,0,20101223,090811,22080,1
MOL,0,20101223,090811,20325,14
OTP,0,20101223,090824,5265,66
OTP,0,20101223,090824,5260,500
OTP,0,20101223,090824,5260,350
OTP,0,20101223,090824,5260,100
OTP,0,20101223,090831,5260,500
OTP,0,20101223,090836,5260,1484
OTP,0,20101223,090836,5260,174
OTP,0,20101223,090854,5260,15
OTP,0,20101223,090925,5262,200
BUX1112,0,20101223,090929,22070.5,1
OTP,0,20101223,090955,5265,1330
RICHTER,0,20101223,090958,42480,100
ECONET,0,20101223,091018,90,1149
ECONET,0,20101223,091018,90,851
BUX1112,0,20101223,091031,22070.5,1
BUX1112,0,20101223,091031,22070,2
ECONET,0,20101223,091050,90,1149
ECONET,0,20101223,091050,90,1500
RICHTER,0,20101223,091100,42490,10
RICHTER,0,20101223,091100,42490,20
RICHTER,0,20101223,091105,42450,100
RFV,0,20101223,091150,8500,29
GENESIS,0,20101223,091204,195,90
BOOK,0,20101223,091207,487,60
BOOK,0,20101223,091217,487,140
MOL,0,20101223,091224,20300,3
MOL,0,20101223,091224,20300,7
RICHTER,0,20101223,091229,42475,50
RFV,0,20101223,091232,8500,6
RFV,0,20101223,091232,8500,4
RICHTER,0,20101223,091316,42475,5
OTP,0,20101223,091317,5267,400
OTP,0,20101223,091323,5267,300
OTP,0,20101223,091326,5267,600
OTP,0,20101223,091327,5265,100
OTP,0,20101223,091335,5266,500
OTP,0,20101223,091355,5267,390
OTP,0,20101223,091413,5265,41
OTP,0,20101223,091422,5265,159
OTP,0,20101223,091438,5265,1
MTELEKOM,0,20101223,091438,518,400
RICHTER,0,20101223,091446,42410,68
RICHTER,0,20101223,091446,42400,50
RICHTER,0,20101223,091446,42400,35
MTELEKOM,0,20101223,091455,517,200
MTELEKOM,0,20101223,091455,517,700
MTELEKOM,0,20101223,091455,517,100
OTP,0,20101223,091506,5262,50
OTP,0,20101223,091535,5261,25
RICHTER,0,20101223,091541,42350,23
RICHTER,0,20101223,091547,42400,67
OTP,0,20101223,091640,5261,100
ECONET,0,20101223,091656,90,7
RICHTER,0,20101223,091658,42395,12
ECONET,0,20101223,091708,90,344
ECONET,0,20101223,091709,90,99656
OTP,0,20101223,091719,5261,375
OTP,0,20101223,091719,5260,735
OTP,0,20101223,091752,5260,25
MTELEKOM,0,20101223,091755,517,900
MTELEKOM,0,20101223,091755,517,100
OTP,0,20101223,091758,5260,50
RICHTER,0,20101223,091808,42400,38
ECONET,0,20101223,091808,90,1
OTP,0,20101223,091828,5261,400
OTP,0,20101223,091845,5261,100
OTP,0,20101223,091845,5261,185
OTP,0,20101223,091850,5262,862
OTP,0,20101223,091917,5265,690
OTP,0,20101223,091917,5265,500
BUX1112,0,20101223,091917,22080,2
OTP,0,20101223,091925,5260,284
OTP,0,20101223,091925,5260,116
ZWACK,0,20101223,092001,13100,3
MOL,0,20101223,092005,20305,23
MOL,0,20101223,092005,20305,23
ANY,0,20101223,092057,710,4990
MOL,0,20101223,092105,20305,23
MOL,0,20101223,092105,20300,4
RFV,0,20101223,092126,8500,2
RFV,0,20101223,092126,8500,30
MOL,0,20101223,092140,20350,5
RABA,0,20101223,092207,807,35
RABA,0,20101223,092221,807,1
RICHTER,0,20101223,092236,42400,2
RICHTER,0,20101223,092236,42400,20
RABA,0,20101223,092241,810,4
KEG,0,20101223,092253,140,1000
KEG,0,20101223,092253,139,1
OTP,0,20101223,092300,5260,100
GENESIS,0,20101223,092302,191,280
RABA,0,20101223,092307,810,3
MTELEKOM,0,20101223,092324,517,300
MTELEKOM,0,20101223,092324,517,100
MTELEKOM,0,20101223,092324,517,166
MTELEKOM,0,20101223,092324,517,100
MTELEKOM,0,20101223,092324,517,2800
OTP,0,20101223,092330,5260,284
OTP,0,20101223,092330,5260,500
OTP,0,20101223,092330,5260,216
EGIS,0,20101223,092332,20155,30
EGIS,0,20101223,092332,20150,10
MTELEKOM,0,20101223,092354,517,100
SYNERGON,0,20101223,092355,487,1
HUMET,0,20101223,092359,9,5000
OTP,0,20101223,092414,5264,171
BUX1112,0,20101223,092431,22070,1
BUX1112,0,20101223,092539,22070,1
MOL,0,20101223,092555,20300,6
OTP,0,20101223,092604,5268,50
OTP,0,20101223,092604,5268,500
OTP,0,20101223,092604,5270,50
OTP,0,20101223,092604,5270,383
OTP,0,20101223,092611,5270,117
OTP,0,20101223,092632,5261,13
MTELEKOM,0,20101223,092633,517,1000
OTP,0,20101223,092638,5261,500
OTP,0,20101223,092644,5265,500
OTP,0,20101223,092644,5261,487
OTP,0,20101223,092644,5260,13
PANNERGY,0,20101223,092649,908,75
OTP,0,20101223,092655,5261,1
ZWACK,0,20101223,092700,13055,5
ZWACK,0,20101223,092700,13050,2
RICHTER,0,20101223,092724,42350,5
KEG,0,20101223,092804,139,398
KEG,0,20101223,092804,138,502
MTELEKOM,0,20101223,092805,517,135
RICHTER,0,20101223,092840,42350,10
RICHTER,0,20101223,092851,42350,5
OTP,0,20101223,092914,5261,25
BUX1112,0,20101223,092930,22045,1
MTELEKOM,0,20101223,092930,517,1000
OTP,0,20101223,092931,5265,500
RICHTER,0,20101223,092937,42350,50
RICHTER,0,20101223,092950,42350,7
RICHTER,0,20101223,093017,42300,1
MTELEKOM,0,20101223,093034,517,200
FHB,0,20101223,093037,974,350
FHB,0,20101223,093037,975,420
MOL,0,20101223,093042,20300,43
PANNERGY,0,20101223,093052,905,25
PANNERGY,0,20101223,093052,905,475
PANNERGY,0,20101223,093052,902,80
PANNERGY,0,20101223,093052,901,329
PANNERGY,0,20101223,093052,901,300
PANNERGY,0,20101223,093052,900,1200
PANNERGY,0,20101223,093052,900,100
PANNERGY,0,20101223,093052,900,100
PANNERGY,0,20101223,093052,900,500
PANNERGY,0,20101223,093052,894,1000
PANNERGY,0,20101223,093052,891,800
OTP,0,20101223,093054,5265,50
OTP,0,20101223,093054,5265,165
OTP,0,20101223,093058,5265,2
PANNERGY,0,20101223,093102,895,100
OTP,0,20101223,093125,5265,130
RICHTER,0,20101223,093145,42080,5
RICHTER,0,20101223,093154,42080,14
MOL,0,20101223,093233,20300,7
MOL,0,20101223,093239,20300,2
OTP,0,20101223,093243,5265,11
OTP,0,20101223,093246,5266,4200
MOL,0,20101223,093317,20300,10
BUX1112,0,20101223,093324,22045,9
BUX1112,0,20101223,093324,22045,1
MOL,0,20101223,093333,20300,21
MOL,0,20101223,093333,20300,3
MOL,0,20101223,093333,20300,40
MOL,0,20101223,093333,20300,36
MOL,0,20101223,093340,20300,14
MTELEKOM,0,20101223,093344,516,300
MTELEKOM,0,20101223,093344,516,200
MTELEKOM,0,20101223,093344,516,1228
MOL,0,20101223,093346,20300,1
MOL,0,20101223,093346,20300,5
MTELEKOM,0,20101223,093405,517,67
MTELEKOM,0,20101223,093421,517,400
OTP,0,20101223,093521,5265,137
OTP,0,20101223,093521,5265,263
GENESIS,0,20101223,093534,193,410
OTP,0,20101223,093648,5269,200
OTP,0,20101223,093648,5270,50
OTP,0,20101223,093648,5270,5
OTP,0,20101223,093648,5270,16
OTP,0,20101223,093655,5270,4
OTP,0,20101223,093655,5270,157
FOTEX,0,20101223,093704,384,490
OTP,0,20101223,093716,5269,73
MOL,0,20101223,093720,20250,4
RICHTER,0,20101223,093817,42350,25
RICHTER,0,20101223,093817,42350,23
OTP,0,20101223,093840,5265,1000
OTP,0,20101223,093906,5265,1000
OTP,0,20101223,093913,5261,474
OTP,0,20101223,093913,5260,26
OTP,0,20101223,093957,5265,2200
FHB,0,20101223,094009,975,185
MOL,0,20101223,094010,20250,13
HUMET,0,20101223,094016,9,5973
HUMET,0,20101223,094016,9,4027
OTP,0,20101223,094024,5263,3200
OTP,0,20101223,094029,5263,800
MOL,0,20101223,094035,20270,30
MOL,0,20101223,094040,20265,19
MOL,0,20101223,094040,20270,15
OTP,0,20101223,094057,5268,23
PANNERGY,0,20101223,094120,900,100
PANNERGY,0,20101223,094141,900,111
PANNERGY,0,20101223,094201,900,500
BUX1112,0,20101223,094234,22041.5,1
BUX1112,0,20101223,094234,22041,1
BUX1112,0,20101223,094234,22034,1
BUX1112,0,20101223,094234,22032,1
BUX1112,0,20101223,094234,22031,1
MTELEKOM,0,20101223,094246,517,632
MTELEKOM,0,20101223,094246,518,368
MTELEKOM,0,20101223,094252,517,7000
MTELEKOM,0,20101223,094252,517,1500
MTELEKOM,0,20101223,094259,516,525
MTELEKOM,0,20101223,094311,518,2130
ECONET,0,20101223,094312,90,343
RABA,0,20101223,094400,805,200
KEG,0,20101223,094408,139,1000
KEG,0,20101223,094408,138,946
KEG,0,20101223,094408,138,2500
KEG,0,20101223,094408,138,600
KEG,0,20101223,094408,138,200
KEG,0,20101223,094408,138,400
KEG,0,20101223,094408,138,1001
KEG,0,20101223,094408,138,750
KEG,0,20101223,094408,137,3000
KEG,0,20101223,094408,137,730
KEG,0,20101223,094408,137,1100
KEG,0,20101223,094408,137,292
KEG,0,20101223,094408,137,481
PANNERGY,0,20101223,094418,900,5
PANNERGY,0,20101223,094418,900,45
KEG,0,20101223,094442,140,184
KEG,0,20101223,094442,140,2000
KEG,0,20101223,094442,141,816
ECONET,0,20101223,094452,90,657
FHB,0,20101223,094456,976,2000
PANNERGY,0,20101223,094458,900,59
KEG,0,20101223,094511,140,300
MTELEKOM,0,20101223,094610,517,200
PANNERGY,0,20101223,094645,900,1
PANNERGY,0,20101223,094645,900,25
GENESIS,0,20101223,094646,191,220
GENESIS,0,20101223,094646,191,280
GENESIS,0,20101223,094646,190,40
OTP,0,20101223,094652,5265,167
FOTEX,0,20101223,094701,384,10
FOTEX,0,20101223,094701,382,599
FOTEX,0,20101223,094701,382,100
FOTEX,0,20101223,094713,382,500
FOTEX,0,20101223,094718,382,291
MTELEKOM,0,20101223,094728,517,100
MTELEKOM,0,20101223,094728,517,100
MOL,0,20101223,094819,20280,46
MOL,0,20101223,094819,20290,50
MOL,0,20101223,094819,20295,20
MOL,0,20101223,094819,20300,19
MOL,0,20101223,094819,20300,75
MOL,0,20101223,094819,20300,250
MOL,0,20101223,094852,20300,40
MOL,0,20101223,094852,20300,11
MOL,0,20101223,094852,20300,100
ECONET,0,20101223,094908,90,13843
MOL,0,20101223,094921,20300,60
FHB,0,20101223,094932,975,100
OTP,0,20101223,094948,5261,10
OTP,0,20101223,094948,5260,50
OTP,0,20101223,094948,5260,50
MOL,0,20101223,095057,20300,2
OTP,0,20101223,095117,5263,1
OTP,0,20101223,095117,5263,165
OTP,0,20101223,095117,5265,484
MTELEKOM,0,20101223,095126,517,200
RABA,0,20101223,095149,807,50
OTP,0,20101223,095153,5260,76
OTP,0,20101223,095153,5260,224
MOL,0,20101223,095216,20250,83
MOL,0,20101223,095216,20250,10
MOL,0,20101223,095216,20250,100
MOL,0,20101223,095216,20250,10
MOL,0,20101223,095225,20250,284
OTP,0,20101223,095318,5265,16
OTP,0,20101223,095318,5265,43
OTP,0,20101223,095318,5268,1
OTP,0,20101223,095318,5269,35
MTELEKOM,0,20101223,095337,517,1000
RICHTER,0,20101223,095356,42260,21
MTELEKOM,0,20101223,095407,517,548
MTELEKOM,0,20101223,095407,517,1052
ECONET,0,20101223,095412,90,1157
RFV,0,20101223,095419,8500,20
MOL,0,20101223,095513,20250,30
MOL,0,20101223,095513,20250,100
MOL,0,20101223,095513,20250,20
FHB,0,20101223,095547,978,15
PANNERGY,0,20101223,095553,895,57
BUX1112,0,20101223,095554,22040,1
OTP,0,20101223,095621,5265,200
MOL,0,20101223,095722,20250,18
ECONET,0,20101223,095725,90,11343
MOL,0,20101223,095804,20255,40
MOL,0,20101223,095810,20255,7
MTELEKOM,0,20101223,095818,517,1000
MTELEKOM,0,20101223,095818,517,680
OTP,0,20101223,095843,5260,276
OTP,0,20101223,095843,5260,124
OTP,0,20101223,095902,5260,40
MTELEKOM,0,20101223,100004,517,268
MTELEKOM,0,20101223,100004,518,732
MOL,0,20101223,100043,20255,1
RICHTER,0,20101223,100057,42290,5
RICHTER,0,20101223,100057,42290,21
SYNERGON,0,20101223,100112,485,500
BUX1112,0,20101223,100139,22040,2
MOL,0,20101223,100232,20300,45
MOL,0,20101223,100232,20300,250
MOL,0,20101223,100232,20300,5
MOL,0,20101223,100240,20300,200
MOL,0,20101223,100247,20300,15
MOL,0,20101223,100247,20300,250
FHB,0,20101223,100254,975,50
MOL,0,20101223,100257,20300,35
MOL,0,20101223,100307,20300,45
MOL,0,20101223,100308,20300,100
MOL,0,20101223,100321,20300,250
MOL,0,20101223,100322,20300,70
MOL,0,20101223,100322,20300,52
MOL,0,20101223,100322,20300,4
MOL,0,20101223,100324,20300,38
OTP,0,20101223,100350,5262,56
BUX1112,0,20101223,100352,22040,1
OTP,0,20101223,100439,5260,136
OTP,0,20101223,100439,5260,364
MOL,0,20101223,100450,20300,16
OTP,0,20101223,100451,5260,136
MOL,0,20101223,100454,20300,46
MOL,0,20101223,100454,20300,40
MOL,0,20101223,100454,20300,50
MOL,0,20101223,100459,20300,100
OTP,0,20101223,100512,5260,364
OTP,0,20101223,100512,5260,121
OTP,0,20101223,100512,5260,15
OTP,0,20101223,100523,5260,5
OTP,0,20101223,100530,5260,5
OTP,0,20101223,100530,5260,18
OTP,0,20101223,100535,5260,482
OTP,0,20101223,100541,5260,500
OTP,0,20101223,100548,5260,18
SYNERGON,0,20101223,100553,485,1900
OTP,0,20101223,100559,5260,25
ZWACK,0,20101223,100620,13070,2
FHB,0,20101223,100628,975,565
FHB,0,20101223,100628,972,135
RABA,0,20101223,100633,806,300
MOL,0,20101223,100638,20300,2
OTP,0,20101223,100641,5260,23
OTP,0,20101223,100642,5260,434
ZWACK,0,20101223,100705,13100,12
MTELEKOM,0,20101223,100718,516,1747
MTELEKOM,0,20101223,100718,516,180
MTELEKOM,0,20101223,100718,516,60
MTELEKOM,0,20101223,100718,516,113
MTELEKOM,0,20101223,100808,517,1145
MTELEKOM,0,20101223,100809,517,955
OTP,0,20101223,100819,5260,364
MTELEKOM,0,20101223,100831,517,15
PANNERGY,0,20101223,100851,899,100
PANNERGY,0,20101223,100851,900,404
PANNERGY,0,20101223,100851,900,1000
PANNERGY,0,20101223,100851,900,200
OTP,0,20101223,100927,5259,110
OTP,0,20101223,100934,5259,70
MTELEKOM,0,20101223,100937,517,200
OTP,0,20101223,100940,5259,97
MTELEKOM,0,20101223,101025,517,375
RABA,0,20101223,101057,807,40
RABA,0,20101223,101057,807,120
RABA,0,20101223,101057,808,300
RABA,0,20101223,101057,809,540
BUX1112,0,20101223,101133,22040,1
MOL,0,20101223,101207,20300,12
MOL,0,20101223,101207,20300,232
MOL,0,20101223,101207,20300,250
MOL,0,20101223,101211,20260,39
MOL,0,20101223,101211,20255,49
MOL,0,20101223,101211,20255,100
MOL,0,20101223,101211,20255,62
OTP,0,20101223,101220,5259,488
OTP,0,20101223,101220,5259,500
OTP,0,20101223,101222,5250,100
OTP,0,20101223,101222,5250,50
OTP,0,20101223,101222,5250,350
MOL,0,20101223,101229,20300,100
MOL,0,20101223,101238,20300,6
MTELEKOM,0,20101223,101253,517,555
MTELEKOM,0,20101223,101253,517,200
MTELEKOM,0,20101223,101253,517,120
MTELEKOM,0,20101223,101253,517,300
MOL,0,20101223,101314,20300,100
HUMET,0,20101223,101318,9,7973
HUMET,0,20101223,101318,9,5000
HUMET,0,20101223,101318,9,8027
OTP,0,20101223,101320,5255,175
OTP,0,20101223,101320,5255,174
BUX1112,0,20101223,101330,22040,1
EGIS,0,20101223,101333,20300,75
MOL,0,20101223,101335,20300,44
MOL,0,20101223,101335,20300,40
MOL,0,20101223,101342,20300,16
OTP,0,20101223,101424,5255,151
EMASZ,0,20101223,101518,21010,5
OTP,0,20101223,101529,5255,107
MTELEKOM,0,20101223,101535,517,81
ZWACK,0,20101223,101556,13100,88
OTP,0,20101223,101606,5255,193
OTP,0,20101223,101606,5250,521
RFV,0,20101223,101613,8498,25
RFV,0,20101223,101613,8499,39
PANNERGY,0,20101223,101701,900,53
BUX1112,0,20101223,101705,22032,1
BUX1112,0,20101223,101705,22031,3
FHB,0,20101223,101707,975,1000
MTELEKOM,0,20101223,101716,516,544
RABA,0,20101223,101741,807,125
MTELEKOM,0,20101223,101747,517,850
MTELEKOM,0,20101223,101747,517,9150
RICHTER,0,20101223,101759,42260,20
OTP,0,20101223,101820,5251,2000
BOOK,0,20101223,101820,483,60
MTELEKOM,0,20101223,101829,517,200
PANNERGY,0,20101223,101901,900,247
PANNERGY,0,20101223,101901,903,200
PANNERGY,0,20101223,101901,905,553
OTP,0,20101223,101910,5250,111
KEG,0,20101223,101913,139,1780
RABA,0,20101223,101939,806,2000
ECONET,0,20101223,102053,90,252
FHB,0,20101223,102053,973,47
OTP,0,20101223,102116,5258,172
HUMET,0,20101223,102130,9,2973
HUMET,0,20101223,102130,9,17027
GENESIS,0,20101223,102142,191,500
MOL,0,20101223,102227,20260,5
FOTEX,0,20101223,102313,383,130
FOTEX,0,20101223,102313,382,270
OTP,0,20101223,102323,5257,4000
MOL,0,20101223,102327,20295,30
MOL,0,20101223,102327,20300,70
BUX1112,0,20101223,102333,22024,1
BUX1112,0,20101223,102333,22024,1
OTP,0,20101223,102358,5258,60
MOL,0,20101223,102405,20300,164
MOL,0,20101223,102405,20300,45
OTP,0,20101223,102412,5260,30
OTP,0,20101223,102412,5260,30
OTP,0,20101223,102412,5260,23
OTP,0,20101223,102412,5260,26
OTP,0,20101223,102412,5260,480
OTP,0,20101223,102412,5260,13
OTP,0,20101223,102412,5260,61
OTP,0,20101223,102412,5260,30
OTP,0,20101223,102435,5265,18
MTELEKOM,0,20101223,102507,517,31
RICHTER,0,20101223,102618,42225,30
OTP,0,20101223,102645,5260,10
OTP,0,20101223,102743,5265,21
OTP,0,20101223,102743,5265,11
OTP,0,20101223,102743,5265,40
OTP,0,20101223,102743,5265,158
MOL,0,20101223,102829,20290,100
MOL,0,20101223,102832,20290,20
FHB,0,20101223,102841,973,100
FHB,0,20101223,102858,973,78
GENESIS,0,20101223,102859,190,660
ANY,0,20101223,102917,714,85
OTP,0,20101223,102935,5260,550
MOL,0,20101223,102947,20260,8
MOL,0,20101223,102947,20260,14
OTP,0,20101223,102952,5265,6
EGIS,0,20101223,103017,20320,5
MTELEKOM,0,20101223,103023,517,619
MTELEKOM,0,20101223,103023,517,200
MTELEKOM,0,20101223,103023,517,181
OTP,0,20101223,103047,5260,400
RICHTER,0,20101223,103126,42225,22
MTELEKOM,0,20101223,103207,517,1531
MTELEKOM,0,20101223,103207,518,353
MTELEKOM,0,20101223,103217,517,10000
HUMET,0,20101223,103233,9,2973
MOL,0,20101223,103406,20290,10
OTP,0,20101223,103412,5265,192
OTP,0,20101223,103412,5265,188
RABA,0,20101223,103421,807,107
MTELEKOM,0,20101223,103436,517,270
KEG,0,20101223,103456,140,701
KEG,0,20101223,103456,140,564
GENESIS,0,20101223,103523,190,660
KEG,0,20101223,103531,141,184
KEG,0,20101223,103531,141,1000
KEG,0,20101223,103531,141,399
KEG,0,20101223,103531,141,417
RICHTER,0,20101223,103539,42290,15
RICHTER,0,20101223,103539,42290,8
RICHTER,0,20101223,103539,42290,4
RICHTER,0,20101223,103539,42290,7
RICHTER,0,20101223,103539,42290,3
RICHTER,0,20101223,103539,42290,20
MOL,0,20101223,103553,20285,33
MTELEKOM,0,20101223,103604,517,800
OTP,0,20101223,103610,5265,1270
KEG,0,20101223,103628,141,583
KEG,0,20101223,103628,141,1000
KEG,0,20101223,103628,142,417
EMASZ,0,20101223,103650,21000,1
KEG,0,20101223,103702,142,583
KEG,0,20101223,103702,142,1417
EMASZ,0,20101223,103704,21000,24
KEG,0,20101223,103729,140,260
OTP,0,20101223,103746,5265,80
OTP,0,20101223,103746,5260,1540
OTP,0,20101223,103746,5260,20
MOL,0,20101223,103748,20280,10
MTELEKOM,0,20101223,103754,518,17
MTELEKOM,0,20101223,103754,518,30
MTELEKOM,0,20101223,103754,518,453
BUX1112,0,20101223,103821,22030,2
RABA,0,20101223,103822,808,500
GENESIS,0,20101223,103848,190,660
OTP,0,20101223,103856,5260,1000
OTP,0,20101223,103901,5260,690
KEG,0,20101223,103912,141,730
PANNERGY,0,20101223,104007,900,69
MOL,0,20101223,104022,20270,100
OTP,0,20101223,104038,5255,6
MOL,0,20101223,104047,20275,12
MOL,0,20101223,104059,20275,38
OTP,0,20101223,104108,5260,150
MOL,0,20101223,104120,20260,86
MOL,0,20101223,104120,20260,100
MOL,0,20101223,104120,20260,100
MOL,0,20101223,104120,20260,20
MOL,0,20101223,104131,20260,100
MOL,0,20101223,104133,20255,3
MOL,0,20101223,104133,20255,20
MOL,0,20101223,104133,20255,23
ZWACK,0,20101223,104137,13070,1
ZWACK,0,20101223,104137,13070,3
ZWACK,0,20101223,104137,13065,1
ZWACK,0,20101223,104137,13050,15
KEG,0,20101223,104140,141,750
DANUBIUS,0,20101223,104145,4305,9
DANUBIUS,0,20101223,104145,4300,91
MOL,0,20101223,104147,20260,84
GENESIS,0,20101223,104200,190,20
GENESIS,0,20101223,104200,190,640
KEG,0,20101223,104221,142,2380
RICHTER,0,20101223,104228,42300,2
RICHTER,0,20101223,104228,42300,25
MOL,0,20101223,104232,20275,132
MOL,0,20101223,104302,20285,500
GENESIS,0,20101223,104319,190,20
BOOK,0,20101223,104325,483,168
RICHTER,0,20101223,104329,42340,10
RICHTER,0,20101223,104329,42340,5
OTP,0,20101223,104330,5255,105
OTP,0,20101223,104330,5255,300
OTP,0,20101223,104330,5255,190
ANY,0,20101223,104334,707,100
PANNERGY,0,20101223,104336,905,365
MOL,0,20101223,104337,20290,50
BOOK,0,20101223,104338,483,72
OTP,0,20101223,104339,5255,70
SYNERGON,0,20101223,104343,480,200
SYNERGON,0,20101223,104343,480,3
SYNERGON,0,20101223,104343,480,197
OTP,0,20101223,104350,5258,167
RICHTER,0,20101223,104411,42350,20
RICHTER,0,20101223,104411,42350,2
RICHTER,0,20101223,104411,42350,3
RICHTER,0,20101223,104411,42350,2
RICHTER,0,20101223,104439,42350,30
FHB,0,20101223,104504,973,161
HUMET,0,20101223,104513,8,50
MOL,0,20101223,104532,20285,46
MTELEKOM,0,20101223,104601,518,110
OTP,0,20101223,104606,5256,100
MTELEKOM,0,20101223,104618,518,200
MOL,0,20101223,104618,20290,500
MOL,0,20101223,104627,20290,320
MOL,0,20101223,104649,20295,1000
MOL,0,20101223,104649,20295,10
BUX1112,0,20101223,104651,22040,1
MOL,0,20101223,104655,20295,49
MOL,0,20101223,104655,20300,151
OTP,0,20101223,104715,5255,40
OTP,0,20101223,104715,5255,40
MOL,0,20101223,104751,20300,99
MOL,0,20101223,104751,20300,201
HUMET,0,20101223,104753,10,100
MOL,0,20101223,104757,20300,10
MOL,0,20101223,104808,20300,50
GSPARK,0,20101223,104813,777,72
BUX1112,0,20101223,104819,22040,4
OTP,0,20101223,104911,5256,2140
RICHTER,0,20101223,104925,42350,7
OTP,0,20101223,105006,5258,153
OTP,0,20101223,105006,5260,29
OTP,0,20101223,105006,5260,10
OTP,0,20101223,105006,5264,8
MTELEKOM,0,20101223,105025,518,237
MTELEKOM,0,20101223,105025,518,1000
MTELEKOM,0,20101223,105025,518,500
MTELEKOM,0,20101223,105025,518,55
MTELEKOM,0,20101223,105025,518,1208
ECONET,0,20101223,105039,90,905
ECONET,0,20101223,105039,90,1095
OTP,0,20101223,105044,5255,45
OTP,0,20101223,105358,5260,390
RFV,0,20101223,105404,8440,10
OTP,0,20101223,105410,5260,2
RABA,0,20101223,105428,807,19
RICHTER,0,20101223,105531,42300,22
MTELEKOM,0,20101223,105604,517,1808
MOL,0,20101223,105605,20295,43
MOL,0,20101223,105605,20295,457
KEG,0,20101223,105608,141,460
OTP,0,20101223,105619,5260,208
OTP,0,20101223,105619,5255,115
OTP,0,20101223,105619,5255,50
OTP,0,20101223,105619,5255,27
PHYLAXIA,0,20101223,105621,44,3000
MOL,0,20101223,105622,20295,43
MOL,0,20101223,105622,20300,1739
MOL,0,20101223,105622,20300,40
MOL,0,20101223,105622,20300,10
MOL,0,20101223,105622,20300,15
MOL,0,20101223,105622,20300,10
MOL,0,20101223,105627,20300,52
MOL,0,20101223,105627,20305,948
MOL,0,20101223,105627,20305,3
MOL,0,20101223,105633,20305,49
OTP,0,20101223,105655,5255,5
OTP,0,20101223,105709,5255,268
OTP,0,20101223,105709,5251,350
OTP,0,20101223,105709,5250,141
MTELEKOM,0,20101223,105726,518,40
ANY,0,20101223,105750,710,670
OTP,0,20101223,105755,5260,50
MOL,0,20101223,105803,20330,3
RABA,0,20101223,105812,806,25
MOL,0,20101223,105814,20305,10
MOL,0,20101223,105814,20300,254
OTP,0,20101223,105835,5251,50
OTP,0,20101223,105835,5250,359
OTP,0,20101223,105835,5250,40
OTP,0,20101223,105835,5250,51
MOL,0,20101223,105839,20300,5
OTP,0,20101223,105849,5251,20
RABA,0,20101223,105941,806,100
MTELEKOM,0,20101223,105951,518,426
GENESIS,0,20101223,105954,190,50
OTP,0,20101223,110050,5252,20
OTP,0,20101223,110105,5252,80
MOL,0,20101223,110136,20300,32
OTP,0,20101223,110156,5252,39
OTP,0,20101223,110156,5252,161
RICHTER,0,20101223,110228,42325,2
PHYLAXIA,0,20101223,110249,45,42
BUX1112,0,20101223,110321,22050,1
RABA,0,20101223,110421,807,25
RICHTER,0,20101223,110507,42300,1
RICHTER,0,20101223,110507,42300,49
MTELEKOM,0,20101223,110513,518,1480
RICHTER,0,20101223,110620,42300,20
KEG,0,20101223,110629,141,60
RICHTER,0,20101223,110756,42300,45
OTP,0,20101223,110835,5251,480
OTP,0,20101223,110835,5251,110
OTP,0,20101223,110835,5250,170
OTP,0,20101223,110842,5250,78
ECONET,0,20101223,110909,90,910
RICHTER,0,20101223,110919,42300,6
MOL,0,20101223,111157,20300,47
OTP,0,20101223,111158,5250,177
MTELEKOM,0,20101223,111208,517,10
MTELEKOM,0,20101223,111355,517,643
SYNERGON,0,20101223,111420,480,3
OTP,0,20101223,111438,5251,5
OTP,0,20101223,111438,5251,40
RICHTER,0,20101223,111440,42225,2
MTELEKOM,0,20101223,111525,518,130
RICHTER,0,20101223,111537,42195,4
MOL,0,20101223,111619,20300,20
MTELEKOM,0,20101223,111628,517,1680
RABA,0,20101223,111629,806,75
RABA,0,20101223,111629,804,125
RABA,0,20101223,111629,803,80
RICHTER,0,20101223,111801,42160,16
OTP,0,20101223,111838,5252,2
OTP,0,20101223,111853,5251,40
OTP,0,20101223,111914,5251,235
OTP,0,20101223,111914,5251,20
OTP,0,20101223,111914,5250,4524
OTP,0,20101223,111914,5250,49
OTP,0,20101223,111914,5250,3
OTP,0,20101223,111914,5250,420
OTP,0,20101223,111914,5250,22
OTP,0,20101223,111914,5249,42
OTP,0,20101223,111914,5249,40
MOL,0,20101223,111945,20305,40
OTP,0,20101223,112011,5249,10
OTP,0,20101223,112014,5249,8
OTP,0,20101223,112014,5249,149
OTP,0,20101223,112014,5250,1851
MTELEKOM,0,20101223,112030,518,3866
MTELEKOM,0,20101223,112030,518,495
MTELEKOM,0,20101223,112030,518,200
MTELEKOM,0,20101223,112030,518,30
MTELEKOM,0,20101223,112035,518,4468
MTELEKOM,0,20101223,112035,517,5859
MTELEKOM,0,20101223,112035,517,10
MTELEKOM,0,20101223,112035,517,100
OTP,0,20101223,112038,5250,149
MOL,0,20101223,112103,20305,1
RABA,0,20101223,112147,803,57
OTP,0,20101223,112158,5251,500
SYNERGON,0,20101223,112221,476,100
SYNERGON,0,20101223,112221,475,250
SYNERGON,0,20101223,112221,475,200
SYNERGON,0,20101223,112221,475,220
SYNERGON,0,20101223,112221,475,151
SYNERGON,0,20101223,112221,475,400
SYNERGON,0,20101223,112221,475,200
MOL,0,20101223,112325,20310,300
SYNERGON,0,20101223,112422,475,333
SYNERGON,0,20101223,112437,475,500
KEG,0,20101223,112446,141,457
KEG,0,20101223,112446,141,243
SYNERGON,0,20101223,112447,475,400
SYNERGON,0,20101223,112450,475,1500
SYNERGON,0,20101223,112454,475,785
MOL,0,20101223,112504,20305,49
MOL,0,20101223,112504,20300,51
PHYLAXIA,0,20101223,112506,44,6250
MOL,0,20101223,112530,20300,45
PHYLAXIA,0,20101223,112530,45,250
PHYLAXIA,0,20101223,112530,45,868
OTP,0,20101223,112705,5251,166
MOL,0,20101223,112726,20305,48
MOL,0,20101223,112741,20310,200
OTP,0,20101223,112753,5250,1451
OTP,0,20101223,112753,5245,279
MOL,0,20101223,112816,20330,45
MOL,0,20101223,112816,20330,4
RICHTER,0,20101223,112816,42160,21
GENESIS,0,20101223,112825,190,790
OTP,0,20101223,112850,5250,1450
ECONET,0,20101223,112852,90,2000
OTP,0,20101223,113005,5245,15
SYNERGON,0,20101223,113036,475,100
SYNERGON,0,20101223,113042,475,200
SYNERGON,0,20101223,113059,475,100
SYNERGON,0,20101223,113112,475,100
OTP,0,20101223,113135,5245,7
OTP,0,20101223,113241,5245,199
OTP,0,20101223,113241,5245,161
RFV,0,20101223,113249,8480,28
FOTEX,0,20101223,113306,382,86
OTP,0,20101223,113322,5247,161
OTP,0,20101223,113322,5250,135
OTP,0,20101223,113322,5252,18
OTP,0,20101223,113322,5255,5
RCSP500,0,20101223,113554,2642,1691
FHB,0,20101223,113647,976,210
MTELEKOM,0,20101223,113738,516,400
RICHTER,0,20101223,113923,42160,13
RICHTER,0,20101223,113923,42160,1
RICHTER,0,20101223,113934,42105,50
RICHTER,0,20101223,113934,42105,4
RICHTER,0,20101223,113934,42100,100
RICHTER,0,20101223,113934,42100,5
RICHTER,0,20101223,113934,42100,2
RICHTER,0,20101223,113934,42100,1
MTELEKOM,0,20101223,113940,517,400
KEG,0,20101223,114028,141,220
OTP,0,20101223,114041,5248,110
OTP,0,20101223,114053,5250,22
OTP,0,20101223,114055,5250,60
OTP,0,20101223,114105,5250,85
MTELEKOM,0,20101223,114107,516,943
MTELEKOM,0,20101223,114107,516,40
MTELEKOM,0,20101223,114107,516,816
MTELEKOM,0,20101223,114113,517,500
MTELEKOM,0,20101223,114154,517,220
MTELEKOM,0,20101223,114202,517,400
SYNERGON,0,20101223,114224,476,250
FREESOFT,0,20101223,114237,1955,2965
RABA,0,20101223,114239,805,1000
MOL,0,20101223,114249,20310,7
RICHTER,0,20101223,114256,42100,1
RICHTER,0,20101223,114256,42085,1
RICHTER,0,20101223,114256,42085,1
RICHTER,0,20101223,114256,42080,3
RICHTER,0,20101223,114256,42070,1
RICHTER,0,20101223,114310,42070,22
MOL,0,20101223,114330,20320,7
RICHTER,0,20101223,114331,42100,100
BUX1112,0,20101223,114345,22050,1
OTP,0,20101223,114346,5250,60
MOL,0,20101223,114356,20310,36
MOL,0,20101223,114442,20310,21
MOL,0,20101223,114442,20310,79
OTP,0,20101223,114535,5250,20
OTP,0,20101223,114535,5250,49
RABA,0,20101223,114539,806,100
BUX1112,0,20101223,114604,22034,1
MOL,0,20101223,114609,20320,17
MTELEKOM,0,20101223,114638,517,116
RICHTER,0,20101223,114712,42085,22
OTP,0,20101223,114736,5249,119
OTP,0,20101223,114737,5255,40
OTP,0,20101223,114737,5259,60
OTP,0,20101223,114746,5250,300
MTELEKOM,0,20101223,114843,517,4
PHYLAXIA,0,20101223,114844,44,3750
PHYLAXIA,0,20101223,114844,44,6303
MOL,0,20101223,114850,20310,50
MTELEKOM,0,20101223,114929,517,100
OTP,0,20101223,114942,5246,280
OTP,0,20101223,114942,5246,20
OTP,0,20101223,115008,5250,280
OTP,0,20101223,115030,5250,9
RICHTER,0,20101223,115032,42100,50
OTP,0,20101223,115217,5250,150
MOL,0,20101223,115235,20310,21
MOL,0,20101223,115300,20310,47
OTP,0,20101223,115311,5254,41
PFLAX,0,20101223,115320,492,200
MTELEKOM,0,20101223,115352,517,1141
RICHTER,0,20101223,115401,42100,5
RICHTER,0,20101223,115411,42100,5
ANY,0,20101223,115435,712,14000
OTP,0,20101223,115515,5246,400
OTP,0,20101223,115557,5254,10
RFV,0,20101223,115608,8440,10
RFV,0,20101223,115608,8440,10
RFV,0,20101223,115608,8422,10
RFV,0,20101223,115608,8421,3
OTP,0,20101223,115609,5250,13
OTP,0,20101223,115634,5250,360
MOL,0,20101223,115742,20310,3
OTP,0,20101223,115825,5252,155
OTP,0,20101223,115825,5254,137
SYNERGON,0,20101223,115844,482,13
ECONET,0,20101223,115908,89,7700
OTP,0,20101223,115908,5254,30
RICHTER,0,20101223,115935,42100,5
RICHTER,0,20101223,120021,42085,1
KEG,0,20101223,120028,141,137
KEG,0,20101223,120028,142,63
RICHTER,0,20101223,120043,42085,4
BUX1112,0,20101223,120044,22050,1
RICHTER,0,20101223,120049,42070,2
RICHTER,0,20101223,120103,42050,6
RICHTER,0,20101223,120103,42050,19
MTELEKOM,0,20101223,120251,516,1084
MTELEKOM,0,20101223,120251,516,100
MTELEKOM,0,20101223,120251,516,567
RICHTER,0,20101223,120258,42070,5
RICHTER,0,20101223,120307,42070,1
MOL,0,20101223,120347,20300,41
OTP,0,20101223,120400,5254,33
OTP,0,20101223,120400,5254,30
MOL,0,20101223,120431,20300,25
RICHTER,0,20101223,120442,42050,9
MTELEKOM,0,20101223,120511,516,2433
MTELEKOM,0,20101223,120511,516,97
MTELEKOM,0,20101223,120515,517,423
MTELEKOM,0,20101223,120515,517,2107
OTP,0,20101223,120530,5251,300
OTP,0,20101223,120539,5254,137
OTP,0,20101223,120539,5254,185
OTP,0,20101223,120543,5250,30
OTP,0,20101223,120553,5250,97
OTP,0,20101223,120553,5250,300
OTP,0,20101223,120628,5250,500
OTP,0,20101223,120628,5245,40
OTP,0,20101223,120628,5245,863
BUX1112,0,20101223,120659,22033,2
BUX1112,0,20101223,120659,22030,1
RFV,0,20101223,120737,8421,2
OTP,0,20101223,120822,5253,2850
MOL,0,20101223,120824,20300,10
OTP,0,20101223,120846,5251,200
OTP,0,20101223,120908,5251,300
RICHTER,0,20101223,120915,42070,1
RICHTER,0,20101223,120915,42055,5
RICHTER,0,20101223,120915,42055,14
MTELEKOM,0,20101223,120918,516,1200
RFV,0,20101223,120932,8475,10
MOL,0,20101223,121043,20300,24
MOL,0,20101223,121043,20300,76
OTP,0,20101223,121115,5255,100
OTP,0,20101223,121254,5251,357
OTP,0,20101223,121254,5250,500
OTP,0,20101223,121254,5246,20
RICHTER,0,20101223,121257,42055,6
MOL,0,20101223,121308,20300,4
MOL,0,20101223,121308,20300,41
OTP,0,20101223,121309,5245,4137
OTP,0,20101223,121309,5245,45
OTP,0,20101223,121338,5245,30
OTP,0,20101223,121340,5245,172
OTP,0,20101223,121350,5245,1
OTP,0,20101223,121403,5250,1000
OTP,0,20101223,121410,5250,143
OTP,0,20101223,121441,5250,200
MOL,0,20101223,121449,20300,59
MOL,0,20101223,121449,20300,20
RICHTER,0,20101223,121510,42050,20
RICHTER,0,20101223,121523,42050,14
MTELEKOM,0,20101223,121532,517,460
RICHTER,0,20101223,121557,42100,5
SYNERGON,0,20101223,121600,482,28
SYNERGON,0,20101223,121600,482,117
KEG,0,20101223,121643,141,137
MTELEKOM,0,20101223,121645,517,200
MOL,0,20101223,121703,20285,6
MOL,0,20101223,121703,20285,24
RABA,0,20101223,121721,805,700
OTP,0,20101223,121748,5251,797
OTP,0,20101223,121757,5253,1000
MOL,0,20101223,121835,20290,77
OTP,0,20101223,121840,5253,550
OTP,0,20101223,121840,5251,3175
MOL,0,20101223,121901,20285,50
MTELEKOM,0,20101223,122013,516,3000
OTP,0,20101223,122019,5251,500
GENESIS,0,20101223,122044,191,460
MOL,0,20101223,122143,20280,43
ECONET,0,20101223,122226,90,1100
RICHTER,0,20101223,122248,42100,45
RICHTER,0,20101223,122248,42100,50
MTELEKOM,0,20101223,122257,517,233
MTELEKOM,0,20101223,122257,517,467
MTELEKOM,0,20101223,122328,517,100
MTELEKOM,0,20101223,122341,516,1736
RICHTER,0,20101223,122342,42050,38
RICHTER,0,20101223,122342,42050,5
RICHTER,0,20101223,122342,42050,2
OTP,0,20101223,122414,5251,50
OTP,0,20101223,122442,5250,30
MTELEKOM,0,20101223,122448,517,284
MTELEKOM,0,20101223,122448,517,1400
RICHTER,0,20101223,122606,42050,21
OTP,0,20101223,122706,5250,50
OTP,0,20101223,122710,5250,121
OTP,0,20101223,123012,5250,40
OTP,0,20101223,123022,5250,205
ECONET,0,20101223,123053,89,1300
ECONET,0,20101223,123053,89,200
RABA,0,20101223,123059,804,80
RABA,0,20101223,123059,803,33
RABA,0,20101223,123059,803,587
OTP,0,20101223,123103,5251,163
OTP,0,20101223,123104,5250,354
OTP,0,20101223,123104,5250,66
MOL,0,20101223,123105,20285,47
MOL,0,20101223,123105,20290,108
MOL,0,20101223,123111,20290,80
OTP,0,20101223,123122,5253,300
OTP,0,20101223,123129,5250,300
MOL,0,20101223,123150,20290,30
OTP,0,20101223,123233,5250,431
OTP,0,20101223,123233,5246,500
MOL,0,20101223,123240,20285,27
MOL,0,20101223,123240,20285,316
MOL,0,20101223,123240,20300,21
MOL,0,20101223,123240,20300,50
MOL,0,20101223,123246,20305,100
OTP,0,20101223,123255,5241,69
OTP,0,20101223,123255,5241,20
RICHTER,0,20101223,123319,42070,10
RICHTER,0,20101223,123326,42080,21
ECONET,0,20101223,123334,89,1080
ECONET,0,20101223,123334,89,400
ECONET,0,20101223,123334,89,500
ECONET,0,20101223,123334,89,600
ECONET,0,20101223,123334,89,1500
ECONET,0,20101223,123334,89,1170
RICHTER,0,20101223,123349,42100,5
OTP,0,20101223,123419,5248,180
PHYLAXIA,0,20101223,123455,44,500
RFV,0,20101223,123510,8425,102
FHB,0,20101223,123511,976,863
MOL,0,20101223,123540,20305,121
MOL,0,20101223,123540,20305,194
OTP,0,20101223,123632,5245,82
OTP,0,20101223,123749,5250,500
OTP,0,20101223,123749,5250,165
OTP,0,20101223,123749,5250,2000
OTP,0,20101223,123749,5250,275
OTP,0,20101223,123751,5245,418
ECONET,0,20101223,123823,89,1830
ECONET,0,20101223,123823,89,1000
ECONET,0,20101223,123823,89,1826
MOL,0,20101223,123840,20350,500
MOL,0,20101223,123840,20350,12
MOL,0,20101223,123840,20350,5
MOL,0,20101223,123840,20350,20
MOL,0,20101223,123840,20350,52
MOL,0,20101223,123840,20350,44
ECONET,0,20101223,123903,89,630
OTP,0,20101223,123914,5241,161
OTP,0,20101223,123914,5240,100
OTP,0,20101223,123914,5240,280
OTP,0,20101223,123914,5240,5
OTP,0,20101223,123914,5240,1000
RFV,0,20101223,123920,8425,100
OTP,0,20101223,123949,5236,50
OTP,0,20101223,124013,5240,2782
OTP,0,20101223,124015,5235,45
OTP,0,20101223,124015,5235,40
RFV,0,20101223,124143,8470,99
MOL,0,20101223,124209,20390,4
MOL,0,20101223,124209,20390,2
OTP,0,20101223,124311,5235,25
RFV,0,20101223,124312,8470,100
OTP,0,20101223,124338,5234,112
OTP,0,20101223,124338,5233,23
OTP,0,20101223,124338,5231,19
OTP,0,20101223,124338,5230,20
OTP,0,20101223,124338,5230,50
OTP,0,20101223,124338,5230,20
OTP,0,20101223,124347,5229,166
OTP,0,20101223,124352,5230,41
OTP,0,20101223,124354,5230,429
OTP,0,20101223,124354,5230,5
OTP,0,20101223,124357,5230,36
MOL,0,20101223,124404,20350,70
MTELEKOM,0,20101223,124412,517,1746
OTP,0,20101223,124413,5230,420
MOL,0,20101223,124430,20355,270
RFV,0,20101223,124430,8425,100
ECONET,0,20101223,124432,90,500
OTP,0,20101223,124442,5230,20
MOL,0,20101223,124513,20350,5
OTP,0,20101223,124536,5230,20
BUX1112,0,20101223,124627,22024,1
BUX1112,0,20101223,124627,22024,5
BUX1112,0,20101223,124627,22021,2
MTELEKOM,0,20101223,124719,518,40
RICHTER,0,20101223,124730,42115,21
OTP,0,20101223,124732,5230,190
OTP,0,20101223,124738,5230,240
OTP,0,20101223,124754,5230,30
OTP,0,20101223,124813,5229,360
OTP,0,20101223,124855,5230,30
OTP,0,20101223,124914,5230,30
MOL,0,20101223,124949,20350,292
OTP,0,20101223,125009,5230,20
OTP,0,20101223,125047,5230,50
MOL,0,20101223,125059,20340,48
MOL,0,20101223,125059,20350,8
OTP,0,20101223,125104,5229,474
OTP,0,20101223,125104,5228,20
OTP,0,20101223,125104,5227,72
OTP,0,20101223,125104,5225,378
OTP,0,20101223,125104,5225,200
OTP,0,20101223,125104,5225,100
OTP,0,20101223,125104,5225,43
OTP,0,20101223,125104,5223,850
OTP,0,20101223,125104,5222,140
OTP,0,20101223,125104,5222,5
OTP,0,20101223,125104,5222,800
OTP,0,20101223,125104,5221,500
OTP,0,20101223,125104,5221,150
OTP,0,20101223,125104,5221,10
OTP,0,20101223,125104,5220,1200
OTP,0,20101223,125104,5220,20
OTP,0,20101223,125104,5220,38
OTP,0,20101223,125108,5220,462
OTP,0,20101223,125108,5220,342
OTP,0,20101223,125108,5220,100
OTP,0,20101223,125108,5220,10
MOL,0,20101223,125110,20350,444
OTP,0,20101223,125112,5215,500
OTP,0,20101223,125117,5211,200
OTP,0,20101223,125117,5211,170
OTP,0,20101223,125117,5211,500
OTP,0,20101223,125117,5210,100
OTP,0,20101223,125117,5210,13
OTP,0,20101223,125117,5210,100
OTP,0,20101223,125117,5206,888
OTP,0,20101223,125117,5205,500
OTP,0,20101223,125117,5205,550
OTP,0,20101223,125117,5203,100
OTP,0,20101223,125117,5202,100
OTP,0,20101223,125117,5202,1050
OTP,0,20101223,125117,5202,729
BUX1112,0,20101223,125122,22013,4
BUX1112,0,20101223,125122,22012,1
MOL,0,20101223,125123,20325,10
MOL,0,20101223,125123,20320,200
MOL,0,20101223,125123,20315,750
MOL,0,20101223,125123,20310,100
MOL,0,20101223,125123,20305,806
MOL,0,20101223,125123,20305,100
MOL,0,20101223,125123,20300,534
MOL,0,20101223,125124,20300,156
MOL,0,20101223,125125,20300,44
OTP,0,20101223,125125,5202,3271
OTP,0,20101223,125125,5202,40
OTP,0,20101223,125125,5201,1000
OTP,0,20101223,125125,5201,1000
OTP,0,20101223,125125,5201,10
OTP,0,20101223,125125,5201,2000
OTP,0,20101223,125125,5201,5000
BUX1112,0,20101223,125126,22012,1
BUX1112,0,20101223,125126,22009,1
BUX1112,0,20101223,125126,22005.5,1
BUX1112,0,20101223,125126,22005,1
BUX1112,0,20101223,125126,22002,1
BUX1112,0,20101223,125126,22001,4
BUX1112,0,20101223,125126,22001,5
BUX1112,0,20101223,125126,22000.5,1
BUX1112,0,20101223,125126,22000,15
OTP,0,20101223,125127,5200,200
OTP,0,20101223,125128,5200,410
OTP,0,20101223,125128,5200,150
OTP,0,20101223,125128,5200,124
BUX1112,0,20101223,125130,22000,2
BUX1112,0,20101223,125130,21990.5,1
BUX1112,0,20101223,125130,21990,1
BUX1112,0,20101223,125130,21990,1
BUX1112,0,20101223,125130,21987,1
BUX1112,0,20101223,125130,21980,10
BUX1112,0,20101223,125130,21980,1
BUX1112,0,20101223,125130,21980,5
BUX1112,0,20101223,125130,21980,1
BUX1112,0,20101223,125130,21980,1
BUX1112,0,20101223,125130,21979.5,2
BUX1112,0,20101223,125130,21975,1
BUX1112,0,20101223,125130,21972,1
BUX1112,0,20101223,125130,21971,2
OTP,0,20101223,125131,5200,890
MOL,0,20101223,125132,20300,500
OTP,0,20101223,125133,5200,986
OTP,0,20101223,125133,5200,3014
OTP,0,20101223,125133,5200,1986
OTP,0,20101223,125133,5200,200
OTP,0,20101223,125133,5200,100
OTP,0,20101223,125133,5200,50
OTP,0,20101223,125133,5200,20
OTP,0,20101223,125133,5200,300
OTP,0,20101223,125133,5200,1000
MTELEKOM,0,20101223,125133,517,2570
MTELEKOM,0,20101223,125133,517,2960
MTELEKOM,0,20101223,125133,517,1875
MTELEKOM,0,20101223,125133,517,3883
OTP,0,20101223,125137,5196,500
OTP,0,20101223,125137,5195,1000
OTP,0,20101223,125143,5195,500
OTP,0,20101223,125143,5190,510
OTP,0,20101223,125143,5190,50
OTP,0,20101223,125143,5190,20
OTP,0,20101223,125143,5190,100
OTP,0,20101223,125143,5190,300
OTP,0,20101223,125143,5190,1000
OTP,0,20101223,125143,5190,194
MTELEKOM,0,20101223,125143,516,3000
MOL,0,20101223,125145,20300,952
MOL,0,20101223,125145,20300,1048
MOL,0,20101223,125145,20300,552
MOL,0,20101223,125145,20300,200
OTP,0,20101223,125147,5186,18
OTP,0,20101223,125147,5186,15
OTP,0,20101223,125147,5185,100
OTP,0,20101223,125147,5185,400
OTP,0,20101223,125147,5185,3000
OTP,0,20101223,125147,5185,50
OTP,0,20101223,125147,5184,18
MTELEKOM,0,20101223,125148,516,2568
MTELEKOM,0,20101223,125148,516,1144
MOL,0,20101223,125202,20280,7
BOOK,0,20101223,125212,480,92
MTELEKOM,0,20101223,125215,517,2800
OTP,0,20101223,125241,5185,50
OTP,0,20101223,125246,5185,5
OTP,0,20101223,125254,5185,1945
OTP,0,20101223,125254,5185,176
OTP,0,20101223,125258,5185,50
OTP,0,20101223,125258,5185,500
OTP,0,20101223,125301,5185,1000
OTP,0,20101223,125303,5185,5161
OTP,0,20101223,125316,5200,1000
BUX1112,0,20101223,125323,22039,3
BUX1112,0,20101223,125323,22039.5,3
MOL,0,20101223,125328,20290,44
MOL,0,20101223,125328,20295,80
MOL,0,20101223,125339,20290,49
MOL,0,20101223,125339,20295,20
MOL,0,20101223,125339,20295,131
BUX1112,0,20101223,125345,22039,1
MOL,0,20101223,125349,20260,2
MOL,0,20101223,125349,20295,69
MOL,0,20101223,125349,20300,131
MOL,0,20101223,125354,20260,2
MOL,0,20101223,125359,20300,1000
MOL,0,20101223,125402,20300,117
MOL,0,20101223,125402,20300,15
OTP,0,20101223,125416,5208,50
OTP,0,20101223,125417,5208,40
MTELEKOM,0,20101223,125437,517,202
MTELEKOM,0,20101223,125437,517,5998
MTELEKOM,0,20101223,125457,517,202
MTELEKOM,0,20101223,125457,517,1698
RFV,0,20101223,125511,8475,200
OTP,0,20101223,125521,5207,75
OTP,0,20101223,125523,5210,20
OTP,0,20101223,125538,5210,15
OTP,0,20101223,125538,5210,85
OTP,0,20101223,125544,5206,175
OTP,0,20101223,125544,5201,30
OTP,0,20101223,125544,5201,95
OTP,0,20101223,125549,5210,200
OTP,0,20101223,125553,5201,2
MTELEKOM,0,20101223,125557,517,202
MTELEKOM,0,20101223,125557,517,1799
OTP,0,20101223,125558,5210,215
RABA,0,20101223,125607,803,8
OTP,0,20101223,125617,5210,112
OTP,0,20101223,125617,5210,388
OTP,0,20101223,125623,5210,112
OTP,0,20101223,125630,5205,100
OTP,0,20101223,125630,5202,3
HUMET,0,20101223,125631,9,500
MOL,0,20101223,125637,20300,98
OTP,0,20101223,125641,5202,197
OTP,0,20101223,125641,5201,28
OTP,0,20101223,125641,5201,1000
OTP,0,20101223,125641,5201,10
OTP,0,20101223,125641,5200,783
OTP,0,20101223,125641,5200,1583
OTP,0,20101223,125641,5200,20
OTP,0,20101223,125648,5192,5
OTP,0,20101223,125648,5190,5
OTP,0,20101223,125656,5200,26
OTP,0,20101223,125707,5191,2
OTP,0,20101223,125711,5200,72
MOL,0,20101223,125720,20300,70
OTP,0,20101223,125724,5191,2
OTP,0,20101223,125727,5200,575
OTP,0,20101223,125731,5191,2
OTP,0,20101223,125741,5191,258
OTP,0,20101223,125741,5190,395
OTP,0,20101223,125741,5190,30
MTELEKOM,0,20101223,125750,517,1000
OTP,0,20101223,125758,5186,150
OTP,0,20101223,125758,5185,140
OTP,0,20101223,125758,5185,100
OTP,0,20101223,125758,5185,20
OTP,0,20101223,125758,5184,439
OTP,0,20101223,125758,5180,100
OTP,0,20101223,125758,5180,300
OTP,0,20101223,125758,5180,500
OTP,0,20101223,125758,5180,17
OTP,0,20101223,125758,5180,25
OTP,0,20101223,125808,5180,100
BUX1112,0,20101223,125810,21999,1
RICHTER,0,20101223,125818,42100,40
FHB,0,20101223,125822,973,114
FHB,0,20101223,125822,973,286
OTP,0,20101223,125827,5180,30
OTP,0,20101223,125828,5180,134
OTP,0,20101223,125828,5178,83
MOL,0,20101223,125836,20290,45
MOL,0,20101223,125836,20290,47
MOL,0,20101223,125836,20300,8
OTP,0,20101223,125840,5178,200
OTP,0,20101223,125900,5180,25
OTP,0,20101223,125905,5180,385
OTP,0,20101223,125905,5180,100
RFV,0,20101223,125906,8475,8
OTP,0,20101223,125921,5190,5000
BUX1112,0,20101223,125922,21974,1
BUX1112,0,20101223,125922,21973,2
BUX1112,0,20101223,125922,21972,1
BUX1112,0,20101223,125922,21972,5
BUX1112,0,20101223,125922,21971,8
BUX1112,0,20101223,125922,21971,1
BUX1112,0,20101223,125922,21966.5,9
BUX1112,0,20101223,125922,21965,1
BUX1112,0,20101223,125922,21960,1
BUX1112,0,20101223,125922,21960,2
BUX1112,0,20101223,125922,21960,1
BUX1112,0,20101223,125922,21956,5
BUX1112,0,20101223,125922,21951,1
BUX1112,0,20101223,125922,21951,2
BUX1112,0,20101223,125922,21950,28
BUX1112,0,20101223,125922,21950,30
BUX1112,0,20101223,125922,21950,25
BUX1112,0,20101223,125922,21946,1
BUX1112,0,20101223,125922,21944,2
OTP,0,20101223,125929,5180,2
RICHTER,0,20101223,125947,42100,1
BUX1112,0,20101223,125955,21950,1
OTP,0,20101223,130005,5199,83
SYNERGON,0,20101223,130009,480,333
SYNERGON,0,20101223,130009,481,600
SYNERGON,0,20101223,130009,482,31
SYNERGON,0,20101223,130009,482,1186
OTP,0,20101223,130012,5185,1
ORC,0,20101223,130038,1950,50
ORC,0,20101223,130038,1950,150
HUMET,0,20101223,130055,10,200
OTP,0,20101223,130055,5195,1000
OTP,0,20101223,130055,5199,2038
OTP,0,20101223,130055,5199,10
OTP,0,20101223,130055,5200,370
OTP,0,20101223,130055,5200,4240
ECONET,0,20101223,130056,89,1800
MOL,0,20101223,130112,20295,100
OTP,0,20101223,130121,5185,1
OTP,0,20101223,130136,5190,317
OTP,0,20101223,130139,5190,683
MOL,0,20101223,130153,20300,16
OTP,0,20101223,130154,5195,165
OTP,0,20101223,130154,5199,835
BUX1112,0,20101223,130214,21950,1
OTP,0,20101223,130218,5186,1
RICHTER,0,20101223,130219,42100,4
RICHTER,0,20101223,130219,42100,19
BUX1112,0,20101223,130222,21944,1
BUX1112,0,20101223,130222,21943,1
BUX1112,0,20101223,130223,21994.5,2
BUX1112,0,20101223,130223,21995,3
OTP,0,20101223,130251,5186,199
OTP,0,20101223,130251,5185,98
OTP,0,20101223,130251,5185,50
OTP,0,20101223,130251,5185,50
OTP,0,20101223,130251,5182,25
OTP,0,20101223,130251,5182,100
OTP,0,20101223,130251,5182,25
OTP,0,20101223,130251,5181,8
OTP,0,20101223,130251,5181,20
OTP,0,20101223,130251,5181,1000
OTP,0,20101223,130251,5180,70
OTP,0,20101223,130251,5180,355
OTP,0,20101223,130302,5190,800
OTP,0,20101223,130315,5182,1
OTP,0,20101223,130325,5190,365
OTP,0,20101223,130342,5195,1317
OTP,0,20101223,130342,5200,760
OTP,0,20101223,130342,5200,2923
MTELEKOM,0,20101223,130351,517,54
MTELEKOM,0,20101223,130351,517,58
MTELEKOM,0,20101223,130351,517,1068
OTP,0,20101223,130354,5200,2000
OTP,0,20101223,130404,5200,77
OTP,0,20101223,130404,5200,2000
OTP,0,20101223,130404,5200,170
OTP,0,20101223,130404,5210,388
OTP,0,20101223,130408,5225,2365
OTP,0,20101223,130416,5202,17
OTP,0,20101223,130416,5200,3
OTP,0,20101223,130421,5200,632
OTP,0,20101223,130425,5200,1368
OTP,0,20101223,130522,5200,338
OTP,0,20101223,130526,5200,662
OTP,0,20101223,130530,5200,1338
RICHTER,0,20101223,130536,42100,31
RICHTER,0,20101223,130536,42100,19
OTP,0,20101223,130540,5200,650
OTP,0,20101223,130547,5200,12
OTP,0,20101223,130547,5200,988
OTP,0,20101223,130548,5200,12
OTP,0,20101223,130550,5200,1000
RICHTER,0,20101223,130552,42100,31
RICHTER,0,20101223,130552,42070,95
OTP,0,20101223,130601,5205,4000
RICHTER,0,20101223,130610,42070,50
MOL,0,20101223,130631,20280,86
MOL,0,20101223,130631,20260,121
MOL,0,20101223,130631,20260,10
MOL,0,20101223,130631,20255,77
MOL,0,20101223,130631,20255,206
OTP,0,20101223,130635,5205,100
MOL,0,20101223,130639,20255,32
MOL,0,20101223,130642,20255,2
MOL,0,20101223,130642,20255,29
MOL,0,20101223,130650,20255,1
MOL,0,20101223,130650,20250,10
MOL,0,20101223,130650,20250,17
MOL,0,20101223,130650,20250,50
MOL,0,20101223,130653,20250,33
MOL,0,20101223,130656,20215,2
MOL,0,20101223,130656,20210,80
MOL,0,20101223,130656,20210,40
MOL,0,20101223,130656,20210,4
RABA,0,20101223,130704,803,25
RABA,0,20101223,130704,803,120
RABA,0,20101223,130704,802,240
RABA,0,20101223,130704,802,72
MOL,0,20101223,130706,20215,47
OTP,0,20101223,130723,5205,1350
MOL,0,20101223,130731,20220,10
OTP,0,20101223,130740,5205,2
PANNUNION,0,20101223,130748,135,500
OTP,0,20101223,130823,5205,500
OTP,0,20101223,130835,5205,48
OTP,0,20101223,130835,5205,2
OTP,0,20101223,130843,5205,23
MTELEKOM,0,20101223,130844,518,60
MTELEKOM,0,20101223,130844,518,52
OTP,0,20101223,130853,5210,250
OTP,0,20101223,130905,5210,5
OTP,0,20101223,130926,5205,2
OTP,0,20101223,130926,5201,1
OTP,0,20101223,130929,5201,299
OTP,0,20101223,130929,5201,50
OTP,0,20101223,130929,5200,354
OTP,0,20101223,130929,5200,10
OTP,0,20101223,130929,5200,39
OTP,0,20101223,130929,5200,3248
OTP,0,20101223,131030,5200,1752
OTP,0,20101223,131030,5200,40
OTP,0,20101223,131030,5200,343
MOL,0,20101223,131037,20240,3
OTP,0,20101223,131051,5200,88
OTP,0,20101223,131055,5207,200
SYNERGON,0,20101223,131055,479,200
OTP,0,20101223,131114,5200,588
GENESIS,0,20101223,131146,190,95
RICHTER,0,20101223,131236,42085,10
RICHTER,0,20101223,131244,42085,13
ECONET,0,20101223,131246,89,200
OTP,0,20101223,131301,5204,190
OTP,0,20101223,131301,5207,110
OTP,0,20101223,131313,5207,435
OTP,0,20101223,131319,5201,1
OTP,0,20101223,131321,5220,19
OTP,0,20101223,131324,5201,1
OTP,0,20101223,131340,5205,56
ORC,0,20101223,131347,1950,5
ORC,0,20101223,131347,1950,150
OTP,0,20101223,131401,5205,1900
OTP,0,20101223,131417,5205,44
OTP,0,20101223,131417,5228,10
OTP,0,20101223,131417,5228,15
OTP,0,20101223,131423,5202,1
DANUBIUS,0,20101223,131543,4310,13
RICHTER,0,20101223,131548,42100,22
RICHTER,0,20101223,131548,42100,100
OTP,0,20101223,131554,5203,10
OTP,0,20101223,131554,5203,506
OTP,0,20101223,131554,5202,24
OTP,0,20101223,131554,5202,48
KEG,0,20101223,131701,140,475
KEG,0,20101223,131701,140,500
KEG,0,20101223,131701,140,500
KEG,0,20101223,131701,140,119
KEG,0,20101223,131701,140,1306
KEG,0,20101223,131726,141,463
KEG,0,20101223,131726,142,37
FHB,0,20101223,131735,973,100
MOL,0,20101223,131740,20285,39
MOL,0,20101223,131740,20285,11
MTELEKOM,0,20101223,131758,517,333
BUX1112,0,20101223,131831,21989,10
OTP,0,20101223,131908,5215,52
BUX1112,0,20101223,131928,21995,2
BUX1112,0,20101223,131928,22000,10
OTP,0,20101223,131942,5204,1
OTP,0,20101223,132018,5210,700
OTP,0,20101223,132019,5204,15
OTP,0,20101223,132028,5210,50
MOL,0,20101223,132036,20255,34
OTP,0,20101223,132037,5210,950
OTP,0,20101223,132044,5210,432
MTELEKOM,0,20101223,132051,517,200
OTP,0,20101223,132056,5204,2
OTP,0,20101223,132105,5204,135
OTP,0,20101223,132113,5220,56
BUX1112,0,20101223,132114,22000,2
OTP,0,20101223,132145,5205,1
OTP,0,20101223,132202,5210,750
ECONET,0,20101223,132213,89,1500
OTP,0,20101223,132217,5210,32
OTP,0,20101223,132231,5207,168
OTP,0,20101223,132231,5210,568
OTP,0,20101223,132232,5210,264
ECONET,0,20101223,132232,89,2044
ECONET,0,20101223,132232,89,2856
MTELEKOM,0,20101223,132248,517,47
PANNERGY,0,20101223,132300,904,76
PANNERGY,0,20101223,132300,901,75
PANNERGY,0,20101223,132300,901,130
PANNERGY,0,20101223,132300,901,38
PANNERGY,0,20101223,132300,901,200
PANNERGY,0,20101223,132300,900,3
PANNERGY,0,20101223,132300,900,2478
ECONET,0,20101223,132356,90,1200
PANNERGY,0,20101223,132400,900,1000
OTP,0,20101223,132430,5205,500
PANNERGY,0,20101223,132435,900,500
RICHTER,0,20101223,132447,42105,20
MTELEKOM,0,20101223,132542,517,60
MOL,0,20101223,132640,20225,20
MOL,0,20101223,132640,20225,30
HUMET,0,20101223,132649,9,1000
HUMET,0,20101223,132649,9,3000
RFV,0,20101223,132659,8475,4
MOL,0,20101223,132700,20225,20
MOL,0,20101223,132700,20225,30
FHB,0,20101223,132704,973,35
FHB,0,20101223,132704,972,215
FHB,0,20101223,132704,971,50
MOL,0,20101223,132720,20220,1
MTELEKOM,0,20101223,132727,516,1656
MTELEKOM,0,20101223,132727,516,54
MTELEKOM,0,20101223,132727,516,74
RABA,0,20101223,132741,802,20
RICHTER,0,20101223,132746,42100,1
MTELEKOM,0,20101223,132804,517,750
SYNERGON,0,20101223,132805,478,250
MTELEKOM,0,20101223,132810,517,14250
RABA,0,20101223,132828,803,430
MOL,0,20101223,132845,20225,10
MOL,0,20101223,132919,20220,51
PANNERGY,0,20101223,132930,900,100
FHB,0,20101223,132943,973,255
MOL,0,20101223,132949,20220,28
MOL,0,20101223,132949,20220,10
MTELEKOM,0,20101223,132952,516,50
OTP,0,20101223,133007,5204,178
OTP,0,20101223,133007,5203,100
OTP,0,20101223,133007,5202,421
OTP,0,20101223,133024,5202,79
OTP,0,20101223,133024,5201,121
SYNERGON,0,20101223,133047,478,30
OTP,0,20101223,133050,5201,379
OTP,0,20101223,133050,5201,55
OTP,0,20101223,133050,5200,1981
OTP,0,20101223,133050,5200,80
OTP,0,20101223,133050,5200,405
OTP,0,20101223,133055,5200,79
OTP,0,20101223,133107,5207,2
MOL,0,20101223,133121,20215,84
MOL,0,20101223,133121,20210,36
OTP,0,20101223,133121,5200,21
OTP,0,20101223,133121,5199,79
PHYLAXIA,0,20101223,133210,44,3197
PHYLAXIA,0,20101223,133210,44,803
OTP,0,20101223,133224,5200,100
MOL,0,20101223,133242,20210,119
MOL,0,20101223,133242,20210,25
MOL,0,20101223,133242,20205,40
MOL,0,20101223,133242,20205,100
MOL,0,20101223,133242,20205,15
MOL,0,20101223,133242,20200,50
MOL,0,20101223,133242,20200,51
MOL,0,20101223,133242,20200,49
MOL,0,20101223,133242,20200,1
BUX1112,0,20101223,133246,21968,1
MOL,0,20101223,133250,20200,59
MOL,0,20101223,133250,20200,101
BUX1112,0,20101223,133304,21968,2
MOL,0,20101223,133306,20200,99
MOL,0,20101223,133306,20200,20
MOL,0,20101223,133306,20200,45
MOL,0,20101223,133306,20200,20
MOL,0,20101223,133306,20200,10
MOL,0,20101223,133306,20200,40
BUX1112,0,20101223,133319,21966,3
MOL,0,20101223,133334,20190,51
MOL,0,20101223,133334,20190,44
MOL,0,20101223,133334,20200,766
MOL,0,20101223,133334,20200,75
BUX1112,0,20101223,133342,21966,2
MOL,0,20101223,133343,20200,100
MOL,0,20101223,133402,20210,10
MOL,0,20101223,133402,20220,30
MOL,0,20101223,133402,20220,50
PANNERGY,0,20101223,133426,900,922
PANNERGY,0,20101223,133426,900,78
PANNERGY,0,20101223,133428,900,2422
BUX1112,0,20101223,133545,21966,4
RICHTER,0,20101223,133555,42105,16
RICHTER,0,20101223,133613,42100,20
DANUBIUS,0,20101223,133617,4395,1
BUX1112,0,20101223,133649,21965,1
MOL,0,20101223,133719,20220,10
MOL,0,20101223,133719,20220,40
SYNERGON,0,20101223,133725,479,250
OTP,0,20101223,133738,5200,43
OTP,0,20101223,133739,5200,183
OTP,0,20101223,133754,5200,124
OTP,0,20101223,133754,5200,476
OTP,0,20101223,133814,5200,900
OTP,0,20101223,133845,5200,50
MOL,0,20101223,133851,20220,91
MOL,0,20101223,133855,20220,69
RICHTER,0,20101223,133857,42100,6
OTP,0,20101223,133906,5201,163
OTP,0,20101223,133906,5201,1837
RABA,0,20101223,133951,802,18
RABA,0,20101223,133951,802,53
MTELEKOM,0,20101223,134002,516,312
OTP,0,20101223,134014,5200,258
OTP,0,20101223,134024,5200,10
MTELEKOM,0,20101223,134029,516,139
MTELEKOM,0,20101223,134029,516,200
MTELEKOM,0,20101223,134029,516,161
PANNERGY,0,20101223,134030,897,50
MOL,0,20101223,134038,20220,81
MOL,0,20101223,134038,20220,43
MOL,0,20101223,134051,20220,16
MOL,0,20101223,134054,20205,10
BUX1112,0,20101223,134055,21965,1
BUX1112,0,20101223,134119,21955,1
BUX1112,0,20101223,134119,21955,2
BUX1112,0,20101223,134119,21952,1
RICHTER,0,20101223,134122,42100,23
RICHTER,0,20101223,134122,42100,50
RABA,0,20101223,134128,803,5000
OTP,0,20101223,134138,5201,163
MOL,0,20101223,134208,20205,51
OTP,0,20101223,134223,5209,50
OTP,0,20101223,134223,5210,205
BUX1112,0,20101223,134224,21965,2
MOL,0,20101223,134236,20220,84
PANNERGY,0,20101223,134255,897,6
PANNERGY,0,20101223,134255,897,570
BUX1112,0,20101223,134309,21966,2
OTP,0,20101223,134311,5203,435
RICHTER,0,20101223,134325,42085,30
FHB,0,20101223,134327,972,380
RICHTER,0,20101223,134327,42085,38
BUX1112,0,20101223,134332,21966,1
BUX1112,0,20101223,134348,21966,1
OTP,0,20101223,134352,5202,100
OTP,0,20101223,134352,5201,100
PHYLAXIA,0,20101223,134405,44,1000
OTP,0,20101223,134407,5204,177
OTP,0,20101223,134407,5210,13
OTP,0,20101223,134435,5202,400
OTP,0,20101223,134435,5201,137
OTP,0,20101223,134435,5201,50
OTP,0,20101223,134435,5200,306
OTP,0,20101223,134435,5200,15
OTP,0,20101223,134435,5200,92
OTP,0,20101223,134435,5205,848
RICHTER,0,20101223,134503,42085,22
RICHTER,0,20101223,134503,42100,28
MOL,0,20101223,134507,20205,10
AAA,0,20101223,134509,226,210
MTELEKOM,0,20101223,134548,517,312
MTELEKOM,0,20101223,134548,517,438
MTELEKOM,0,20101223,134548,517,1562
MTELEKOM,0,20101223,134558,517,246
MTELEKOM,0,20101223,134603,517,1754
PANNERGY,0,20101223,134622,895,150
PANNERGY,0,20101223,134622,895,111
PANNERGY,0,20101223,134622,895,139
OTP,0,20101223,134641,5201,13
OTP,0,20101223,134642,5200,12
OTP,0,20101223,134642,5200,15
OTP,0,20101223,134642,5199,3
PANNERGY,0,20101223,134642,897,424
PANNERGY,0,20101223,134642,900,578
MOL,0,20101223,134722,20250,10
MOL,0,20101223,134722,20250,2
OTP,0,20101223,134726,5201,10
MOL,0,20101223,134739,20285,13
OTP,0,20101223,134754,5201,50
OTP,0,20101223,134755,5200,200
PANNERGY,0,20101223,134817,900,1498
BUX1112,0,20101223,134909,21995,1
MTELEKOM,0,20101223,134936,516,339
MTELEKOM,0,20101223,134936,516,78
MTELEKOM,0,20101223,134936,516,100
MTELEKOM,0,20101223,134936,516,200
MTELEKOM,0,20101223,134936,516,150
MTELEKOM,0,20101223,134936,516,118
MTELEKOM,0,20101223,134947,517,985
MOL,0,20101223,135011,20205,1
OTP,0,20101223,135013,5201,200
MTELEKOM,0,20101223,135043,517,200
MTELEKOM,0,20101223,135043,517,570
MOL,0,20101223,135105,20210,1
MOL,0,20101223,135105,20210,29
MOL,0,20101223,135114,20205,20
MOL,0,20101223,135147,20210,15
OTP,0,20101223,135150,5199,155
OTP,0,20101223,135223,5201,227
OTP,0,20101223,135223,5201,123
MOL,0,20101223,135224,20205,100
PANNERGY,0,20101223,135253,900,502
MTELEKOM,0,20101223,135259,517,130
MTELEKOM,0,20101223,135259,517,150
PANNERGY,0,20101223,135431,900,258
RICHTER,0,20101223,135432,42075,52
RICHTER,0,20101223,135442,42075,20
RICHTER,0,20101223,135448,42075,28
RICHTER,0,20101223,135448,42070,185
FHB,0,20101223,135448,973,133
RICHTER,0,20101223,135459,42070,50
OTP,0,20101223,135539,5200,190
OTP,0,20101223,135539,5200,29
OTP,0,20101223,135539,5200,100
RFV,0,20101223,135554,8422,11
MTELEKOM,0,20101223,135558,516,182
MTELEKOM,0,20101223,135558,516,200
MTELEKOM,0,20101223,135558,516,125
MTELEKOM,0,20101223,135558,516,493
MTELEKOM,0,20101223,135608,517,1000
RFV,0,20101223,135628,8421,5
RFV,0,20101223,135628,8420,24
MOL,0,20101223,135640,20220,4
EGIS,0,20101223,135644,20300,10
EGIS,0,20101223,135644,20300,10
EGIS,0,20101223,135644,20320,4
OTP,0,20101223,135710,5200,81
OTP,0,20101223,135713,5199,400
MOL,0,20101223,135715,20210,21
OTP,0,20101223,135803,5200,119
OTP,0,20101223,135803,5200,179
OTP,0,20101223,135803,5205,92
OTP,0,20101223,135803,5210,10
RICHTER,0,20101223,135809,42080,5
OTP,0,20101223,135812,5199,3
OTP,0,20101223,135831,5200,200
RICHTER,0,20101223,135844,42080,19
SYNERGON,0,20101223,135849,480,100
SYNERGON,0,20101223,135849,479,150
SYNERGON,0,20101223,135849,479,221
OTP,0,20101223,135859,5205,7
OTP,0,20101223,135859,5210,3
OTP,0,20101223,135908,5200,2
MTELEKOM,0,20101223,135913,517,600
OTP,0,20101223,140010,5200,190
MOL,0,20101223,140012,20220,2
OTP,0,20101223,140035,5202,500
OTP,0,20101223,140107,5202,30
MTELEKOM,0,20101223,140118,516,500
EGIS,0,20101223,140120,20320,1
EGIS,0,20101223,140120,20320,19
OTP,0,20101223,140129,5201,86
OTP,0,20101223,140129,5201,400
OTP,0,20101223,140129,5200,579
RICHTER,0,20101223,140140,42080,50
OTP,0,20101223,140141,5203,200
OTP,0,20101223,140141,5209,200
OTP,0,20101223,140144,5200,200
OTP,0,20101223,140201,5202,1352
OTP,0,20101223,140218,5201,6
OTP,0,20101223,140229,5200,80
MTELEKOM,0,20101223,140249,517,15
OTP,0,20101223,140255,5199,2360
OTP,0,20101223,140255,5199,1500
OTP,0,20101223,140255,5199,1500
OTP,0,20101223,140306,5195,2000
MTELEKOM,0,20101223,140314,516,407
MTELEKOM,0,20101223,140314,515,133
OTP,0,20101223,140319,5192,45
OTP,0,20101223,140319,5192,207
OTP,0,20101223,140319,5192,50
MOL,0,20101223,140340,20215,41
MTELEKOM,0,20101223,140346,517,50000
PANNERGY,0,20101223,140410,900,112
OTP,0,20101223,140429,5192,5
OTP,0,20101223,140444,5192,50
ANY,0,20101223,140519,712,50
RICHTER,0,20101223,140526,42100,10
MTELEKOM,0,20101223,140530,516,1911
MTELEKOM,0,20101223,140530,517,1235
MTELEKOM,0,20101223,140530,517,674
OTP,0,20101223,140538,5192,200
OTP,0,20101223,140609,5192,48
FOTEX,0,20101223,140629,383,4000
MTELEKOM,0,20101223,140701,515,367
MTELEKOM,0,20101223,140701,515,83
OTP,0,20101223,140711,5192,440
OTP,0,20101223,140711,5192,2000
MOL,0,20101223,140719,20215,6
MOL,0,20101223,140719,20210,72
OTP,0,20101223,140731,5191,19
OTP,0,20101223,140731,5191,1000
OTP,0,20101223,140731,5190,365
OTP,0,20101223,140731,5190,46
OTP,0,20101223,140731,5190,2000
OTP,0,20101223,140731,5190,430
OTP,0,20101223,140735,5190,4570
OTP,0,20101223,140735,5190,24
OTP,0,20101223,140735,5190,5
OTP,0,20101223,140735,5190,50
OTP,0,20101223,140739,5194,186
BUX1112,0,20101223,140745,21967,10
MTELEKOM,0,20101223,140747,517,50000
OTP,0,20101223,140755,5199,199
OTP,0,20101223,140814,5198,20
MOL,0,20101223,140832,20210,7
MOL,0,20101223,140832,20210,7
OTP,0,20101223,140856,5185,100
OTP,0,20101223,140856,5185,50
OTP,0,20101223,140856,5185,46
OTP,0,20101223,140951,5190,1000
OTP,0,20101223,140955,5195,65
OTP,0,20101223,141006,5185,452
OTP,0,20101223,141006,5185,12
RABA,0,20101223,141011,802,97
RABA,0,20101223,141011,801,125
RABA,0,20101223,141011,801,200
RABA,0,20101223,141011,800,78
BUX1112,0,20101223,141054,21966,2
MTELEKOM,0,20101223,141102,516,430
MTELEKOM,0,20101223,141102,516,107
RICHTER,0,20101223,141132,42080,20
BUX1112,0,20101223,141136,21967,1
OTP,0,20101223,141139,5185,23
OTP,0,20101223,141139,5183,565
MOL,0,20101223,141142,20225,50
MOL,0,20101223,141142,20225,43
OTP,0,20101223,141203,5183,331
OTP,0,20101223,141219,5188,165
BUX1112,0,20101223,141226,21967,4
BUX1112,0,20101223,141226,21966,8
BUX1112,0,20101223,141226,21965,8
BUX1112,0,20101223,141226,21952,7
BUX1112,0,20101223,141226,21951,1
BUX1112,0,20101223,141226,21950.5,2
BUX1112,0,20101223,141226,21950,3
BUX1112,0,20101223,141226,21950,5
PANNERGY,0,20101223,141256,901,100
BUX1112,0,20101223,141257,21950,1
MTELEKOM,0,20101223,141313,516,100
OTP,0,20101223,141320,5183,40
BUX1112,0,20101223,141447,21933,3
BUX1112,0,20101223,141447,21932,1
BUX1112,0,20101223,141447,21932,2
BUX1112,0,20101223,141447,21931,1
BUX1112,0,20101223,141447,21930,1
BUX1112,0,20101223,141447,21930,1
BUX1112,0,20101223,141447,21923,1
BUX1112,0,20101223,141447,21923,1
BUX1112,0,20101223,141447,21922,1
BUX1112,0,20101223,141447,21920,1
BUX1112,0,20101223,141447,21911,6
BUX1112,0,20101223,141447,21910,1
MTELEKOM,0,20101223,141511,516,100
BUX1112,0,20101223,141512,21920,1
OTP,0,20101223,141542,5190,160
MOL,0,20101223,141604,20225,10
MOL,0,20101223,141618,20225,82
MOL,0,20101223,141618,20225,418
OTP,0,20101223,141623,5188,10
OTP,0,20101223,141632,5188,154
OTP,0,20101223,141632,5190,354
OTP,0,20101223,141703,5186,30
OTP,0,20101223,141704,5185,100
OTP,0,20101223,141704,5185,3000
OTP,0,20101223,141705,5184,100
OTP,0,20101223,141705,5183,2064
OTP,0,20101223,141705,5183,20
OTP,0,20101223,141707,5182,119
OTP,0,20101223,141707,5182,40
OTP,0,20101223,141707,5182,600
OTP,0,20101223,141707,5181,2650
OTP,0,20101223,141707,5181,1000
OTP,0,20101223,141707,5180,3000
OTP,0,20101223,141707,5180,2000
OTP,0,20101223,141707,5180,100
OTP,0,20101223,141707,5180,5000
OTP,0,20101223,141707,5180,491
OTP,0,20101223,141707,5180,2500
OTP,0,20101223,141711,5180,2009
OTP,0,20101223,141711,5180,97
OTP,0,20101223,141711,5180,2
OTP,0,20101223,141711,5180,5
OTP,0,20101223,141711,5180,190
OTP,0,20101223,141711,5180,77
OTP,0,20101223,141711,5180,100
OTP,0,20101223,141723,5179,52
OTP,0,20101223,141723,5178,17
OTP,0,20101223,141723,5176,400
OTP,0,20101223,141723,5175,31
OTP,0,20101223,141723,5175,69
OTP,0,20101223,141723,5175,11
BUX1112,0,20101223,141724,21920,10
OTP,0,20101223,141726,5175,4989
OTP,0,20101223,141726,5175,11
OTP,0,20101223,141728,5175,4
OTP,0,20101223,141728,5172,24
MOL,0,20101223,141735,20225,200
BUX1112,0,20101223,141746,21911,2
BUX1112,0,20101223,141746,21911,1
BUX1112,0,20101223,141746,21905,2
BUX1112,0,20101223,141746,21901,1
BUX1112,0,20101223,141746,21901,2
BUX1112,0,20101223,141746,21901,1
BUX1112,0,20101223,141746,21901,11
MTELEKOM,0,20101223,141747,515,117
MTELEKOM,0,20101223,141747,515,200
MTELEKOM,0,20101223,141747,515,110
MTELEKOM,0,20101223,141747,515,1573
BUX1112,0,20101223,141748,21901,2
BUX1112,0,20101223,141749,21901,2
BUX1112,0,20101223,141752,21901.5,1
RABA,0,20101223,141756,800,22
RABA,0,20101223,141756,800,287
MOL,0,20101223,141759,20225,1339
MOL,0,20101223,141759,20225,100
MOL,0,20101223,141759,20225,50
MOL,0,20101223,141759,20220,11
BUX1112,0,20101223,141817,21901,1
MOL,0,20101223,141844,20220,89
MOL,0,20101223,141844,20215,111
BUX1112,0,20101223,141859,21905,1
BUX1112,0,20101223,141859,21905,1
BUX1112,0,20101223,141859,21901,18
MTELEKOM,0,20101223,141920,515,259
OTP,0,20101223,141925,5173,30
MOL,0,20101223,141952,20225,49
MTELEKOM,0,20101223,141954,515,3168
MTELEKOM,0,20101223,141954,515,100
MTELEKOM,0,20101223,141954,515,2000
MTELEKOM,0,20101223,141954,515,200
MTELEKOM,0,20101223,141954,515,290
MTELEKOM,0,20101223,141954,515,5000
MTELEKOM,0,20101223,141954,515,500
MTELEKOM,0,20101223,141954,515,1000
MTELEKOM,0,20101223,141954,515,200
MTELEKOM,0,20101223,141954,515,200
MTELEKOM,0,20101223,141954,515,966
MTELEKOM,0,20101223,141954,515,310
MTELEKOM,0,20101223,141954,515,848
MTELEKOM,0,20101223,141954,515,1000
MTELEKOM,0,20101223,141954,515,200
MTELEKOM,0,20101223,141954,515,300
MTELEKOM,0,20101223,141954,515,2000
MTELEKOM,0,20101223,141954,515,125
MOL,0,20101223,141954,20225,44
BUX1112,0,20101223,142013,21901,16
BUX1112,0,20101223,142013,21901,1
BUX1112,0,20101223,142013,21901,3
BUX1112,0,20101223,142013,21901,10
MOL,0,20101223,142022,20230,48
OTP,0,20101223,142031,5174,80
OTP,0,20101223,142031,5173,350
OTP,0,20101223,142031,5173,1470
BUX1112,0,20101223,142037,21901,5
OTP,0,20101223,142051,5173,200
OTP,0,20101223,142139,5175,41
OTP,0,20101223,142139,5175,150
OTP,0,20101223,142139,5173,330
OTP,0,20101223,142139,5173,100
OTP,0,20101223,142139,5172,531
MTELEKOM,0,20101223,142152,515,110
MTELEKOM,0,20101223,142155,514,120
MTELEKOM,0,20101223,142155,514,195
MTELEKOM,0,20101223,142155,514,700
MTELEKOM,0,20101223,142155,514,400
MTELEKOM,0,20101223,142155,514,600
MTELEKOM,0,20101223,142155,514,180
MTELEKOM,0,20101223,142155,514,1000
MTELEKOM,0,20101223,142155,514,500
MTELEKOM,0,20101223,142155,514,100
MTELEKOM,0,20101223,142155,514,125
MTELEKOM,0,20101223,142155,514,1000
MTELEKOM,0,20101223,142155,514,30000
MTELEKOM,0,20101223,142155,514,200
MTELEKOM,0,20101223,142155,514,300
MTELEKOM,0,20101223,142155,514,1000
MTELEKOM,0,20101223,142155,514,180
MTELEKOM,0,20101223,142155,514,770
MTELEKOM,0,20101223,142155,514,115
MTELEKOM,0,20101223,142155,514,200
MTELEKOM,0,20101223,142155,514,4000
MTELEKOM,0,20101223,142155,514,100
MTELEKOM,0,20101223,142155,514,5911
MTELEKOM,0,20101223,142155,514,750
MTELEKOM,0,20101223,142155,514,880
MOL,0,20101223,142200,20225,167
OTP,0,20101223,142205,5172,445
OTP,0,20101223,142205,5172,20
OTP,0,20101223,142205,5171,30
OTP,0,20101223,142205,5171,11
OTP,0,20101223,142205,5171,200
OTP,0,20101223,142205,5170,94
OTP,0,20101223,142205,5170,400
OTP,0,20101223,142205,5170,150
OTP,0,20101223,142205,5170,200
ECONET,0,20101223,142214,89,4000
ECONET,0,20101223,142214,89,1
ECONET,0,20101223,142214,89,1199
OTP,0,20101223,142216,5180,2480
RICHTER,0,20101223,142222,42085,10
ECONET,0,20101223,142229,90,5200
RICHTER,0,20101223,142236,42085,21
OTP,0,20101223,142252,5181,50
OTP,0,20101223,142252,5180,517
OTP,0,20101223,142307,5180,3
OTP,0,20101223,142307,5173,15
OTP,0,20101223,142307,5170,2
OTP,0,20101223,142321,5180,185
ANY,0,20101223,142322,710,300
OTP,0,20101223,142332,5171,3
OTP,0,20101223,142355,5180,15
MTELEKOM,0,20101223,142359,514,2792
OTP,0,20101223,142411,5171,2
RABA,0,20101223,142426,800,200
DANUBIUS,0,20101223,142427,4310,87
DANUBIUS,0,20101223,142427,4305,13
MOL,0,20101223,142431,20250,50
OTP,0,20101223,142436,5180,100
OTP,0,20101223,142436,5180,167
OTP,0,20101223,142445,5180,2
RFV,0,20101223,142526,8420,45
MTELEKOM,0,20101223,142540,514,150
ANY,0,20101223,142600,710,550
OTP,0,20101223,142617,5180,25
MTELEKOM,0,20101223,142626,514,730
MTELEKOM,0,20101223,142626,514,270
OTP,0,20101223,142651,5195,150
OTP,0,20101223,142651,5197,100
OTP,0,20101223,142651,5198,165
OTP,0,20101223,142659,5181,2
ETFBUXOTP,0,20101223,142722,897,100
MTELEKOM,0,20101223,142723,514,22
OTP,0,20101223,142723,5198,5
MOL,0,20101223,142723,20260,1
MTELEKOM,0,20101223,142725,514,1000
MTELEKOM,0,20101223,142729,514,200
MTELEKOM,0,20101223,142731,514,190
OTP,0,20101223,142732,5182,2
OTP,0,20101223,142846,5185,42
MTELEKOM,0,20101223,142901,514,29
RABA,0,20101223,142916,800,100
MTELEKOM,0,20101223,142926,514,281
MTELEKOM,0,20101223,142926,514,700
MTELEKOM,0,20101223,142926,514,150
MTELEKOM,0,20101223,142926,514,20
MTELEKOM,0,20101223,142929,514,330
RICHTER,0,20101223,142938,42085,11
RICHTER,0,20101223,142938,42080,11
RICHTER,0,20101223,142938,42070,28
MTELEKOM,0,20101223,143028,514,125
OTP,0,20101223,143042,5190,147
MTELEKOM,0,20101223,143043,514,394
MTELEKOM,0,20101223,143043,514,930
OTP,0,20101223,143047,5195,300
OTP,0,20101223,143048,5195,1006
MOL,0,20101223,143052,20260,99
MOL,0,20101223,143052,20260,44
RICHTER,0,20101223,143056,42090,21
OTP,0,20101223,143059,5190,2000
OTP,0,20101223,143100,5190,71
RICHTER,0,20101223,143113,42070,100
OTP,0,20101223,143121,5195,40
OTP,0,20101223,143129,5195,654
OTP,0,20101223,143129,5198,8
OTP,0,20101223,143129,5198,280
OTP,0,20101223,143129,5199,801
OTP,0,20101223,143129,5199,300
OTP,0,20101223,143129,5200,28
OTP,0,20101223,143129,5200,5000
OTP,0,20101223,143129,5200,11
OTP,0,20101223,143129,5200,500
OTP,0,20101223,143129,5201,10994
SYNERGON,0,20101223,143137,479,115
HUMET,0,20101223,143144,9,1000
HUMET,0,20101223,143144,9,11000
HUMET,0,20101223,143144,9,8000
BUX1112,0,20101223,143148,21940,5
BUX1112,0,20101223,143148,21944,3
BUX1112,0,20101223,143148,21949,5
BUX1112,0,20101223,143148,21949,1
BUX1112,0,20101223,143148,21950,11
OTP,0,20101223,143202,5205,10
OTP,0,20101223,143211,5201,18
OTP,0,20101223,143218,5203,340
OTP,0,20101223,143222,5201,40
OTP,0,20101223,143225,5201,100
MTELEKOM,0,20101223,143240,515,640
MOL,0,20101223,143318,20225,50
MTELEKOM,0,20101223,143337,515,150
MTELEKOM,0,20101223,143408,515,1100
MTELEKOM,0,20101223,143408,515,4560
MOL,0,20101223,143410,20250,15
OTP,0,20101223,143412,5201,1266
OTP,0,20101223,143412,5200,634
MTELEKOM,0,20101223,143419,515,100
BUX1112,0,20101223,143423,21950,6
BUX1112,0,20101223,143434,21950,1
OTP,0,20101223,143434,5200,366
MTELEKOM,0,20101223,143439,515,1340
MOL,0,20101223,143456,20280,51
MOL,0,20101223,143456,20285,38
MOL,0,20101223,143456,20285,45
MOL,0,20101223,143456,20290,20
MOL,0,20101223,143456,20295,100
MOL,0,20101223,143456,20300,206
MOL,0,20101223,143456,20300,50
MOL,0,20101223,143456,20300,10
MOL,0,20101223,143456,20300,175
MOL,0,20101223,143456,20300,1
MOL,0,20101223,143456,20300,10
MOL,0,20101223,143456,20300,48
MOL,0,20101223,143456,20300,20
MOL,0,20101223,143456,20300,5
MOL,0,20101223,143514,20255,2
RICHTER,0,20101223,143518,42070,100
BOOK,0,20101223,143520,480,108
OTP,0,20101223,143535,5193,2
BOOK,0,20101223,143540,480,2
BOOK,0,20101223,143540,483,78
BOOK,0,20101223,143540,493,20
MOL,0,20101223,143549,20315,50
MTELEKOM,0,20101223,143604,515,20
OTP,0,20101223,143706,5198,154
OTP,0,20101223,143706,5200,76
OTP,0,20101223,143713,5195,5
OTP,0,20101223,143713,5193,1
OTP,0,20101223,143725,5200,50
BUX1112,0,20101223,143821,21931.5,1
OTP,0,20101223,143830,5200,146
OTP,0,20101223,143832,5193,165
OTP,0,20101223,143844,5205,5
OTP,0,20101223,143859,5208,2
OTP,0,20101223,143907,5200,159
OTP,0,20101223,143914,5200,100
RICHTER,0,20101223,143957,42080,100
OTP,0,20101223,144018,5201,300
GENESIS,0,20101223,144030,191,200
OTP,0,20101223,144034,5203,2300
SYNERGON,0,20101223,144102,481,170
OTP,0,20101223,144208,5200,200
DANUBIUS,0,20101223,144220,4305,10
OTP,0,20101223,144243,5200,2
PHYLAXIA,0,20101223,144249,44,800
ZWACK,0,20101223,144402,13065,4
MOL,0,20101223,144405,20300,50
MOL,0,20101223,144447,20305,44
MTELEKOM,0,20101223,144454,515,1615
RABA,0,20101223,144500,802,560
MOL,0,20101223,144520,20320,500
MOL,0,20101223,144520,20330,500
MOL,0,20101223,144520,20340,500
DANUBIUS,0,20101223,144525,4345,135
MOL,0,20101223,144600,20340,45
MOL,0,20101223,144600,20345,50
MOL,0,20101223,144600,20350,10
MOL,0,20101223,144600,20350,500
MOL,0,20101223,144600,20360,100
MOL,0,20101223,144600,20360,395
MOL,0,20101223,144604,20360,105
RICHTER,0,20101223,144619,42090,25
RICHTER,0,20101223,144619,42090,25
RICHTER,0,20101223,144619,42100,15
RICHTER,0,20101223,144619,42100,50
MOL,0,20101223,144620,20340,8
MOL,0,20101223,144620,20305,2
RICHTER,0,20101223,144641,42080,1
OTP,0,20101223,144649,5204,140
OTP,0,20101223,144649,5207,704
OTP,0,20101223,144649,5208,48
OTP,0,20101223,144649,5209,800
OTP,0,20101223,144649,5210,168
OTP,0,20101223,144649,5210,24
OTP,0,20101223,144700,5210,20
KEG,0,20101223,144703,141,300
PHYLAXIA,0,20101223,144707,44,1100
MOL,0,20101223,144717,20360,743
OTP,0,20101223,144726,5210,150
MOL,0,20101223,144727,20380,5
MOL,0,20101223,144727,20380,52
MOL,0,20101223,144733,20310,2
BUX1112,0,20101223,144742,21945,1
BUX1112,0,20101223,144747,21945,1
MTELEKOM,0,20101223,144834,515,20
OTP,0,20101223,144841,5210,500
MTELEKOM,0,20101223,144852,515,536
MTELEKOM,0,20101223,144935,514,1244
MOL,0,20101223,144939,20355,200
OTP,0,20101223,144945,5214,10
OTP,0,20101223,144953,5210,2
OTP,0,20101223,144956,5215,75
MTELEKOM,0,20101223,145000,515,10
OTP,0,20101223,145018,5215,40
OTP,0,20101223,145018,5210,60
MOL,0,20101223,145029,20370,3
MOL,0,20101223,145029,20370,22
OTP,0,20101223,145030,5219,20
OTP,0,20101223,145030,5219,55
OTP,0,20101223,145030,5219,200
OTP,0,20101223,145030,5220,1000
OTP,0,20101223,145030,5220,84
OTP,0,20101223,145039,5220,641
OTP,0,20101223,145047,5220,109
OTP,0,20101223,145048,5211,2
OTP,0,20101223,145210,5220,10
OTP,0,20101223,145238,5218,30
MTELEKOM,0,20101223,145243,515,90
OTP,0,20101223,145336,5218,126
OTP,0,20101223,145336,5220,255
OTP,0,20101223,145336,5220,5
RICHTER,0,20101223,145409,42090,10
OTP,0,20101223,145432,5220,25
OTP,0,20101223,145453,5222,100
OTP,0,20101223,145453,5223,112
OTP,0,20101223,145458,5216,12
OTP,0,20101223,145458,5215,500
OTP,0,20101223,145458,5215,488
OTP,0,20101223,145501,5221,100
MTELEKOM,0,20101223,145505,515,500
BUX1112,0,20101223,145518,21950.5,2
OTP,0,20101223,145612,5216,20
MTELEKOM,0,20101223,145619,514,1000
PFLAX,0,20101223,145630,491,25
RICHTER,0,20101223,145643,42080,8
KARPOT,0,20101223,145659,469,500
KARPOT,0,20101223,145659,470,5
GENESIS,0,20101223,145705,190,115
GENESIS,0,20101223,145705,190,1000
OTP,0,20101223,145721,5216,80
OTP,0,20101223,145721,5216,503
OTP,0,20101223,145721,5215,17
MOL,0,20101223,145729,20370,22
MTELEKOM,0,20101223,145732,514,432
MTELEKOM,0,20101223,145732,514,1000
MTELEKOM,0,20101223,145732,514,40
MTELEKOM,0,20101223,145732,514,628
MTELEKOM,0,20101223,145733,515,329
MTELEKOM,0,20101223,145733,515,1771
RICHTER,0,20101223,145736,42085,2
MOL,0,20101223,145739,20380,7
MOL,0,20101223,145739,20385,10
MOL,0,20101223,145739,20385,3
MOL,0,20101223,145739,20385,100
MOL,0,20101223,145739,20390,498
MOL,0,20101223,145739,20390,6
MOL,0,20101223,145739,20395,30
MOL,0,20101223,145739,20395,10
MOL,0,20101223,145739,20395,10
MOL,0,20101223,145745,20400,15
MOL,0,20101223,145745,20400,40
MOL,0,20101223,145745,20400,139
MOL,0,20101223,145745,20400,55
MOL,0,20101223,145745,20400,51
MOL,0,20101223,145750,20400,100
MOL,0,20101223,145753,20400,349
MOL,0,20101223,145753,20400,240
MOL,0,20101223,145753,20400,6
MOL,0,20101223,145753,20400,5
MOL,0,20101223,145753,20400,135
MOL,0,20101223,145753,20400,1
MOL,0,20101223,145807,20380,20
RABA,0,20101223,145816,801,200
RABA,0,20101223,145816,801,1000
RABA,0,20101223,145816,800,413
RABA,0,20101223,145816,800,2387
MOL,0,20101223,145816,20420,3
MOL,0,20101223,145816,20425,17
MOL,0,20101223,145816,20440,3
MOL,0,20101223,145816,20440,50
MOL,0,20101223,145816,20445,5
MOL,0,20101223,145816,20445,50
MTELEKOM,0,20101223,145820,514,364
MOL,0,20101223,145822,20450,2
MOL,0,20101223,145822,20450,12
MOL,0,20101223,145824,20410,5
MOL,0,20101223,145824,20380,1
PANNERGY,0,20101223,145830,904,39
GENESIS,0,20101223,145845,190,600
MTELEKOM,0,20101223,145846,514,100
MTELEKOM,0,20101223,145846,514,200
MTELEKOM,0,20101223,145846,514,185
MTELEKOM,0,20101223,145846,514,300
MTELEKOM,0,20101223,145846,514,200
MTELEKOM,0,20101223,145846,514,15
OTP,0,20101223,145856,5221,64
OTP,0,20101223,145903,5222,50
OTP,0,20101223,145903,5223,88
OTP,0,20101223,145903,5224,300
OTP,0,20101223,145903,5225,1000
OTP,0,20101223,145903,5226,130
OTP,0,20101223,145903,5229,5
OTP,0,20101223,145903,5229,600
OTP,0,20101223,145903,5230,496
OTP,0,20101223,145903,5230,100
OTP,0,20101223,145903,5230,200
OTP,0,20101223,145903,5230,990
OTP,0,20101223,145908,5230,10
OTP,0,20101223,145940,5232,100
MOL,0,20101223,145953,20400,10
MOL,0,20101223,150010,20400,50
OTP,0,20101223,150021,5230,31
OTP,0,20101223,150021,5221,19
BUX1112,0,20101223,150048,21980,10
GENESIS,0,20101223,150102,189,50
GENESIS,0,20101223,150102,189,300
MTELEKOM,0,20101223,150107,515,1000
MOL,0,20101223,150123,20400,10
GENESIS,0,20101223,150215,188,100
GENESIS,0,20101223,150215,188,2662
GENESIS,0,20101223,150215,187,888
OTP,0,20101223,150230,5230,30
OTP,0,20101223,150230,5230,470
OTP,0,20101223,150240,5225,50
MOL,0,20101223,150251,20435,3
MOL,0,20101223,150251,20435,37
MOL,0,20101223,150251,20440,2
MOL,0,20101223,150251,20445,10
MOL,0,20101223,150251,20445,10
MOL,0,20101223,150251,20450,388
MOL,0,20101223,150251,20450,300
MOL,0,20101223,150251,20450,88
MOL,0,20101223,150251,20450,130
MOL,0,20101223,150251,20450,32
OTP,0,20101223,150254,5230,860
OTP,0,20101223,150254,5230,140
MOL,0,20101223,150258,20450,18
MOL,0,20101223,150258,20450,6
MOL,0,20101223,150258,20450,5
MOL,0,20101223,150258,20450,71
MOL,0,20101223,150313,20450,29
MOL,0,20101223,150313,20450,19
MOL,0,20101223,150403,20450,7
MOL,0,20101223,150403,20450,50
BUX1112,0,20101223,150408,21980,1
MTELEKOM,0,20101223,150416,515,229
MTELEKOM,0,20101223,150416,515,321
MTELEKOM,0,20101223,150426,515,1000
MOL,0,20101223,150440,20465,37
MOL,0,20101223,150440,20470,14
OTP,0,20101223,150443,5229,70
MTELEKOM,0,20101223,150446,515,1000
BUX1112,0,20101223,150528,21980,9
BUX1112,0,20101223,150558,21985,1
BUX1112,0,20101223,150558,21988,4
BUX1112,0,20101223,150629,21990,1
MTELEKOM,0,20101223,150632,515,1000
OTP,0,20101223,150635,5229,112
MOL,0,20101223,150647,20460,23
OTP,0,20101223,150711,5230,400
BUX1112,0,20101223,150718,21990,8
MOL,0,20101223,150742,20460,47
MOL,0,20101223,150742,20450,32
MOL,0,20101223,150742,20410,171
BUX1112,0,20101223,150757,21995,4
BUX1112,0,20101223,150757,21997,1
BUX1112,0,20101223,150807,21990.5,4
BUX1112,0,20101223,150839,21990,2
MOL,0,20101223,150839,20410,29
MOL,0,20101223,150839,20400,110
MOL,0,20101223,150839,20400,48
MOL,0,20101223,150839,20400,200
MOL,0,20101223,150839,20400,152
MOL,0,20101223,150850,20395,40
MOL,0,20101223,150850,20400,210
OTP,0,20101223,150853,5229,818
OTP,0,20101223,150853,5229,39
MTELEKOM,0,20101223,150919,515,100
OTP,0,20101223,150920,5229,112
OTP,0,20101223,150921,5225,30
MOL,0,20101223,150925,20380,19
MOL,0,20101223,150925,20355,200
MOL,0,20101223,150925,20350,31
OTP,0,20101223,150927,5228,10
OTP,0,20101223,150927,5229,285
OTP,0,20101223,150935,5229,52
OTP,0,20101223,150941,5229,653
OTP,0,20101223,150943,5225,150
RICHTER,0,20101223,151003,42100,50
OTP,0,20101223,151007,5225,2
OTP,0,20101223,151018,5225,77
MOL,0,20101223,151030,20355,13
MOL,0,20101223,151030,20350,7
RFV,0,20101223,151032,8450,100
OTP,0,20101223,151048,5229,387
DANUBIUS,0,20101223,151055,4380,55
DANUBIUS,0,20101223,151055,4390,20
DANUBIUS,0,20101223,151055,4390,50
DANUBIUS,0,20101223,151055,4395,7
DANUBIUS,0,20101223,151055,4395,100
DANUBIUS,0,20101223,151055,4400,139
DANUBIUS,0,20101223,151059,4390,1933
OTP,0,20101223,151104,5229,613
BUX1112,0,20101223,151203,21985,1
PANNERGY,0,20101223,151216,900,130
TVK,0,20101223,151216,3335,463
OTP,0,20101223,151237,5222,10
OTP,0,20101223,151237,5217,15
OTP,0,20101223,151237,5212,75
OTP,0,20101223,151248,5212,481
OTP,0,20101223,151248,5201,19
GENESIS,0,20101223,151305,190,285
MOL,0,20101223,151307,20350,13
OTP,0,20101223,151322,5225,100
OTP,0,20101223,151322,5228,10
OTP,0,20101223,151322,5228,8
OTP,0,20101223,151322,5228,72
MTELEKOM,0,20101223,151327,514,85
MTELEKOM,0,20101223,151327,514,1000
MTELEKOM,0,20101223,151327,514,1000
MTELEKOM,0,20101223,151327,514,2000
MTELEKOM,0,20101223,151327,514,1000
MTELEKOM,0,20101223,151327,514,3000
MTELEKOM,0,20101223,151327,514,164
MTELEKOM,0,20101223,151327,514,920
MTELEKOM,0,20101223,151327,514,1000
MTELEKOM,0,20101223,151327,514,200
MTELEKOM,0,20101223,151327,514,1000
MTELEKOM,0,20101223,151327,514,300
MTELEKOM,0,20101223,151327,514,5743
MTELEKOM,0,20101223,151332,514,300
OTP,0,20101223,151332,5202,25
MTELEKOM,0,20101223,151352,514,2288
OTP,0,20101223,151359,5220,6
MTELEKOM,0,20101223,151401,515,250
OTP,0,20101223,151405,5195,50000
MOL,0,20101223,151407,20350,20
OTP,0,20101223,151407,5202,2
BUX1112,0,20101223,151433,21958,1
MTELEKOM,0,20101223,151535,514,1000
RICHTER,0,20101223,151538,42105,19
MOL,0,20101223,151603,20350,74
SYNERGON,0,20101223,151608,481,500
ANY,0,20101223,151620,711,5050
OTP,0,20101223,151648,5203,50
MTELEKOM,0,20101223,151655,515,600
FHB,0,20101223,151742,970,4
FHB,0,20101223,151742,967,96
MTELEKOM,0,20101223,151750,515,1000
ECONET,0,20101223,151752,89,1
ECONET,0,20101223,151752,89,10
ECONET,0,20101223,151752,89,316
OTP,0,20101223,151805,5205,10000
MOL,0,20101223,151809,20350,98
MOL,0,20101223,151809,20350,2
OTP,0,20101223,151843,5205,111
GENESIS,0,20101223,151845,190,215
OTP,0,20101223,151851,5205,600
OTP,0,20101223,151852,5205,150
MTELEKOM,0,20101223,151919,515,1000
OTP,0,20101223,151924,5203,150
OTP,0,20101223,151924,5202,28
OTP,0,20101223,151924,5202,70
OTP,0,20101223,151924,5202,244
OTP,0,20101223,151931,5205,150
MTELEKOM,0,20101223,151943,514,500
RABA,0,20101223,151944,800,898
MOL,0,20101223,151947,20350,13
OTP,0,20101223,152007,5202,188
OTP,0,20101223,152007,5201,112
OTP,0,20101223,152053,5201,489
OTP,0,20101223,152058,5209,1000
RICHTER,0,20101223,152108,42140,7
DANUBIUS,0,20101223,152117,4430,1
FHB,0,20101223,152209,973,120
FHB,0,20101223,152209,974,100
FHB,0,20101223,152209,974,380
OTP,0,20101223,152401,5210,12
OTP,0,20101223,152423,5215,8
OTP,0,20101223,152423,5218,12
OTP,0,20101223,152431,5210,2
OTP,0,20101223,152457,5210,210
MTELEKOM,0,20101223,152533,514,1212
MTELEKOM,0,20101223,152533,514,10000
MTELEKOM,0,20101223,152533,514,250
RABA,0,20101223,152534,804,129
OTP,0,20101223,152602,5210,200
OTP,0,20101223,152617,5210,7
MTELEKOM,0,20101223,152628,514,8538
BUX1112,0,20101223,152636,21957,5
OTP,0,20101223,152720,5218,12
OTP,0,20101223,152725,5215,4500
MOL,0,20101223,152727,20350,5
MOL,0,20101223,152739,20330,150
MOL,0,20101223,152739,20305,110
MOL,0,20101223,152739,20300,51
MOL,0,20101223,152739,20300,8
MTELEKOM,0,20101223,152744,515,462
OTP,0,20101223,152806,5218,12
MTELEKOM,0,20101223,152809,515,2267
MTELEKOM,0,20101223,152809,515,1733
MTELEKOM,0,20101223,152812,515,50000
MTELEKOM,0,20101223,152818,515,2827
MTELEKOM,0,20101223,152818,515,7173
OTP,0,20101223,152837,5218,12
OTP,0,20101223,152852,5211,60
OTP,0,20101223,152854,5211,640
MOL,0,20101223,152947,20310,400
MOL,0,20101223,153001,20340,200
MOL,0,20101223,153001,20350,5
MOL,0,20101223,153001,20350,36
MOL,0,20101223,153001,20350,9
OTP,0,20101223,153001,5217,60
MOL,0,20101223,153007,20350,76
OTP,0,20101223,153024,5210,145
MOL,0,20101223,153033,20350,174
MOL,0,20101223,153033,20340,200
MOL,0,20101223,153042,20340,20
OTP,0,20101223,153106,5218,12
RICHTER,0,20101223,153117,42150,20
RICHTER,0,20101223,153117,42150,30
MTELEKOM,0,20101223,153126,514,50
MTELEKOM,0,20101223,153126,514,10000
MTELEKOM,0,20101223,153126,514,1000
MTELEKOM,0,20101223,153126,514,300
MTELEKOM,0,20101223,153126,514,1000
OTP,0,20101223,153139,5218,12
OTP,0,20101223,153153,5210,2
OTP,0,20101223,153216,5218,12
OTP,0,20101223,153221,5210,2
MTELEKOM,0,20101223,153224,514,907
RICHTER,0,20101223,153236,42200,50
OTP,0,20101223,153241,5218,12
OTP,0,20101223,153246,5210,2
RABA,0,20101223,153332,804,70
MTELEKOM,0,20101223,153350,514,1000
MTELEKOM,0,20101223,153400,514,93
MTELEKOM,0,20101223,153400,514,207
MTELEKOM,0,20101223,153510,514,126
BUX1112,0,20101223,153540,21955,2
RICHTER,0,20101223,153615,42200,6
MOL,0,20101223,153643,20310,90
PANNERGY,0,20101223,153703,900,661
MOL,0,20101223,153704,20310,2
OTP,0,20101223,153712,5210,20
OTP,0,20101223,153736,5218,20
MTELEKOM,0,20101223,153803,514,74
MTELEKOM,0,20101223,153803,514,120
MTELEKOM,0,20101223,153803,514,200
MTELEKOM,0,20101223,153803,514,200
BUX1112,0,20101223,153844,21960,1
GENESIS,0,20101223,153853,188,150
RICHTER,0,20101223,153911,42200,24
OTP,0,20101223,153931,5218,32
BUX1112,0,20101223,154001,21960,1
OTP,0,20101223,154008,5218,32
BUX1112,0,20101223,154024,21960,1
ECONET,0,20101223,154034,89,2184
ECONET,0,20101223,154034,89,1000
ECONET,0,20101223,154034,89,2000
ECONET,0,20101223,154034,89,675
ECONET,0,20101223,154034,89,141
RICHTER,0,20101223,154034,42200,20
RICHTER,0,20101223,154034,42200,4
OTP,0,20101223,154037,5218,32
MOL,0,20101223,154048,20320,140
MOL,0,20101223,154048,20320,254
OTP,0,20101223,154106,5218,32
MTELEKOM,0,20101223,154107,514,568
RICHTER,0,20101223,154117,42200,21
MTELEKOM,0,20101223,154119,514,3838
MTELEKOM,0,20101223,154119,514,5000
OTP,0,20101223,154126,5218,100
OTP,0,20101223,154130,5218,32
MTELEKOM,0,20101223,154138,514,10000
MTELEKOM,0,20101223,154141,514,10000
MTELEKOM,0,20101223,154144,514,4262
MTELEKOM,0,20101223,154144,514,1000
MOL,0,20101223,154149,20320,35
RICHTER,0,20101223,154158,42215,15
OTP,0,20101223,154202,5218,124
MOL,0,20101223,154206,20320,6
OTP,0,20101223,154229,5219,400
MTELEKOM,0,20101223,154232,514,1942
MTELEKOM,0,20101223,154234,514,200
ANY,0,20101223,154241,712,50
MOL,0,20101223,154309,20320,10
MTELEKOM,0,20101223,154312,514,200
MTELEKOM,0,20101223,154326,514,580
KEG,0,20101223,154344,140,94
KEG,0,20101223,154344,140,131
KEG,0,20101223,154344,140,94
KEG,0,20101223,154344,140,336
KEG,0,20101223,154344,140,94
KEG,0,20101223,154344,140,61
MOL,0,20101223,154345,20320,30
RICHTER,0,20101223,154359,42215,15
RICHTER,0,20101223,154401,42215,3
MTELEKOM,0,20101223,154404,514,200
MTELEKOM,0,20101223,154428,514,200
RICHTER,0,20101223,154430,42200,29
OTP,0,20101223,154433,5212,120
OTP,0,20101223,154433,5211,80
MOL,0,20101223,154459,20305,20
MTELEKOM,0,20101223,154541,514,73
ZWACK,0,20101223,154713,13100,12
ZWACK,0,20101223,154713,13100,48
MTELEKOM,0,20101223,154805,514,200
ZWACK,0,20101223,154815,13100,2
ZWACK,0,20101223,154815,13100,9
OTP,0,20101223,154826,5212,41
OTP,0,20101223,154840,5212,119
OTP,0,20101223,154840,5211,52
OTP,0,20101223,154840,5211,400
OTP,0,20101223,154840,5210,374
MTELEKOM,0,20101223,154911,514,400
OTP,0,20101223,154922,5210,20
OTP,0,20101223,154924,5210,4
OTP,0,20101223,154939,5210,12
OTP,0,20101223,154939,5218,570
BUX1112,0,20101223,154939,21972.5,1
BUX1112,0,20101223,154939,21973,4
BUX1112,0,20101223,155011,21973,4
PANNERGY,0,20101223,155022,901,100
RABA,0,20101223,155023,804,170
BUX1112,0,20101223,155049,21973,5
ETFBUXOTP,0,20101223,155140,900,481
OTP,0,20101223,155209,5210,168
OTP,0,20101223,155209,5205,30
ANY,0,20101223,155210,713,139
MTELEKOM,0,20101223,155220,514,150
MOL,0,20101223,155256,20300,40
OTP,0,20101223,155323,5205,20
MOL,0,20101223,155412,20300,1
MOL,0,20101223,155412,20300,1
RICHTER,0,20101223,155449,42200,3
FHB,0,20101223,155459,973,100
RFV,0,20101223,155501,8475,6
RFV,0,20101223,155501,8475,14
MOL,0,20101223,155501,20300,10
MOL,0,20101223,155526,20300,41
MOL,0,20101223,155526,20280,1
MTELEKOM,0,20101223,155531,514,194
FHB,0,20101223,155601,973,700
MTELEKOM,0,20101223,155602,513,100
MTELEKOM,0,20101223,155602,513,341
MTELEKOM,0,20101223,155602,513,195
MTELEKOM,0,20101223,155602,513,4364
MTELEKOM,0,20101223,155622,514,399
MTELEKOM,0,20101223,155622,514,10000
MTELEKOM,0,20101223,155622,514,500
MTELEKOM,0,20101223,155622,514,2824
MTELEKOM,0,20101223,155626,514,1277
OTP,0,20101223,155639,5205,10
OTP,0,20101223,155639,5205,169
OTP,0,20101223,155639,5202,100
OTP,0,20101223,155639,5202,10
OTP,0,20101223,155639,5202,128
RABA,0,20101223,155654,804,250
MTELEKOM,0,20101223,155656,513,1000
FHB,0,20101223,155709,973,80
SYNERGON,0,20101223,155732,483,200
MTELEKOM,0,20101223,155743,514,5750
OTP,0,20101223,155753,5210,270
FHB,0,20101223,155831,970,40
FHB,0,20101223,155831,967,50
FHB,0,20101223,155831,967,46
FHB,0,20101223,155831,966,115
RABA,0,20101223,155857,804,181
MTELEKOM,0,20101223,155939,514,50
OTP,0,20101223,160001,5203,395
MOL,0,20101223,160001,20300,15
RICHTER,0,20101223,160001,42200,14
MOL,0,20101223,160010,20300,15
RABA,0,20101223,160016,801,279
OTP,0,20101223,160025,5203,5
OTP,0,20101223,160025,5203,5
BUX1112,0,20101223,160040,21970,5
BUX1112,0,20101223,160106,21970,1
MTELEKOM,0,20101223,160155,514,400
BUX1112,0,20101223,160156,21970,1
MOL,0,20101223,160219,20300,20
MTELEKOM,0,20101223,160259,514,500
OTP,0,20101223,160322,5203,18
OTP,0,20101223,160347,5203,160
OTP,0,20101223,160356,5203,1
OTP,0,20101223,160356,5202,272
OTP,0,20101223,160356,5202,100
OTP,0,20101223,160356,5201,1200
OTP,0,20101223,160356,5200,25
OTP,0,20101223,160356,5200,575
OTP,0,20101223,160356,5200,5000
OTP,0,20101223,160356,5200,287
OTP,0,20101223,160356,5200,5
OTP,0,20101223,160357,5199,15
OTP,0,20101223,160357,5199,28
OTP,0,20101223,160357,5192,172
OTP,0,20101223,160410,5194,40
OTP,0,20101223,160410,5200,460
OTP,0,20101223,160411,5200,75
OTP,0,20101223,160411,5200,862
OTP,0,20101223,160421,5192,39
OTP,0,20101223,160421,5192,50
OTP,0,20101223,160421,5192,154
OTP,0,20101223,160424,5192,155
BUX1112,0,20101223,160435,21970,1
MTELEKOM,0,20101223,160446,514,1000
BUX1112,0,20101223,160449,21970,1
MOL,0,20101223,160500,20280,11
BUX1112,0,20101223,160511,21970,1
RABA,0,20101223,160529,804,650
OTP,0,20101223,160601,5200,172
OTP,0,20101223,160601,5200,1000
OTP,0,20101223,160602,5200,828
PHYLAXIA,0,20101223,160606,44,800
MOL,0,20101223,160631,20300,50
MOL,0,20101223,160637,20280,68
MOL,0,20101223,160637,20280,97
RABA,0,20101223,160638,804,350
PANNERGY,0,20101223,160643,901,372
PANNERGY,0,20101223,160643,901,78
MTELEKOM,0,20101223,160654,513,150
MTELEKOM,0,20101223,160657,513,900
SYNERGON,0,20101223,160706,482,100
FOTEX,0,20101223,160718,382,100
FOTEX,0,20101223,160718,382,322
FOTEX,0,20101223,160718,382,778
FOTEX,0,20101223,160732,382,1200
MTELEKOM,0,20101223,160741,514,900
ORC,0,20101223,160743,1965,10
ORC,0,20101223,160743,1980,1
MTELEKOM,0,20101223,160749,513,150
SYNERGON,0,20101223,160753,483,200
MOL,0,20101223,160806,20280,3
RICHTER,0,20101223,160817,42200,1
RICHTER,0,20101223,160817,42200,10
RICHTER,0,20101223,160817,42200,50
MTELEKOM,0,20101223,160823,514,123
MTELEKOM,0,20101223,160823,514,277
OTP,0,20101223,160840,5200,398
MOL,0,20101223,160848,20280,150
MTELEKOM,0,20101223,160855,514,100
MOL,0,20101223,160902,20275,20
MOL,0,20101223,160902,20275,130
MTELEKOM,0,20101223,160910,514,200
ORC,0,20101223,160946,1960,450
FOTEX,0,20101223,160947,382,22
FOTEX,0,20101223,160947,382,678
MTELEKOM,0,20101223,160954,514,250
RICHTER,0,20101223,161001,42200,14
MOL,0,20101223,161001,20275,4
RICHTER,0,20101223,161005,42200,10
MOL,0,20101223,161006,20275,14
PANNERGY,0,20101223,161046,901,144
PANNERGY,0,20101223,161046,901,188
MTELEKOM,0,20101223,161104,514,50
RICHTER,0,20101223,161106,42200,26
OTP,0,20101223,161114,5210,60
OTP,0,20101223,161114,5211,15
OTP,0,20101223,161114,5212,1
RICHTER,0,20101223,161117,42200,2
RICHTER,0,20101223,161139,42200,3
OTP,0,20101223,161140,5212,95
MTELEKOM,0,20101223,161214,513,1980
MTELEKOM,0,20101223,161234,514,126
RICHTER,0,20101223,161247,42200,15
RICHTER,0,20101223,161255,42250,20
MOL,0,20101223,161256,20295,100
OTP,0,20101223,161300,5201,134
OTP,0,20101223,161300,5201,187
OTP,0,20101223,161300,5201,77
MOL,0,20101223,161348,20290,375
MOL,0,20101223,161355,20280,1000
MOL,0,20101223,161415,20275,452
MOL,0,20101223,161426,20270,40
MOL,0,20101223,161426,20260,15
RICHTER,0,20101223,161445,42250,20
MTELEKOM,0,20101223,161448,514,100
RICHTER,0,20101223,161501,42290,4
MOL,0,20101223,161501,20260,15
RICHTER,0,20101223,161505,42290,1
RICHTER,0,20101223,161512,42295,13
PHYLAXIA,0,20101223,161546,44,5000
OTP,0,20101223,161547,5205,415
MOL,0,20101223,161556,20275,48
MOL,0,20101223,161556,20275,37
OTP,0,20101223,161605,5201,15
MOL,0,20101223,161646,20280,100
OTP,0,20101223,161720,5201,8
OTP,0,20101223,161720,5201,161
OTP,0,20101223,161720,5201,50
OTP,0,20101223,161724,5201,179
MOL,0,20101223,161727,20285,100
MOL,0,20101223,161727,20300,15
OTP,0,20101223,161735,5200,18
OTP,0,20101223,161745,5200,100
KEG,0,20101223,161754,140,94
MOL,0,20101223,161821,20285,30
BUX1112,0,20101223,161826,21960,6
OTP,0,20101223,161849,5201,15
MOL,0,20101223,161906,20260,43
OTP,0,20101223,161924,5201,185
OTP,0,20101223,161924,5201,55
MTELEKOM,0,20101223,161924,514,500
MOL,0,20101223,161924,20285,47
MOL,0,20101223,161931,20285,10
RICHTER,0,20101223,162000,42295,14
MOL,0,20101223,162001,20260,3
PANNERGY,0,20101223,162008,901,28
MOL,0,20101223,162008,20255,12
MTELEKOM,0,20101223,162022,514,120
OTP,0,20101223,162024,5201,61
BUX1112,0,20101223,162034,21959.5,1
PHYLAXIA,0,20101223,162039,44,497
PHYLAXIA,0,20101223,162039,44,1500
PHYLAXIA,0,20101223,162039,44,4753
OTP,0,20101223,162140,5203,25
OTP,0,20101223,162140,5203,91
OTP,0,20101223,162144,5203,282
TVK,0,20101223,162211,3340,12
TVK,0,20101223,162211,3330,30
TVK,0,20101223,162211,3325,23
FOTEX,0,20101223,162211,382,250
BUX1112,0,20101223,162227,21955.5,1
PANNERGY,0,20101223,162238,905,28
SYNERGON,0,20101223,162246,482,100
SYNERGON,0,20101223,162246,482,1300
HUMET,0,20101223,162311,9,822
MOL,0,20101223,162315,20285,13
MOL,0,20101223,162315,20285,87
BUX1112,0,20101223,162315,21955,1
SYNERGON,0,20101223,162325,482,500
SYNERGON,0,20101223,162346,482,1320
MOL,0,20101223,162402,20285,4
MOL,0,20101223,162406,20285,9
MOL,0,20101223,162406,20300,15
MOL,0,20101223,162406,20300,508
SYNERGON,0,20101223,162428,482,180
RICHTER,0,20101223,162500,42290,5
MOL,0,20101223,162501,20285,15
RICHTER,0,20101223,162510,42295,9
MTELEKOM,0,20101223,162520,514,125
MOL,0,20101223,162543,20300,26
MOL,0,20101223,162543,20300,5
OTP,0,20101223,162600,5201,300
OTP,0,20101223,162600,5201,99
MOL,0,20101223,162620,20320,165
RICHTER,0,20101223,162625,42250,31
BUX1112,0,20101223,162701,21960,1
MTELEKOM,0,20101223,162839,513,21456
MTELEKOM,0,20101223,162839,513,1000
MTELEKOM,0,20101223,162839,513,1000
MTELEKOM,0,20101223,162839,513,10330
MTELEKOM,0,20101223,162839,513,200
MTELEKOM,0,20101223,162839,513,200
MTELEKOM,0,20101223,162839,513,199
MTELEKOM,0,20101223,162839,513,50
MTELEKOM,0,20101223,162839,513,565
MTELEKOM,0,20101223,162845,513,435
MTELEKOM,0,20101223,162845,513,165
MTELEKOM,0,20101223,162845,513,200
MTELEKOM,0,20101223,162845,513,150
MTELEKOM,0,20101223,162845,513,450
MTELEKOM,0,20101223,162845,513,1000
MTELEKOM,0,20101223,162845,513,600
BUX1112,0,20101223,162851,21955,2
BUX1112,0,20101223,162851,21955,1
BUX1112,0,20101223,162851,21951,1
BUX1112,0,20101223,162851,21950.5,2
BUX1112,0,20101223,162851,21950,10
BUX1112,0,20101223,162851,21950,10
BUX1112,0,20101223,162851,21950,1
MTELEKOM,0,20101223,162858,513,152
OTP,0,20101223,162858,5205,41
OTP,0,20101223,162858,5205,114
OTP,0,20101223,162859,5205,63
BUX1112,0,20101223,162907,21956,1
RICHTER,0,20101223,163000,42295,13
MOL,0,20101223,163001,20305,14
OTP,0,20101223,163018,5210,100
OTP,0,20101223,163018,5210,794
OTP,0,20101223,163018,5210,19
OTP,0,20101223,163020,5210,87
OTP,0,20101223,163020,5210,282
MTELEKOM,0,20101223,163022,513,1248
MTELEKOM,0,20101223,163022,513,250
MTELEKOM,0,20101223,163022,513,200
MTELEKOM,0,20101223,163022,513,20
MTELEKOM,0,20101223,163022,513,190
MTELEKOM,0,20101223,163022,513,150
MTELEKOM,0,20101223,163022,513,18
MTELEKOM,0,20101223,163022,513,200
MTELEKOM,0,20101223,163022,513,10000
MTELEKOM,0,20101223,163022,513,500
MTELEKOM,0,20101223,163022,513,500
MTELEKOM,0,20101223,163022,513,100
MTELEKOM,0,20101223,163022,513,500
MTELEKOM,0,20101223,163022,513,124
OTP,0,20101223,163024,5210,29
MTELEKOM,0,20101223,163036,514,1000
OTP,0,20101223,163037,5213,15
OTP,0,20101223,163039,5213,485
OTP,0,20101223,163055,5214,20
OTP,0,20101223,163055,5214,260
OTP,0,20101223,163055,5215,1500
OTP,0,20101223,163055,5210,1000
BUX1112,0,20101223,163108,21958,1
BUX1112,0,20101223,163108,21942,1
BUX1112,0,20101223,163108,21941,1
BUX1112,0,20101223,163108,21941,1
BUX1112,0,20101223,163108,21935.5,2
BUX1112,0,20101223,163108,21932,2
BUX1112,0,20101223,163108,21931,1
BUX1112,0,20101223,163108,21925.5,2
BUX1112,0,20101223,163108,21925.5,1
BUX1112,0,20101223,163108,21925,1
MTELEKOM,0,20101223,163129,513,6
MTELEKOM,0,20101223,163129,513,100
MTELEKOM,0,20101223,163129,513,100
MTELEKOM,0,20101223,163129,513,50
MTELEKOM,0,20101223,163129,513,300
MTELEKOM,0,20101223,163129,513,125
MTELEKOM,0,20101223,163129,513,1319
OTP,0,20101223,163137,5216,10
OTP,0,20101223,163137,5216,16
OTP,0,20101223,163137,5218,276
OTP,0,20101223,163137,5219,200
OTP,0,20101223,163137,5219,1000
OTP,0,20101223,163137,5220,100
OTP,0,20101223,163137,5220,90
OTP,0,20101223,163137,5220,20
EMASZ,0,20101223,163141,21000,5
OTP,0,20101223,163146,5224,8
OTP,0,20101223,163146,5224,200
OTP,0,20101223,163146,5225,600
OTP,0,20101223,163146,5225,10
MTELEKOM,0,20101223,163149,514,3500
OTP,0,20101223,163215,5220,17
MTELEKOM,0,20101223,163226,514,1700
OTP,0,20101223,163240,5228,28
OTP,0,20101223,163240,5228,1000
OTP,0,20101223,163240,5228,1000
MTELEKOM,0,20101223,163245,514,3000
OTP,0,20101223,163248,5229,200
OTP,0,20101223,163248,5230,100
OTP,0,20101223,163248,5230,200
RICHTER,0,20101223,163323,42295,66
RICHTER,0,20101223,163323,42295,14
MOL,0,20101223,163344,20340,1
MOL,0,20101223,163344,20345,30
MOL,0,20101223,163344,20350,1
MTELEKOM,0,20101223,163356,515,27
MTELEKOM,0,20101223,163356,515,11
BUX1112,0,20101223,163403,21959,5
BUX1112,0,20101223,163403,21959,2
OTP,0,20101223,163405,5230,50
OTP,0,20101223,163405,5230,19
OTP,0,20101223,163405,5230,130
OTP,0,20101223,163406,5234,280
MOL,0,20101223,163418,20370,6
MOL,0,20101223,163418,20385,50
MOL,0,20101223,163418,20390,52
MOL,0,20101223,163418,20395,20
MOL,0,20101223,163418,20400,10
MOL,0,20101223,163418,20400,800
MOL,0,20101223,163418,20400,30
MOL,0,20101223,163418,20400,7
OTP,0,20101223,163422,5234,70
OTP,0,20101223,163422,5235,20
OTP,0,20101223,163422,5235,930
OTP,0,20101223,163422,5235,30
OTP,0,20101223,163422,5235,1000
OTP,0,20101223,163440,5228,83
OTP,0,20101223,163441,5228,398
RICHTER,0,20101223,163500,42295,1
MOL,0,20101223,163501,20355,15
RICHTER,0,20101223,163511,42300,10
RICHTER,0,20101223,163511,42300,3
OTP,0,20101223,163604,5230,100
OTP,0,20101223,163604,5230,50
OTP,0,20101223,163604,5230,341
OTP,0,20101223,163606,5228,400
MTELEKOM,0,20101223,163628,515,70
BUX1112,0,20101223,163649,21970,1
MTELEKOM,0,20101223,163717,514,20
MTELEKOM,0,20101223,163717,513,681
MTELEKOM,0,20101223,163717,513,500
MTELEKOM,0,20101223,163717,513,900
OTP,0,20101223,163732,5228,1
OTP,0,20101223,163736,5228,20
MTELEKOM,0,20101223,163744,513,900
ECONET,0,20101223,163825,90,225
