<TICKER>,<PER>,<DTYYYYMMDD>,<TIME>,<CLOSE>,<VOLUME>
BUX1012,0,20101215,090053,21267,1
BUX1012,0,20101215,090053,21267,2
BUX1012,0,20101215,090053,21267,8
BUX1012,0,20101215,090053,21267,3
BUX1012,0,20101215,090053,21267,4
BUX1012,0,20101215,090053,21267,3
BUX1012,0,20101215,090053,21267,5
BUX1012,0,20101215,090053,21267,13
BUX1112,0,20101215,090053,21901,1
BUX1112,0,20101215,090053,21901,1
BUX1112,0,20101215,090053,21901,1
EGIS,0,20101215,090055,20000,20
EGIS,0,20101215,090055,20000,30
EGIS,0,20101215,090055,20000,10
EGIS,0,20101215,090055,20000,5
EGIS,0,20101215,090055,20000,15
EGIS,0,20101215,090055,20000,30
EGIS,0,20101215,090055,20000,3
EGIS,0,20101215,090055,20000,5
EGIS,0,20101215,090055,20000,2
EGIS,0,20101215,090055,20000,16
EGIS,0,20101215,090055,20000,10
GENESIS,0,20101215,090055,211,20
GENESIS,0,20101215,090055,211,725
GENESIS,0,20101215,090055,211,100
GENESIS,0,20101215,090055,211,200
GENESIS,0,20101215,090055,211,5
HUMET,0,20101215,090055,10,100
MOL,0,20101215,090055,19595,15
MOL,0,20101215,090055,19595,23
MOL,0,20101215,090055,19595,50
MOL,0,20101215,090055,19595,12
MOL,0,20101215,090055,19595,100
MOL,0,20101215,090055,19595,22
MTELEKOM,0,20101215,090055,520,421
MTELEKOM,0,20101215,090055,520,167
MTELEKOM,0,20101215,090055,520,100
MTELEKOM,0,20101215,090055,520,1378
MTELEKOM,0,20101215,090055,520,320
MTELEKOM,0,20101215,090055,520,3892
MTELEKOM,0,20101215,090055,520,108
MTELEKOM,0,20101215,090055,520,192
MTELEKOM,0,20101215,090055,520,150
MTELEKOM,0,20101215,090055,520,165
MTELEKOM,0,20101215,090055,520,293
MTELEKOM,0,20101215,090055,520,120
MTELEKOM,0,20101215,090055,520,120
MTELEKOM,0,20101215,090055,520,200
MTELEKOM,0,20101215,090055,520,267
MTELEKOM,0,20101215,090055,520,200
MTELEKOM,0,20101215,090055,520,533
MTELEKOM,0,20101215,090055,520,20
MTELEKOM,0,20101215,090055,520,447
MTELEKOM,0,20101215,090055,520,500
MTELEKOM,0,20101215,090055,520,100
MTELEKOM,0,20101215,090055,520,1000
MTELEKOM,0,20101215,090055,520,1803
MTELEKOM,0,20101215,090055,520,200
OTP,0,20101215,090055,5250,10
OTP,0,20101215,090055,5250,45
OTP,0,20101215,090055,5250,45
OTP,0,20101215,090055,5250,5
OTP,0,20101215,090055,5250,20
OTP,0,20101215,090055,5250,5
OTP,0,20101215,090055,5250,425
OTP,0,20101215,090055,5250,25
OTP,0,20101215,090055,5250,39
OTP,0,20101215,090055,5250,10
OTP,0,20101215,090055,5250,20
OTP,0,20101215,090055,5250,141
PANNERGY,0,20101215,090055,852,1000
PANNERGY,0,20101215,090055,852,800
PANNERGY,0,20101215,090055,852,300
PANNERGY,0,20101215,090055,852,100
PHYLAXIA,0,20101215,090055,44,1277
RABA,0,20101215,090055,800,100
RABA,0,20101215,090055,800,200
RABA,0,20101215,090055,800,657
RABA,0,20101215,090055,800,1000
RABA,0,20101215,090055,800,100
RABA,0,20101215,090055,800,143
RICHTER,0,20101215,090055,43290,20
RICHTER,0,20101215,090055,43290,3
RICHTER,0,20101215,090055,43290,27
RICHTER,0,20101215,090055,43290,20
RICHTER,0,20101215,090055,43290,25
RICHTER,0,20101215,090055,43290,10
RICHTER,0,20101215,090055,43290,18
RICHTER,0,20101215,090055,43290,12
RICHTER,0,20101215,090055,43290,25
RICHTER,0,20101215,090055,43290,63
RICHTER,0,20101215,090055,43290,13
BUX1012,0,20101215,090200,21267,2
BUX1012,0,20101215,090200,21266.5,2
BUX1012,0,20101215,090200,21266,1
OTP,0,20101215,090201,5250,76
OTP,0,20101215,090201,5250,224
BUX1012,0,20101215,090204,21266,5
OTP,0,20101215,090205,5254,58
GENESIS,0,20101215,090210,219,20
BUX1012,0,20101215,090213,21289,2
OTP,0,20101215,090215,5250,76
BUX1012,0,20101215,090234,21271,3
BUX1012,0,20101215,090243,21289,1
EGIS,0,20101215,090245,20000,6
OTP,0,20101215,090252,5245,4
OTP,0,20101215,090252,5243,244
OTP,0,20101215,090252,5241,50
OTP,0,20101215,090252,5240,5
BUX1012,0,20101215,090255,21298,1
MTELEKOM,0,20101215,090300,518,1000
MTELEKOM,0,20101215,090300,518,100
MTELEKOM,0,20101215,090300,518,358
MTELEKOM,0,20101215,090308,518,4642
MTELEKOM,0,20101215,090308,518,1713
BUX1012,0,20101215,090311,21290.5,6
BUX1012,0,20101215,090311,21290,1
BUX1012,0,20101215,090311,21273,3
BUX1012,0,20101215,090311,21272.5,1
BUX1012,0,20101215,090311,21272.5,10
ECONET,0,20101215,090331,92,1000
BUX1012,0,20101215,090341,21350,18
BUX1112,0,20101215,090341,21940,18
RCBRENTOIL,0,20101215,090349,902,10
OTP,0,20101215,090350,5239,50
OTP,0,20101215,090350,5238,20
OTP,0,20101215,090350,5233,30
OTP,0,20101215,090358,5233,87
MTELEKOM,0,20101215,090401,517,49
MTELEKOM,0,20101215,090401,517,559
MTELEKOM,0,20101215,090401,517,125
MTELEKOM,0,20101215,090401,517,100
MTELEKOM,0,20101215,090401,517,626
OTP,0,20101215,090405,5230,1
MTELEKOM,0,20101215,090413,518,400
KARPOT,0,20101215,090418,499,100
KARPOT,0,20101215,090418,500,5
OTP,0,20101215,090423,5237,600
MTELEKOM,0,20101215,090424,517,100
OTP,0,20101215,090428,5236,100
MTELEKOM,0,20101215,090430,517,1000
MTELEKOM,0,20101215,090431,517,1274
MTELEKOM,0,20101215,090431,517,2000
MTELEKOM,0,20101215,090431,517,150
MTELEKOM,0,20101215,090431,517,210
MOL,0,20101215,090434,19575,84
MTELEKOM,0,20101215,090444,516,200
MTELEKOM,0,20101215,090444,516,2000
MTELEKOM,0,20101215,090444,516,333
MTELEKOM,0,20101215,090444,516,1000
MTELEKOM,0,20101215,090444,516,467
MTELEKOM,0,20101215,090447,517,1000
OTP,0,20101215,090454,5237,200
BUX1012,0,20101215,090458,21299,1
BUX1012,0,20101215,090458,21299,1
MTELEKOM,0,20101215,090502,516,1458
BUX1012,0,20101215,090508,21298.5,2
MTELEKOM,0,20101215,090512,517,500
MTELEKOM,0,20101215,090517,517,1400
MTELEKOM,0,20101215,090518,517,200
MTELEKOM,0,20101215,090531,517,100
OTP,0,20101215,090536,5244,100
MTELEKOM,0,20101215,090549,517,239
MTELEKOM,0,20101215,090549,517,2500
MTELEKOM,0,20101215,090549,517,1458
MTELEKOM,0,20101215,090549,517,1000
MTELEKOM,0,20101215,090549,517,803
MTELEKOM,0,20101215,090549,517,1000
BUX1112,0,20101215,090554,21890,1
BUX1112,0,20101215,090554,21900,2
MTELEKOM,0,20101215,090557,517,197
MTELEKOM,0,20101215,090557,517,303
RICHTER,0,20101215,090559,43285,80
MOL,0,20101215,090600,19555,30
MTELEKOM,0,20101215,090600,517,297
MTELEKOM,0,20101215,090600,517,1600
BUX1012,0,20101215,090615,21281.5,3
BUX1012,0,20101215,090615,21281,4
BUX1012,0,20101215,090615,21280,1
BUX1012,0,20101215,090615,21275.5,2
OTP,0,20101215,090620,5243,50
OTP,0,20101215,090620,5243,15
OTP,0,20101215,090620,5244,30
OTP,0,20101215,090620,5245,200
OTP,0,20101215,090620,5247,705
BUX1112,0,20101215,090621,21920,1
MTELEKOM,0,20101215,090629,517,2000
MTELEKOM,0,20101215,090629,517,355
MTELEKOM,0,20101215,090629,517,1645
OTP,0,20101215,090629,5240,4
ECONET,0,20101215,090631,92,1000
MTELEKOM,0,20101215,090645,518,1000
MTELEKOM,0,20101215,090649,518,459
BUX1112,0,20101215,090651,21900.5,4
BUX1112,0,20101215,090657,21920,5
OTP,0,20101215,090707,5247,95
OTP,0,20101215,090707,5247,200
OTP,0,20101215,090720,5249,59
OTP,0,20101215,090720,5249,450
OTP,0,20101215,090720,5249,100
OTP,0,20101215,090720,5250,24
OTP,0,20101215,090720,5250,200
OTP,0,20101215,090720,5250,167
OTP,0,20101215,090720,5250,20
BUX1012,0,20101215,090725,21296.5,10
OTP,0,20101215,090738,5249,100
OTP,0,20101215,090738,5250,100
OTP,0,20101215,090739,5241,1
MTELEKOM,0,20101215,090751,519,1734
MTELEKOM,0,20101215,090800,519,3266
MTELEKOM,0,20101215,090800,519,1458
MTELEKOM,0,20101215,090800,520,126
MOL,0,20101215,090804,19645,50
MTELEKOM,0,20101215,090805,518,541
MTELEKOM,0,20101215,090805,518,459
MOL,0,20101215,090811,19645,50
OTP,0,20101215,090815,5243,80
OTP,0,20101215,090815,5242,186
OTP,0,20101215,090815,5242,96
OTP,0,20101215,090815,5242,100
OTP,0,20101215,090815,5241,9
OTP,0,20101215,090815,5241,29
BUX1012,0,20101215,090820,21297.5,2
OTP,0,20101215,090823,5246,10
BUX1012,0,20101215,090829,21280,7
MTELEKOM,0,20101215,090831,519,1000
OTP,0,20101215,090835,5241,30
BUX1012,0,20101215,090835,21298,1
OTP,0,20101215,090837,5241,500
MTELEKOM,0,20101215,090840,519,458
MTELEKOM,0,20101215,090840,519,542
MTELEKOM,0,20101215,090847,519,1000
SYNERGON,0,20101215,090849,492,172
SYNERGON,0,20101215,090849,491,28
OTP,0,20101215,090849,5241,37
OTP,0,20101215,090849,5240,263
OTP,0,20101215,090854,5240,237
OTP,0,20101215,090854,5240,1000
OTP,0,20101215,090854,5240,13
OTP,0,20101215,090854,5240,200
MTELEKOM,0,20101215,090854,519,958
MTELEKOM,0,20101215,090854,519,1042
MTELEKOM,0,20101215,090856,519,1000
PHYLAXIA,0,20101215,090902,44,23
PHYLAXIA,0,20101215,090902,44,2
BUX1012,0,20101215,090906,21298,4
OTP,0,20101215,090909,5240,5
BUX1012,0,20101215,090909,21298,1
MTELEKOM,0,20101215,090914,518,3
BUX1012,0,20101215,090914,21298.5,3
OTP,0,20101215,090923,5240,20
OTP,0,20101215,090947,5240,575
OTP,0,20101215,090947,5240,425
BUX1012,0,20101215,090952,21300,1
BUX1012,0,20101215,090952,21300,1
BUX1012,0,20101215,090952,21300,10
MTELEKOM,0,20101215,090954,518,350
BUX1112,0,20101215,090954,21902.5,2
MTELEKOM,0,20101215,091002,518,1188
MTELEKOM,0,20101215,091002,518,271
OTP,0,20101215,091003,5240,75
OTP,0,20101215,091003,5240,500
OTP,0,20101215,091003,5240,300
OTP,0,20101215,091003,5240,16
OTP,0,20101215,091003,5240,109
MTELEKOM,0,20101215,091005,519,458
MTELEKOM,0,20101215,091005,519,542
OTP,0,20101215,091006,5240,100
BUX1012,0,20101215,091009,21300.5,2
BUX1012,0,20101215,091009,21300,8
OTP,0,20101215,091010,5240,41
OTP,0,20101215,091010,5240,20
ANY,0,20101215,091011,738,2
MTELEKOM,0,20101215,091018,518,729
MTELEKOM,0,20101215,091018,518,500
MTELEKOM,0,20101215,091018,518,1000
MTELEKOM,0,20101215,091018,518,2000
MTELEKOM,0,20101215,091018,518,2000
MTELEKOM,0,20101215,091018,518,1000
MTELEKOM,0,20101215,091018,518,1000
OTP,0,20101215,091022,5240,100
OTP,0,20101215,091045,5241,222
OTP,0,20101215,091045,5241,60
OTP,0,20101215,091048,5245,35
MOL,0,20101215,091049,19600,5
MTELEKOM,0,20101215,091055,519,5000
MTELEKOM,0,20101215,091057,519,1000
MTELEKOM,0,20101215,091057,519,500
OTP,0,20101215,091059,5240,10
MTELEKOM,0,20101215,091101,519,3669
OTP,0,20101215,091104,5240,90
OTP,0,20101215,091105,5241,1680
KEG,0,20101215,091106,141,740
KEG,0,20101215,091106,141,1753
OTP,0,20101215,091116,5241,60
OTP,0,20101215,091116,5240,23
MTELEKOM,0,20101215,091121,520,100
OTP,0,20101215,091122,5240,216
RICHTER,0,20101215,091123,43285,10
MTELEKOM,0,20101215,091132,520,1000
OTP,0,20101215,091133,5242,100
MTELEKOM,0,20101215,091135,520,4448
MTELEKOM,0,20101215,091135,520,300
MTELEKOM,0,20101215,091135,520,5000
OTP,0,20101215,091140,5240,100
BUX1112,0,20101215,091142,21903.5,1
RICHTER,0,20101215,091143,43280,20
OTP,0,20101215,091144,5240,200
MTELEKOM,0,20101215,091153,520,1000
MTELEKOM,0,20101215,091153,520,5000
MTELEKOM,0,20101215,091153,520,2000
MTELEKOM,0,20101215,091153,520,1628
MTELEKOM,0,20101215,091202,520,300
MTELEKOM,0,20101215,091208,520,5072
OTP,0,20101215,091213,5238,150
OTP,0,20101215,091213,5238,170
OTP,0,20101215,091213,5238,300
BUX1012,0,20101215,091213,21305,2
MTELEKOM,0,20101215,091219,520,1000
OTP,0,20101215,091224,5238,20
OTP,0,20101215,091224,5240,67
RICHTER,0,20101215,091230,43280,3
MTELEKOM,0,20101215,091235,520,1000
RICHTER,0,20101215,091251,43280,20
BUX1012,0,20101215,091308,21315,5
BUX1012,0,20101215,091308,21310,12
BUX1012,0,20101215,091308,21307,2
BUX1012,0,20101215,091308,21306,1
BUX1112,0,20101215,091309,21905,1
MOL,0,20101215,091313,19570,50
BUX1012,0,20101215,091318,21306,4
BUX1012,0,20101215,091318,21305,21
FREESOFT,0,20101215,091321,1956,31
FREESOFT,0,20101215,091321,1950,50
OTP,0,20101215,091322,5235,8
OTP,0,20101215,091322,5235,300
MTELEKOM,0,20101215,091323,520,1000
MTELEKOM,0,20101215,091323,520,100
MTELEKOM,0,20101215,091323,520,1000
MTELEKOM,0,20101215,091323,520,900
MTELEKOM,0,20101215,091332,520,100
RICHTER,0,20101215,091338,43280,2
BUX1012,0,20101215,091339,21305,1
MTELEKOM,0,20101215,091342,519,1000
MTELEKOM,0,20101215,091342,519,5000
MTELEKOM,0,20101215,091342,520,1000
OTP,0,20101215,091344,5233,19
OTP,0,20101215,091344,5232,100
OTP,0,20101215,091344,5231,1000
OTP,0,20101215,091344,5231,24
OTP,0,20101215,091344,5230,57
BUX1012,0,20101215,091344,21325,1
BUX1012,0,20101215,091344,21328,3
BUX1012,0,20101215,091344,21330,2
BUX1012,0,20101215,091344,21330,10
BUX1012,0,20101215,091344,21335,4
OTP,0,20101215,091349,5230,75
OTP,0,20101215,091349,5230,3
OTP,0,20101215,091351,5230,497
OTP,0,20101215,091351,5230,100
OTP,0,20101215,091351,5230,100
OTP,0,20101215,091351,5230,500
OTP,0,20101215,091351,5230,18
OTP,0,20101215,091351,5230,800
OTP,0,20101215,091351,5230,300
EGIS,0,20101215,091351,19975,1
EGIS,0,20101215,091351,19900,7
EGIS,0,20101215,091351,19900,3
FHB,0,20101215,091351,983,50
FHB,0,20101215,091351,982,10
MOL,0,20101215,091351,19570,2
MOL,0,20101215,091351,19570,20
MOL,0,20101215,091351,19565,42
MTELEKOM,0,20101215,091351,518,953
OTP,0,20101215,091351,5228,5
OTP,0,20101215,091351,5227,14
OTP,0,20101215,091351,5225,8
OTP,0,20101215,091351,5225,100
OTP,0,20101215,091351,5225,131
RICHTER,0,20101215,091351,43205,5
RICHTER,0,20101215,091351,43205,10
RICHTER,0,20101215,091351,43200,5
OTP,0,20101215,091351,5230,78
RICHTER,0,20101215,091352,43280,25
RICHTER,0,20101215,091352,43280,20
OTP,0,20101215,091356,5232,922
RABA,0,20101215,091359,801,5
RABA,0,20101215,091359,800,357
RABA,0,20101215,091359,800,638
RICHTER,0,20101215,091359,43170,5
RICHTER,0,20101215,091359,43150,5
OTP,0,20101215,091405,5230,1000
OTP,0,20101215,091407,5225,69
OTP,0,20101215,091407,5225,1000
MOL,0,20101215,091407,19570,8
MOL,0,20101215,091407,19565,48
MOL,0,20101215,091407,19565,50
MOL,0,20101215,091407,19555,35
MOL,0,20101215,091407,19550,343
BUX1012,0,20101215,091414,21305,1
BUX1012,0,20101215,091414,21302,1
BUX1012,0,20101215,091414,21305,3
BUX1112,0,20101215,091414,21906,3
BUX1012,0,20101215,091414,21305,24
BUX1112,0,20101215,091414,21905,24
BUX1012,0,20101215,091414,21302,9
BUX1012,0,20101215,091414,21301.5,1
MOL,0,20101215,091417,19550,16
MOL,0,20101215,091417,19550,34
EGIS,0,20101215,091423,19810,4
EGIS,0,20101215,091423,19810,1
EGIS,0,20101215,091423,19810,9
EGIS,0,20101215,091423,19810,10
EGIS,0,20101215,091423,19810,9
BUX1012,0,20101215,091423,21301,5
BUX1012,0,20101215,091423,21300,5
BUX1012,0,20101215,091423,21300,10
OTP,0,20101215,091425,5230,500
OTP,0,20101215,091433,5230,500
BUX1112,0,20101215,091434,21903,2
BUX1112,0,20101215,091434,21903,1
EGIS,0,20101215,091435,19850,8
EGIS,0,20101215,091435,19850,42
EGIS,0,20101215,091442,19850,20
OTP,0,20101215,091449,5230,18
EGIS,0,20101215,091453,19850,30
OTP,0,20101215,091454,5236,1000
OTP,0,20101215,091454,5236,1000
OTP,0,20101215,091457,5236,1000
OTP,0,20101215,091500,5237,1200
OTP,0,20101215,091502,5236,1
OTP,0,20101215,091506,5236,999
RFV,0,20101215,091508,8270,2
BUX1012,0,20101215,091509,21290,1
BUX1012,0,20101215,091509,21285,2
BUX1112,0,20101215,091509,21903,2
OTP,0,20101215,091510,5230,1
BUX1112,0,20101215,091514,21903,1
OTP,0,20101215,091519,5230,30
BUX1012,0,20101215,091521,21300,1
BUX1112,0,20101215,091521,21903,1
OTP,0,20101215,091522,5231,100
MTELEKOM,0,20101215,091529,518,2047
MTELEKOM,0,20101215,091529,518,2000
MTELEKOM,0,20101215,091529,518,953
OTP,0,20101215,091531,5232,500
OTP,0,20101215,091531,5231,113
MTELEKOM,0,20101215,091533,518,47
MTELEKOM,0,20101215,091533,518,170
MTELEKOM,0,20101215,091533,518,2500
MTELEKOM,0,20101215,091533,518,1000
MTELEKOM,0,20101215,091539,517,3355
MTELEKOM,0,20101215,091539,517,1000
MTELEKOM,0,20101215,091539,517,1000
MTELEKOM,0,20101215,091539,517,3000
MTELEKOM,0,20101215,091539,517,200
MTELEKOM,0,20101215,091539,517,5000
MTELEKOM,0,20101215,091539,517,1000
MTELEKOM,0,20101215,091539,517,2000
MTELEKOM,0,20101215,091539,517,300
MTELEKOM,0,20101215,091539,517,2000
MTELEKOM,0,20101215,091539,516,10575
MTELEKOM,0,20101215,091539,516,6000
MTELEKOM,0,20101215,091539,516,10000
MTELEKOM,0,20101215,091539,516,5000
BUX1012,0,20101215,091540,21300,1
BUX1112,0,20101215,091540,21903,1
MTELEKOM,0,20101215,091541,518,1200
BUX1112,0,20101215,091552,21903,2
BUX1012,0,20101215,091557,21300,4
BUX1112,0,20101215,091557,21902,4
BUX1012,0,20101215,091557,21300,1
BUX1112,0,20101215,091557,21901.5,1
MTELEKOM,0,20101215,091600,518,2000
OTP,0,20101215,091602,5232,500
OTP,0,20101215,091602,5232,150
OTP,0,20101215,091602,5231,350
BUX1012,0,20101215,091604,21300,4
BUX1112,0,20101215,091604,21901.5,4
BUX1012,0,20101215,091604,21300,1
BUX1112,0,20101215,091604,21901,1
OTP,0,20101215,091606,5238,180
OTP,0,20101215,091606,5239,1820
EGIS,0,20101215,091608,19850,1
BUX1012,0,20101215,091610,21300,4
BUX1112,0,20101215,091610,21901,4
BUX1012,0,20101215,091610,21300,1
BUX1112,0,20101215,091610,21900.5,1
MTELEKOM,0,20101215,091610,517,1437
BUX1012,0,20101215,091617,21300,4
BUX1112,0,20101215,091617,21900.5,4
BUX1012,0,20101215,091617,21300,1
BUX1112,0,20101215,091617,21900,1
BUX1012,0,20101215,091625,21300,1
BUX1112,0,20101215,091625,21900,1
MTELEKOM,0,20101215,091626,518,1929
MTELEKOM,0,20101215,091626,518,4071
BUX1112,0,20101215,091627,21900,1
BUX1012,0,20101215,091628,21300,1
BUX1112,0,20101215,091628,21900,1
BUX1112,0,20101215,091628,21900,1
BUX1012,0,20101215,091630,21300,1
BUX1112,0,20101215,091630,21900,1
OTP,0,20101215,091631,5237,800
OTP,0,20101215,091633,5232,10
BUX1012,0,20101215,091634,21300,1
BUX1112,0,20101215,091634,21900,1
MTELEKOM,0,20101215,091639,518,929
MOL,0,20101215,091652,19530,62
MOL,0,20101215,091652,19540,238
OTP,0,20101215,091655,5237,200
OTP,0,20101215,091655,5239,380
OTP,0,20101215,091655,5239,420
OTP,0,20101215,091657,5239,780
OTP,0,20101215,091657,5239,50
OTP,0,20101215,091657,5240,170
OTP,0,20101215,091657,5240,463
OTP,0,20101215,091657,5240,100
OTP,0,20101215,091657,5240,437
OTP,0,20101215,091657,5240,1000
OTP,0,20101215,091658,5240,1000
OTP,0,20101215,091659,5240,1000
OTP,0,20101215,091700,5240,1563
OTP,0,20101215,091700,5240,100
MTELEKOM,0,20101215,091701,519,1000
OTP,0,20101215,091702,5240,150
OTP,0,20101215,091703,5240,300
OTP,0,20101215,091703,5240,460
BUX1112,0,20101215,091710,21901.5,1
PANNERGY,0,20101215,091724,866,35
MTELEKOM,0,20101215,091729,519,1000
BUX1012,0,20101215,091739,21299.5,1
BUX1112,0,20101215,091739,21902,1
OTP,0,20101215,091757,5245,165
OTP,0,20101215,091757,5245,272
OTP,0,20101215,091807,5244,60
OTP,0,20101215,091807,5245,1779
MTELEKOM,0,20101215,091808,518,71
MTELEKOM,0,20101215,091808,518,1300
MTELEKOM,0,20101215,091808,518,87
BUX1012,0,20101215,091811,21300,4
MOL,0,20101215,091818,19540,62
MOL,0,20101215,091818,19545,345
OTP,0,20101215,091826,5249,1398
OTP,0,20101215,091826,5250,100
MOL,0,20101215,091826,19550,66
MOL,0,20101215,091826,19550,118
MOL,0,20101215,091832,19550,50
OTP,0,20101215,091838,5245,300
BUX1012,0,20101215,091842,21300,1
BUX1012,0,20101215,091842,21300,9
MOL,0,20101215,091843,19550,5
OTP,0,20101215,091844,5250,150
OTP,0,20101215,091846,5254,42
BUX1012,0,20101215,091846,21305,8
EGIS,0,20101215,091851,19850,7
EMASZ,0,20101215,091853,21495,1
MTELEKOM,0,20101215,091907,518,913
MTELEKOM,0,20101215,091907,518,546
MTELEKOM,0,20101215,091908,519,1000
MOL,0,20101215,091917,19550,127
MOL,0,20101215,091917,19550,373
EBGOLD,0,20101215,091923,2891,10
MTELEKOM,0,20101215,091927,519,864
MTELEKOM,0,20101215,091927,519,136
MTELEKOM,0,20101215,091928,519,1322
MTELEKOM,0,20101215,091929,518,50000
MOL,0,20101215,091938,19550,127
ZWACK,0,20101215,091941,13800,3
ZWACK,0,20101215,091941,13800,20
MTELEKOM,0,20101215,091953,519,500
MOL,0,20101215,091954,19550,73
MOL,0,20101215,091954,19550,127
OTP,0,20101215,091957,5255,200
MTELEKOM,0,20101215,091958,519,1781
OTP,0,20101215,092005,5260,200
OTP,0,20101215,092005,5260,400
OTP,0,20101215,092010,5250,1
MTELEKOM,0,20101215,092029,519,5900
OTP,0,20101215,092040,5268,50
MTELEKOM,0,20101215,092041,519,1000
MTELEKOM,0,20101215,092044,519,4000
MTELEKOM,0,20101215,092106,519,100
MTELEKOM,0,20101215,092111,519,2
MTELEKOM,0,20101215,092111,519,636
MTELEKOM,0,20101215,092124,519,1362
BUX1012,0,20101215,092127,21320,7
BUX1012,0,20101215,092127,21335,10
BUX1012,0,20101215,092127,21338,3
EGIS,0,20101215,092128,19850,8
FHB,0,20101215,092128,983,60
MOL,0,20101215,092129,19515,45
MOL,0,20101215,092129,19515,19
MTELEKOM,0,20101215,092129,518,124
MTELEKOM,0,20101215,092129,518,829
OTP,0,20101215,092129,5252,258
RICHTER,0,20101215,092129,43180,20
ECONET,0,20101215,092130,92,1000
OTP,0,20101215,092131,5252,42
OTP,0,20101215,092131,5252,58
EBGOLD,0,20101215,092140,2891,3
MTELEKOM,0,20101215,092147,519,75
MTELEKOM,0,20101215,092151,520,8900
MTELEKOM,0,20101215,092151,520,500
MTELEKOM,0,20101215,092159,520,600
EGIS,0,20101215,092220,19975,4
MTELEKOM,0,20101215,092221,520,3400
MTELEKOM,0,20101215,092221,520,1458
OTP,0,20101215,092229,5252,210
ECONET,0,20101215,092232,92,9000
MTELEKOM,0,20101215,092248,520,500
MTELEKOM,0,20101215,092302,521,40
MTELEKOM,0,20101215,092302,521,960
OTP,0,20101215,092304,5252,9
OTP,0,20101215,092313,5251,50
MTELEKOM,0,20101215,092314,521,2800
BUX1112,0,20101215,092319,21902,1
BUX1112,0,20101215,092319,21901,1
MTELEKOM,0,20101215,092329,521,100
OTP,0,20101215,092331,5251,50
OTP,0,20101215,092341,5251,70
MTELEKOM,0,20101215,092345,520,4500
MTELEKOM,0,20101215,092345,520,4000
MTELEKOM,0,20101215,092345,520,2000
MTELEKOM,0,20101215,092353,520,1458
MOL,0,20101215,092401,19520,6
OTP,0,20101215,092407,5255,100
OTP,0,20101215,092407,5259,75
OTP,0,20101215,092407,5264,36
OTP,0,20101215,092413,5251,300
BUX1012,0,20101215,092429,21335,1
OTP,0,20101215,092429,5260,500
OTP,0,20101215,092444,5254,500
BUX1012,0,20101215,092454,21334,2
MTELEKOM,0,20101215,092455,520,1098
MTELEKOM,0,20101215,092507,520,1459
MTELEKOM,0,20101215,092515,520,985
MTELEKOM,0,20101215,092515,520,15
BUX1012,0,20101215,092535,21337.5,1
BUX1012,0,20101215,092535,21338,1
MTELEKOM,0,20101215,092558,520,1985
MTELEKOM,0,20101215,092558,520,500
MTELEKOM,0,20101215,092607,519,1458
BUX1012,0,20101215,092609,21338,1
MTELEKOM,0,20101215,092618,520,1458
MTELEKOM,0,20101215,092623,520,500
MTELEKOM,0,20101215,092628,520,3042
MOL,0,20101215,092633,19540,50
BUX1012,0,20101215,092645,21343.5,1
BUX1012,0,20101215,092645,21344,1
MOL,0,20101215,092646,19530,27
MOL,0,20101215,092646,19530,23
MTELEKOM,0,20101215,092713,520,1000
BUX1012,0,20101215,092727,21346.5,1
BUX1012,0,20101215,092727,21347,2
BUX1012,0,20101215,092727,21348,5
BUX1012,0,20101215,092727,21348,2
BUX1012,0,20101215,092727,21349,1
BUX1012,0,20101215,092727,21349,3
BUX1012,0,20101215,092727,21350,10
BUX1012,0,20101215,092727,21350,1
MTELEKOM,0,20101215,092729,520,300
RICHTER,0,20101215,092737,43285,50
BUX1012,0,20101215,092739,21350,1
OTP,0,20101215,092741,5263,90
MOL,0,20101215,092744,19535,7
OTP,0,20101215,092750,5254,1
MTELEKOM,0,20101215,092800,520,100
MTELEKOM,0,20101215,092821,520,2500
MTELEKOM,0,20101215,092821,520,1517
BUX1012,0,20101215,092825,21350,2
BUX1012,0,20101215,092825,21364,4
BUX1012,0,20101215,092825,21364,5
BUX1012,0,20101215,092825,21364,1
BUX1012,0,20101215,092825,21365,1
BUX1012,0,20101215,092825,21365,3
MOL,0,20101215,092835,19550,388
MTELEKOM,0,20101215,092900,521,150
MTELEKOM,0,20101215,092900,521,500
MTELEKOM,0,20101215,092900,521,100
OTP,0,20101215,092915,5255,318
MTELEKOM,0,20101215,092921,520,1000
MTELEKOM,0,20101215,092921,520,1000
OTP,0,20101215,092923,5263,30
BUX1012,0,20101215,092930,21350,5
RICHTER,0,20101215,092951,43285,36
RICHTER,0,20101215,092951,43290,108
OTP,0,20101215,092954,5264,14
OTP,0,20101215,092954,5265,16
MTELEKOM,0,20101215,093008,520,787
MTELEKOM,0,20101215,093008,520,671
OTP,0,20101215,093009,5260,100
OTP,0,20101215,093013,5265,75
OTP,0,20101215,093020,5255,32
OTP,0,20101215,093020,5254,18
MTELEKOM,0,20101215,093026,520,329
MTELEKOM,0,20101215,093026,520,1000
MTELEKOM,0,20101215,093026,520,50
MTELEKOM,0,20101215,093026,520,1000
MTELEKOM,0,20101215,093026,520,538
MTELEKOM,0,20101215,093035,520,3000
MTELEKOM,0,20101215,093035,520,6140
ZWACK,0,20101215,093039,13800,5
MTELEKOM,0,20101215,093058,520,100
OTP,0,20101215,093059,5254,231
OTP,0,20101215,093059,5254,200
OTP,0,20101215,093059,5253,1456
GENESIS,0,20101215,093110,212,200
OTP,0,20101215,093117,5253,10
OTP,0,20101215,093121,5251,90
OTP,0,20101215,093124,5251,890
OTP,0,20101215,093130,5250,2
GENESIS,0,20101215,093134,216,200
OTP,0,20101215,093143,5250,65
GENESIS,0,20101215,093144,216,300
MTELEKOM,0,20101215,093147,521,464
BUX1112,0,20101215,093155,21936,1
BUX1112,0,20101215,093155,21937,1
OTP,0,20101215,093159,5251,50
OTP,0,20101215,093205,5253,3103
BUX1112,0,20101215,093215,21916.5,1
MOL,0,20101215,093215,19570,88
OTP,0,20101215,093222,5251,7
EGIS,0,20101215,093241,19860,2
EGIS,0,20101215,093241,19855,3
EGIS,0,20101215,093241,19855,5
RICHTER,0,20101215,093243,43205,9
GENESIS,0,20101215,093248,211,200
OTP,0,20101215,093251,5251,20
MTELEKOM,0,20101215,093255,521,600
PHYLAXIA,0,20101215,093255,44,599
OTP,0,20101215,093304,5251,5
BUX1012,0,20101215,093313,21330,1
MTELEKOM,0,20101215,093333,521,96
RICHTER,0,20101215,093335,43205,1
RICHTER,0,20101215,093335,43200,3
OTP,0,20101215,093336,5258,300
OTP,0,20101215,093336,5259,200
OTP,0,20101215,093336,5259,4700
KEG,0,20101215,093345,141,247
MTELEKOM,0,20101215,093347,520,222
MTELEKOM,0,20101215,093347,520,1000
MTELEKOM,0,20101215,093347,520,1000
MTELEKOM,0,20101215,093347,520,4000
MTELEKOM,0,20101215,093347,520,500
MOL,0,20101215,093352,19560,48
OTP,0,20101215,093359,5251,500
KEG,0,20101215,093405,140,953
BUX1012,0,20101215,093417,21330,5
BUX1112,0,20101215,093418,21939.5,1
MTELEKOM,0,20101215,093421,520,1000
OTP,0,20101215,093423,5250,632
OTP,0,20101215,093423,5250,1000
OTP,0,20101215,093423,5250,2
OTP,0,20101215,093423,5250,100
OTP,0,20101215,093423,5250,1000
MTELEKOM,0,20101215,093425,520,720
OTP,0,20101215,093429,5241,25
RICHTER,0,20101215,093430,43200,5
ECONET,0,20101215,093440,91,3485
ECONET,0,20101215,093440,91,8000
ECONET,0,20101215,093440,91,3000
ECONET,0,20101215,093440,91,3000
ECONET,0,20101215,093440,91,600
ECONET,0,20101215,093440,91,2000
ECONET,0,20101215,093440,91,1200
ECONET,0,20101215,093440,91,5000
ECONET,0,20101215,093440,91,2000
ECONET,0,20101215,093440,91,5000
ECONET,0,20101215,093440,91,14000
ECONET,0,20101215,093440,91,30000
ECONET,0,20101215,093440,91,2600
PANNERGY,0,20101215,093448,859,4
BUX1012,0,20101215,093449,21326.5,1
ECONET,0,20101215,093511,91,115
MOL,0,20101215,093603,19555,6
MOL,0,20101215,093603,19555,4
OTP,0,20101215,093620,5250,10
ECONET,0,20101215,093626,91,5885
ECONET,0,20101215,093626,91,1000
ECONET,0,20101215,093626,91,5000
OTP,0,20101215,093634,5242,150
MOL,0,20101215,093709,19550,71
RICHTER,0,20101215,093709,43300,100
BUX1112,0,20101215,093711,21910,1
ECONET,0,20101215,093715,91,115
ECONET,0,20101215,093715,92,1885
OTP,0,20101215,093726,5243,20
OTP,0,20101215,093726,5242,20
OTP,0,20101215,093726,5241,775
OTP,0,20101215,093726,5240,2
OTP,0,20101215,093726,5240,1000
OTP,0,20101215,093730,5237,50
OTP,0,20101215,093730,5236,10
OTP,0,20101215,093741,5240,183
OTP,0,20101215,093744,5240,317
MTELEKOM,0,20101215,093756,520,87
MTELEKOM,0,20101215,093756,520,163
BUX1012,0,20101215,093805,21330,20
OTP,0,20101215,093805,5237,560
OTP,0,20101215,093805,5236,326
RICHTER,0,20101215,093805,43255,3
RICHTER,0,20101215,093805,43250,47
EGIS,0,20101215,093807,19860,8
FHB,0,20101215,093807,983,42
FHB,0,20101215,093807,983,18
MOL,0,20101215,093807,19530,3
MOL,0,20101215,093807,19530,1
MOL,0,20101215,093807,19520,31
MOL,0,20101215,093807,19520,29
MTELEKOM,0,20101215,093807,519,953
OTP,0,20101215,093807,5236,258
RICHTER,0,20101215,093807,43250,20
PANNERGY,0,20101215,093814,851,300
MTELEKOM,0,20101215,093818,519,624
RICHTER,0,20101215,093830,43300,100
OTP,0,20101215,093834,5240,1
BUX1012,0,20101215,093845,21304,1
BUX1012,0,20101215,093845,21303,5
BUX1012,0,20101215,093845,21302,4
RICHTER,0,20101215,093918,43300,96
MTELEKOM,0,20101215,093924,520,400
MTELEKOM,0,20101215,093926,519,100
RICHTER,0,20101215,093944,43350,100
OTP,0,20101215,093956,5237,50
MOL,0,20101215,094002,19550,1
MOL,0,20101215,094002,19550,3
MOL,0,20101215,094002,19550,53
MOL,0,20101215,094027,19550,143
MOL,0,20101215,094027,19550,7
OTP,0,20101215,094106,5240,1682
BUX1112,0,20101215,094123,21901,3
BUX1112,0,20101215,094123,21901,1
BUX1112,0,20101215,094123,21900,1
BUX1112,0,20101215,094123,21900,1
BUX1112,0,20101215,094123,21900,44
MOL,0,20101215,094133,19550,39
MOL,0,20101215,094133,19550,10
RICHTER,0,20101215,094136,43400,25
BUX1112,0,20101215,094136,21935,1
BUX1112,0,20101215,094136,21935,1
BUX1112,0,20101215,094136,21935,1
BUX1112,0,20101215,094136,21939,2
BUX1112,0,20101215,094136,21940,10
BUX1112,0,20101215,094136,21940,15
BUX1112,0,20101215,094136,21948,10
BUX1112,0,20101215,094136,21950,1
BUX1112,0,20101215,094136,21950,10
BUX1012,0,20101215,094136,21340,3
BUX1112,0,20101215,094136,21950,3
BUX1012,0,20101215,094136,21340,7
BUX1112,0,20101215,094136,21950,7
BUX1012,0,20101215,094136,21341,12
BUX1112,0,20101215,094136,21950,12
BUX1012,0,20101215,094136,21348,10
BUX1112,0,20101215,094136,21950,10
BUX1012,0,20101215,094136,21349,8
BUX1112,0,20101215,094136,21950,8
BUX1012,0,20101215,094136,21350,7
BUX1112,0,20101215,094136,21950,7
BUX1012,0,20101215,094136,21350,2
BUX1112,0,20101215,094136,21950,2
EGIS,0,20101215,094144,19860,38
FHB,0,20101215,094144,983,299
MOL,0,20101215,094144,19525,200
MOL,0,20101215,094144,19520,118
MTELEKOM,0,20101215,094144,519,4763
OTP,0,20101215,094145,5237,100
OTP,0,20101215,094145,5236,406
OTP,0,20101215,094145,5235,782
RICHTER,0,20101215,094145,43325,30
RICHTER,0,20101215,094145,43325,69
RABA,0,20101215,094150,800,362
BUX1012,0,20101215,094203,21315,20
BUX1112,0,20101215,094205,21900,1
BUX1012,0,20101215,094233,21306,5
BUX1012,0,20101215,094233,21305.5,5
BUX1012,0,20101215,094233,21305,5
BUX1012,0,20101215,094233,21303,5
BUX1012,0,20101215,094233,21302,5
MTELEKOM,0,20101215,094236,519,1000
MOL,0,20101215,094255,19520,19
RICHTER,0,20101215,094300,43325,20
ECONET,0,20101215,094318,91,2470
GENESIS,0,20101215,094330,212,30
GENESIS,0,20101215,094330,212,200
GENESIS,0,20101215,094330,211,200
MTELEKOM,0,20101215,094339,520,357
MTELEKOM,0,20101215,094339,520,1499
OTP,0,20101215,094348,5237,100
OTP,0,20101215,094348,5236,200
OTP,0,20101215,094348,5235,218
OTP,0,20101215,094348,5235,10
OTP,0,20101215,094348,5235,10
OTP,0,20101215,094354,5235,79
OTP,0,20101215,094412,5234,20
EGIS,0,20101215,094420,19860,4
EGIS,0,20101215,094420,19860,2
EGIS,0,20101215,094420,19855,11
OTP,0,20101215,094428,5235,20
OTP,0,20101215,094430,5235,10
OTP,0,20101215,094441,5235,53
BUX1012,0,20101215,094443,21315,10
ECONET,0,20101215,094449,91,530
ECONET,0,20101215,094449,91,470
BUX1012,0,20101215,094458,21325,5
BUX1012,0,20101215,094458,21330,15
EGIS,0,20101215,094459,19855,8
FHB,0,20101215,094459,983,60
MOL,0,20101215,094459,19525,20
MOL,0,20101215,094459,19520,44
MTELEKOM,0,20101215,094459,519,953
OTP,0,20101215,094500,5235,258
RICHTER,0,20101215,094500,43325,7
RICHTER,0,20101215,094500,43320,13
OTP,0,20101215,094506,5235,50
RABA,0,20101215,094523,800,138
RABA,0,20101215,094523,804,124
BUX1112,0,20101215,094542,21902,5
OTP,0,20101215,094553,5235,139
OTP,0,20101215,094553,5235,61
OTP,0,20101215,094638,5235,39
OTP,0,20101215,094638,5234,21
BUX1012,0,20101215,094649,21305,1
OTP,0,20101215,094736,5234,400
ECONET,0,20101215,094743,91,130
BUX1012,0,20101215,094746,21305,4
BUX1012,0,20101215,094746,21305,2
BUX1112,0,20101215,094746,21902,2
BUX1012,0,20101215,094746,21305,1
BUX1112,0,20101215,094746,21901,1
BUX1012,0,20101215,094746,21305,10
BUX1112,0,20101215,094746,21901,10
BUX1012,0,20101215,094746,21305,5
BUX1112,0,20101215,094746,21900,5
BUX1012,0,20101215,094746,21305,8
BUX1112,0,20101215,094746,21900,8
MOL,0,20101215,094759,19520,90
MOL,0,20101215,094759,19520,15
MOL,0,20101215,094759,19520,45
MOL,0,20101215,094759,19505,50
MOL,0,20101215,094759,19505,100
MTELEKOM,0,20101215,094810,520,188
MTELEKOM,0,20101215,094810,520,2
ECONET,0,20101215,094822,91,407
BUX1012,0,20101215,094833,21319,1
MOL,0,20101215,094833,19550,1
BUX1012,0,20101215,094858,21307,5
BUX1012,0,20101215,094858,21306,10
MTELEKOM,0,20101215,094858,520,2000
BUX1112,0,20101215,094902,21900,1
RICHTER,0,20101215,094903,43320,24
RICHTER,0,20101215,094903,43310,120
RICHTER,0,20101215,094905,43305,26
RICHTER,0,20101215,094908,43310,27
BUX1012,0,20101215,094946,21315,10
OTP,0,20101215,095002,5235,50
BUX1012,0,20101215,095010,21319,1
BUX1112,0,20101215,095010,21910,1
MTELEKOM,0,20101215,095010,520,770
OTP,0,20101215,095013,5239,10
OTP,0,20101215,095013,5240,80
OTP,0,20101215,095042,5240,2
OTP,0,20101215,095043,5240,20
OTP,0,20101215,095048,5235,1
OTP,0,20101215,095050,5240,200
OTP,0,20101215,095115,5240,498
EBGOLD,0,20101215,095116,2895,175
OTP,0,20101215,095119,5236,11
OTP,0,20101215,095119,5235,49
OTP,0,20101215,095119,5235,140
MTELEKOM,0,20101215,095131,520,1576
BUX1012,0,20101215,095131,21325,6
MTELEKOM,0,20101215,095134,520,652
MTELEKOM,0,20101215,095134,520,100
PANNERGY,0,20101215,095141,855,50
OTP,0,20101215,095202,5243,500
BUX1012,0,20101215,095224,21325,1
MTELEKOM,0,20101215,095233,520,4248
MTELEKOM,0,20101215,095233,520,1610
ECONET,0,20101215,095242,91,2670
ECONET,0,20101215,095311,91,330
BUX1012,0,20101215,095326,21330,1
MOL,0,20101215,095326,19530,49
MOL,0,20101215,095326,19550,46
RICHTER,0,20101215,095339,43425,1
RICHTER,0,20101215,095339,43450,24
MTELEKOM,0,20101215,095404,520,1000
OTP,0,20101215,095405,5240,40
BUX1012,0,20101215,095409,21330,4
OTP,0,20101215,095409,5244,2
OTP,0,20101215,095414,5240,1
BUX1012,0,20101215,095455,21339.5,13
BUX1012,0,20101215,095455,21350,5
BUX1012,0,20101215,095455,21359,10
BUX1012,0,20101215,095455,21360,3
RICHTER,0,20101215,095503,43450,26
OTP,0,20101215,095534,5242,83
OTP,0,20101215,095536,5240,259
OTP,0,20101215,095536,5240,239
MOL,0,20101215,095557,19500,4
MOL,0,20101215,095557,19500,146
BUX1012,0,20101215,095614,21330,3
BUX1012,0,20101215,095618,21330,7
MTELEKOM,0,20101215,095629,521,430
RICHTER,0,20101215,095656,43500,5
RICHTER,0,20101215,095656,43500,3
RICHTER,0,20101215,095656,43500,5
RICHTER,0,20101215,095656,43580,2
SYNERGON,0,20101215,095703,491,1
ECONET,0,20101215,095750,91,6370
ECONET,0,20101215,095750,92,630
OTP,0,20101215,095751,5240,321
OTP,0,20101215,095751,5240,179
MTELEKOM,0,20101215,095759,520,1770
BUX1012,0,20101215,095826,21325,1
OTP,0,20101215,095831,5245,76
MTELEKOM,0,20101215,095834,520,3230
MTELEKOM,0,20101215,095834,520,2000
MTELEKOM,0,20101215,095834,520,1000
PANNERGY,0,20101215,095835,858,61
ANY,0,20101215,095839,738,4
ANY,0,20101215,095839,728,46
MTELEKOM,0,20101215,095839,521,300
OTP,0,20101215,095841,5245,324
OTP,0,20101215,095841,5245,77
BUX1012,0,20101215,095844,21357.5,1
BUX1112,0,20101215,095844,21934,1
BUX1012,0,20101215,095844,21357.5,1
BUX1112,0,20101215,095844,21935,1
BUX1012,0,20101215,095847,21357.5,3
MTELEKOM,0,20101215,095847,521,400
OTP,0,20101215,095900,5245,929
OTP,0,20101215,095900,5240,71
MTELEKOM,0,20101215,095901,521,1200
OTP,0,20101215,095927,5248,60
OTP,0,20101215,095927,5248,940
OTP,0,20101215,095927,5248,60
OTP,0,20101215,095927,5249,422
OTP,0,20101215,095927,5250,518
OTP,0,20101215,095931,5242,1
ECONET,0,20101215,095934,91,3000
ECONET,0,20101215,095934,90,100
ECONET,0,20101215,095934,90,1010
ECONET,0,20101215,095934,90,3000
OTP,0,20101215,095935,5250,1738
OTP,0,20101215,095935,5250,20
OTP,0,20101215,095938,5242,1
ECONET,0,20101215,095956,91,435
BUX1012,0,20101215,100016,21358,4
BUX1012,0,20101215,100016,21358,1
BUX1012,0,20101215,100016,21359,2
BUX1012,0,20101215,100016,21360,93
EGIS,0,20101215,100017,19865,32
EGIS,0,20101215,100017,19860,6
FHB,0,20101215,100017,983,299
MOL,0,20101215,100018,19510,100
MOL,0,20101215,100018,19505,200
MOL,0,20101215,100018,19505,18
MTELEKOM,0,20101215,100018,519,4763
OTP,0,20101215,100018,5250,559
OTP,0,20101215,100018,5243,729
RICHTER,0,20101215,100018,43500,53
RICHTER,0,20101215,100018,43475,46
OTP,0,20101215,100028,5245,1000
MTELEKOM,0,20101215,100028,520,1567
MTELEKOM,0,20101215,100028,520,8433
OTP,0,20101215,100029,5243,50
OTP,0,20101215,100033,5246,355
RICHTER,0,20101215,100035,43475,2
MTELEKOM,0,20101215,100036,520,1567
ECONET,0,20101215,100101,91,2565
ECONET,0,20101215,100101,92,435
RICHTER,0,20101215,100109,43475,9
OTP,0,20101215,100116,5242,1
RICHTER,0,20101215,100123,43475,50
MOL,0,20101215,100125,19505,47
MTELEKOM,0,20101215,100135,521,1000
OTP,0,20101215,100142,5249,4500
OTP,0,20101215,100143,5249,4500
RICHTER,0,20101215,100145,43475,17
MTELEKOM,0,20101215,100145,521,410
MTELEKOM,0,20101215,100145,521,518
MOL,0,20101215,100145,19505,35
MTELEKOM,0,20101215,100148,521,150
OTP,0,20101215,100209,5249,50
OTP,0,20101215,100212,5249,15
OTP,0,20101215,100218,5250,1000
OTP,0,20101215,100231,5249,100
MOL,0,20101215,100246,19500,54
MOL,0,20101215,100246,19500,200
MOL,0,20101215,100246,19500,48
OTP,0,20101215,100247,5249,2
OTP,0,20101215,100311,5245,100
OTP,0,20101215,100311,5242,997
OTP,0,20101215,100311,5241,1000
TVNETWORK,0,20101215,100314,296,30
TVNETWORK,0,20101215,100314,297,3097
TVNETWORK,0,20101215,100314,297,235
MOL,0,20101215,100319,19505,2
BUX1112,0,20101215,100342,21906,2
OTP,0,20101215,100342,5235,1
EGIS,0,20101215,100350,19860,18
EGIS,0,20101215,100350,19860,6
EGIS,0,20101215,100350,19860,12
MOL,0,20101215,100356,19500,2
MOL,0,20101215,100356,19500,3
OTP,0,20101215,100436,5241,684
TVNETWORK,0,20101215,100442,300,70
TVNETWORK,0,20101215,100442,300,250
EGIS,0,20101215,100446,19860,38
EGIS,0,20101215,100446,19850,85
EGIS,0,20101215,100446,19850,50
EGIS,0,20101215,100446,19815,3
EGIS,0,20101215,100446,19810,2
EGIS,0,20101215,100446,19800,200
EGIS,0,20101215,100446,19800,10
MTELEKOM,0,20101215,100454,521,8
OTP,0,20101215,100456,5241,1690
MTELEKOM,0,20101215,100510,521,324
MTELEKOM,0,20101215,100510,521,125
MTELEKOM,0,20101215,100510,521,1551
MOL,0,20101215,100518,19500,92
MOL,0,20101215,100518,19500,50
MOL,0,20101215,100518,19500,10
MOL,0,20101215,100518,19500,200
MOL,0,20101215,100518,19500,300
MOL,0,20101215,100534,19500,300
MOL,0,20101215,100535,19500,48
MOL,0,20101215,100535,19500,17
MOL,0,20101215,100559,19500,28
MOL,0,20101215,100559,19500,272
RICHTER,0,20101215,100600,43440,50
MOL,0,20101215,100603,19500,28
MOL,0,20101215,100603,19500,272
MOL,0,20101215,100607,19500,28
PHYLAXIA,0,20101215,100612,45,35
OTP,0,20101215,100622,5236,20
OTP,0,20101215,100622,5236,500
OTP,0,20101215,100622,5235,9
OTP,0,20101215,100622,5235,100
OTP,0,20101215,100622,5235,39
OTP,0,20101215,100622,5235,22
OTP,0,20101215,100622,5235,198
MTELEKOM,0,20101215,100634,521,1000
EGIS,0,20101215,100638,19800,3
OTP,0,20101215,100648,5240,50
MTELEKOM,0,20101215,100648,521,1000
PHYLAXIA,0,20101215,100649,45,1
OTP,0,20101215,100651,5240,450
OTP,0,20101215,100703,5235,50
EGIS,0,20101215,100705,19750,3
EGIS,0,20101215,100705,19750,10
EGIS,0,20101215,100705,19740,2
EGIS,0,20101215,100705,19740,7
BUX1112,0,20101215,100706,21938.5,1
BUX1112,0,20101215,100706,21939,3
BUX1112,0,20101215,100706,21940,3
BUX1112,0,20101215,100706,21946.5,1
BUX1112,0,20101215,100706,21947,2
BUX1112,0,20101215,100706,21948,12
BUX1012,0,20101215,100706,21349.5,1
BUX1112,0,20101215,100706,21950,1
BUX1012,0,20101215,100706,21350,20
BUX1112,0,20101215,100706,21950,20
BUX1012,0,20101215,100706,21358,1
BUX1112,0,20101215,100706,21950,1
BUX1012,0,20101215,100706,21360,13
BUX1112,0,20101215,100706,21950,13
OTP,0,20101215,100713,5235,300
RICHTER,0,20101215,100717,43440,2
RICHTER,0,20101215,100717,43420,18
EGIS,0,20101215,100718,19740,33
EGIS,0,20101215,100718,19720,5
FHB,0,20101215,100718,983,76
FHB,0,20101215,100718,983,59
FHB,0,20101215,100718,982,164
MOL,0,20101215,100719,19495,20
MOL,0,20101215,100719,19460,200
MOL,0,20101215,100719,19455,60
MOL,0,20101215,100719,19450,15
MOL,0,20101215,100719,19450,23
MOL,0,20101215,100719,19450,100
MTELEKOM,0,20101215,100719,520,4763
OTP,0,20101215,100719,5235,452
OTP,0,20101215,100719,5233,200
OTP,0,20101215,100719,5233,100
OTP,0,20101215,100719,5232,60
OTP,0,20101215,100719,5232,476
RICHTER,0,20101215,100719,43420,49
RICHTER,0,20101215,100719,43400,38
RICHTER,0,20101215,100719,43385,12
MTELEKOM,0,20101215,100724,521,1449
MTELEKOM,0,20101215,100724,521,450
MTELEKOM,0,20101215,100724,521,224
FHB,0,20101215,100726,982,326
FHB,0,20101215,100726,981,967
BUX1112,0,20101215,100728,21950,10
EGIS,0,20101215,100747,19720,10
EGIS,0,20101215,100747,19720,3
EGIS,0,20101215,100747,19715,2
EGIS,0,20101215,100747,19710,26
EGIS,0,20101215,100747,19700,10
EGIS,0,20101215,100747,19610,58
EGIS,0,20101215,100747,19610,42
EGIS,0,20101215,100747,19605,58
BUX1012,0,20101215,100748,21335,1
BUX1112,0,20101215,100757,21950,2
MTELEKOM,0,20101215,100758,521,76
MTELEKOM,0,20101215,100758,521,24
RICHTER,0,20101215,100809,43385,62
RICHTER,0,20101215,100809,43330,12
RICHTER,0,20101215,100809,43315,25
RICHTER,0,20101215,100809,43165,25
RICHTER,0,20101215,100809,43155,7
RICHTER,0,20101215,100809,43105,7
RICHTER,0,20101215,100809,43100,5
RICHTER,0,20101215,100809,43100,30
RICHTER,0,20101215,100809,43035,12
RICHTER,0,20101215,100809,43010,70
RICHTER,0,20101215,100809,43010,80
RICHTER,0,20101215,100809,43005,30
RICHTER,0,20101215,100809,43000,8
MOL,0,20101215,100817,19490,5
MOL,0,20101215,100817,19495,5
MOL,0,20101215,100817,19495,180
MOL,0,20101215,100817,19495,300
MOL,0,20101215,100817,19495,10
MOL,0,20101215,100818,19450,77
MOL,0,20101215,100818,19450,200
MOL,0,20101215,100818,19440,2
MOL,0,20101215,100818,19430,100
MOL,0,20101215,100818,19430,20
MOL,0,20101215,100818,19420,75
MOL,0,20101215,100818,19410,18
MOL,0,20101215,100818,19410,50
MOL,0,20101215,100818,19400,100
MOL,0,20101215,100818,19400,30
MOL,0,20101215,100818,19400,20
MOL,0,20101215,100818,19400,30
MOL,0,20101215,100818,19400,56
MOL,0,20101215,100818,19400,5
BUX1112,0,20101215,100818,21950,22
RICHTER,0,20101215,100823,43000,50
OTP,0,20101215,100827,5235,1110
OTP,0,20101215,100827,5233,200
OTP,0,20101215,100827,5232,24
OTP,0,20101215,100827,5232,1000
OTP,0,20101215,100827,5232,100
OTP,0,20101215,100827,5231,8
OTP,0,20101215,100827,5231,1000
OTP,0,20101215,100827,5230,243
OTP,0,20101215,100827,5230,20
MTELEKOM,0,20101215,100828,520,127
RICHTER,0,20101215,100829,43445,1
BUX1012,0,20101215,100835,21335,2
MTELEKOM,0,20101215,100836,520,3543
MTELEKOM,0,20101215,100836,520,1792
MTELEKOM,0,20101215,100836,520,4700
MTELEKOM,0,20101215,100836,520,10
MTELEKOM,0,20101215,100836,520,5000
MTELEKOM,0,20101215,100836,520,200
MTELEKOM,0,20101215,100836,520,5000
MTELEKOM,0,20101215,100836,520,176
MOL,0,20101215,100840,19400,139
MOL,0,20101215,100840,19400,10
MOL,0,20101215,100840,19400,7
MOL,0,20101215,100840,19400,100
MOL,0,20101215,100840,19400,200
MOL,0,20101215,100840,19400,14
MTELEKOM,0,20101215,100844,520,1000
BUX1012,0,20101215,100844,21330,10
BUX1012,0,20101215,100844,21325.5,11
BUX1012,0,20101215,100844,21325,3
BUX1012,0,20101215,100844,21316,10
BUX1012,0,20101215,100844,21315,1
MTELEKOM,0,20101215,100847,520,300
RICHTER,0,20101215,100849,43200,50
BUX1012,0,20101215,100849,21330,10
OTP,0,20101215,100900,5230,100
OTP,0,20101215,100904,5231,519
MOL,0,20101215,100906,19400,50
BUX1012,0,20101215,100912,21335,65
BUX1012,0,20101215,100916,21315,9
BUX1012,0,20101215,100916,21310,25
BUX1012,0,20101215,100916,21307,6
MOL,0,20101215,100919,19400,100
OTP,0,20101215,100921,5231,100
OTP,0,20101215,100934,5233,6
OTP,0,20101215,100935,5233,194
MOL,0,20101215,100935,19400,86
MOL,0,20101215,100935,19400,10
MTELEKOM,0,20101215,100936,520,144
MTELEKOM,0,20101215,100936,520,456
BUX1012,0,20101215,100939,21307,1
MTELEKOM,0,20101215,100952,521,3159
MTELEKOM,0,20101215,100952,521,323
MTELEKOM,0,20101215,100952,521,1454
EGIS,0,20101215,100952,19780,33
OTP,0,20101215,101000,5233,929
RICHTER,0,20101215,101006,43200,50
OTP,0,20101215,101020,5233,71
MOL,0,20101215,101023,19450,300
EGIS,0,20101215,101023,19600,150
BUX1012,0,20101215,101028,21307,1
OTP,0,20101215,101031,5233,29
OTP,0,20101215,101031,5231,381
OTP,0,20101215,101031,5230,367
OTP,0,20101215,101031,5230,250
OTP,0,20101215,101031,5230,773
EGIS,0,20101215,101033,19600,50
EGIS,0,20101215,101033,19600,200
BUX1012,0,20101215,101033,21307,10
BUX1012,0,20101215,101048,21306,5
BUX1012,0,20101215,101048,21304,1
BUX1012,0,20101215,101048,21300,4
MTELEKOM,0,20101215,101105,521,20
RICHTER,0,20101215,101108,43245,34
RICHTER,0,20101215,101108,43250,50
RICHTER,0,20101215,101108,43385,331
BUX1012,0,20101215,101108,21300,1
BUX1012,0,20101215,101113,21299,1
BUX1012,0,20101215,101113,21291,8
BUX1012,0,20101215,101113,21290,1
BUX1012,0,20101215,101113,21294,2
BUX1112,0,20101215,101113,21915,2
OTP,0,20101215,101115,5230,1
MTELEKOM,0,20101215,101117,521,159
OTP,0,20101215,101137,5230,226
OTP,0,20101215,101137,5230,385
OTP,0,20101215,101137,5230,889
OTP,0,20101215,101144,5230,111
OTP,0,20101215,101144,5230,887
BUX1012,0,20101215,101205,21325,5
BUX1112,0,20101215,101205,21915,5
OTP,0,20101215,101210,5230,113
OTP,0,20101215,101210,5230,400
OTP,0,20101215,101210,5230,70
OTP,0,20101215,101214,5230,350
OTP,0,20101215,101216,5226,100
OTP,0,20101215,101216,5225,100
OTP,0,20101215,101216,5225,60
OTP,0,20101215,101216,5230,1000
BUX1012,0,20101215,101224,21325,1
BUX1112,0,20101215,101224,21915,1
MOL,0,20101215,101229,19450,50
BUX1012,0,20101215,101243,21320,1
BUX1112,0,20101215,101243,21910,1
OTP,0,20101215,101244,5228,138
RABA,0,20101215,101306,800,100
OTP,0,20101215,101307,5230,1000
BUX1012,0,20101215,101308,21295,1
BUX1112,0,20101215,101308,21907,1
MTELEKOM,0,20101215,101309,521,241
MTELEKOM,0,20101215,101309,521,759
OTP,0,20101215,101311,5230,2067
OTP,0,20101215,101311,5230,20
BUX1112,0,20101215,101318,21907,1
BUX1112,0,20101215,101328,21907,1
BUX1112,0,20101215,101328,21906,2
MOL,0,20101215,101341,19485,200
MTELEKOM,0,20101215,101341,520,1000
MOL,0,20101215,101345,19485,10
MOL,0,20101215,101345,19495,190
MOL,0,20101215,101345,19500,100
MOL,0,20101215,101357,19500,90
OTP,0,20101215,101359,5231,1000
BUX1112,0,20101215,101413,21933,5
OTP,0,20101215,101417,5231,20
OTP,0,20101215,101423,5231,100
RICHTER,0,20101215,101426,43200,50
RABA,0,20101215,101428,800,590
RABA,0,20101215,101428,800,1000
RABA,0,20101215,101428,804,26
RABA,0,20101215,101428,804,180
RABA,0,20101215,101428,805,644
BUX1012,0,20101215,101435,21300,1
HUMET,0,20101215,101439,9,660
RFV,0,20101215,101441,8200,40
BUX1012,0,20101215,101509,21318.5,1
BUX1112,0,20101215,101509,21910,1
BUX1012,0,20101215,101509,21319,2
BUX1112,0,20101215,101509,21910,2
BUX1012,0,20101215,101509,21320,7
BUX1112,0,20101215,101509,21910,7
OTP,0,20101215,101550,5231,20
BUX1012,0,20101215,101602,21300,9
BUX1012,0,20101215,101602,21300,8
BUX1112,0,20101215,101602,21906,8
BUX1012,0,20101215,101602,21300,10
BUX1112,0,20101215,101602,21905,10
BUX1012,0,20101215,101602,21300,1
BUX1112,0,20101215,101602,21905,1
BUX1012,0,20101215,101602,21300,1
BUX1112,0,20101215,101602,21902,1
BUX1012,0,20101215,101602,21300,2
BUX1112,0,20101215,101602,21901,2
BUX1012,0,20101215,101602,21300,3
BUX1112,0,20101215,101602,21901,3
ECONET,0,20101215,101608,91,10
ECONET,0,20101215,101608,91,10
ECONET,0,20101215,101608,91,2000
ECONET,0,20101215,101608,91,1480
MOL,0,20101215,101653,19465,42
MOL,0,20101215,101710,19495,100
MOL,0,20101215,101716,19495,80
MOL,0,20101215,101716,19495,50
MOL,0,20101215,101716,19495,120
MOL,0,20101215,101716,19500,130
MOL,0,20101215,101716,19500,150
MOL,0,20101215,101716,19500,70
FREESOFT,0,20101215,101719,1960,60
OTP,0,20101215,101731,5230,310
OTP,0,20101215,101732,5231,70
OTP,0,20101215,101732,5237,20
OTP,0,20101215,101732,5237,90
MOL,0,20101215,101738,19500,95
BUX1012,0,20101215,101752,21350,37
BUX1112,0,20101215,101752,21940,37
MOL,0,20101215,101757,19500,95
OTP,0,20101215,101800,5235,90
BUX1012,0,20101215,101808,21350,18
BUX1112,0,20101215,101808,21940,18
MOL,0,20101215,101841,19500,240
MOL,0,20101215,101841,19500,3
MOL,0,20101215,101841,19500,300
OTP,0,20101215,101900,5230,690
OTP,0,20101215,101909,5235,410
OTP,0,20101215,101919,5235,500
OTP,0,20101215,101937,5235,90
OTP,0,20101215,101937,5231,110
BUX1012,0,20101215,101956,21316.5,1
BUX1012,0,20101215,101956,21316.5,2
MOL,0,20101215,102014,19530,100
BUX1012,0,20101215,102041,21316.5,1
MOL,0,20101215,102045,19500,46
MOL,0,20101215,102045,19500,154
MOL,0,20101215,102050,19500,54
MOL,0,20101215,102055,19500,200
OTP,0,20101215,102058,5233,130
MOL,0,20101215,102121,19500,62
BUX1012,0,20101215,102131,21316.5,1
BUX1012,0,20101215,102138,21317,3
BUX1012,0,20101215,102138,21320,2
MTELEKOM,0,20101215,102159,521,241
MTELEKOM,0,20101215,102159,521,163
MTELEKOM,0,20101215,102159,521,30
MTELEKOM,0,20101215,102159,521,4566
MOL,0,20101215,102208,19500,38
MOL,0,20101215,102208,19500,12
MTELEKOM,0,20101215,102210,521,434
MTELEKOM,0,20101215,102222,521,566
MOL,0,20101215,102224,19500,200
MTELEKOM,0,20101215,102226,521,1000
MTELEKOM,0,20101215,102249,521,644
MTELEKOM,0,20101215,102249,521,1349
MTELEKOM,0,20101215,102249,521,5000
MTELEKOM,0,20101215,102249,521,2500
MTELEKOM,0,20101215,102249,521,507
MTELEKOM,0,20101215,102255,521,1993
MTELEKOM,0,20101215,102257,521,7
MTELEKOM,0,20101215,102303,521,993
OTP,0,20101215,102309,5231,5
MTELEKOM,0,20101215,102309,521,7
GENESIS,0,20101215,102311,213,200
GENESIS,0,20101215,102311,212,2552
GENESIS,0,20101215,102311,211,1595
GENESIS,0,20101215,102311,211,300
GENESIS,0,20101215,102311,211,200
GENESIS,0,20101215,102311,210,153
GENESIS,0,20101215,102311,210,50
BUX1012,0,20101215,102322,21315,10
BUX1012,0,20101215,102322,21310,10
BUX1012,0,20101215,102322,21310,5
MTELEKOM,0,20101215,102324,521,993
MOL,0,20101215,102335,19500,78
MOL,0,20101215,102335,19500,122
OTP,0,20101215,102351,5235,100
OTP,0,20101215,102357,5235,153
BUX1012,0,20101215,102413,21307,1
OTP,0,20101215,102417,5237,10
OTP,0,20101215,102417,5239,1000
OTP,0,20101215,102424,5240,30
OTP,0,20101215,102443,5239,10
BUX1012,0,20101215,102444,21350,3
BUX1112,0,20101215,102444,21930,3
OTP,0,20101215,102445,5235,50
MOL,0,20101215,102457,19500,50
OTP,0,20101215,102500,5239,190
OTP,0,20101215,102500,5240,970
OTP,0,20101215,102503,5240,100
OTP,0,20101215,102508,5240,200
OTP,0,20101215,102518,5240,40
OTP,0,20101215,102518,5240,150
FHB,0,20101215,102528,985,650
KEG,0,20101215,102528,141,130
OTP,0,20101215,102545,5241,6
OTP,0,20101215,102545,5240,44
ECONET,0,20101215,102600,91,3670
ECONET,0,20101215,102600,91,880
ECONET,0,20101215,102600,91,150
ECONET,0,20101215,102600,91,220
OTP,0,20101215,102617,5240,306
OTP,0,20101215,102617,5240,500
OTP,0,20101215,102617,5235,697
OTP,0,20101215,102617,5235,153
OTP,0,20101215,102617,5231,10
OTP,0,20101215,102617,5231,500
OTP,0,20101215,102617,5231,200
OTP,0,20101215,102617,5230,344
RICHTER,0,20101215,102619,43120,8
RICHTER,0,20101215,102619,43120,86
RICHTER,0,20101215,102619,43100,35
RFV,0,20101215,102625,8201,256
MOL,0,20101215,102642,19500,28
MOL,0,20101215,102642,19500,72
BUX1012,0,20101215,102702,21311,6
BUX1012,0,20101215,102702,21310,5
BUX1012,0,20101215,102702,21310,20
BUX1012,0,20101215,102702,21305.5,5
BUX1012,0,20101215,102702,21305,1
BUX1012,0,20101215,102702,21302,8
OTP,0,20101215,102720,5240,200
MTELEKOM,0,20101215,102748,521,125
MTELEKOM,0,20101215,102757,522,50
MTELEKOM,0,20101215,102757,522,1737
RICHTER,0,20101215,102759,43150,5
RICHTER,0,20101215,102759,43125,1
RICHTER,0,20101215,102759,43120,86
RICHTER,0,20101215,102759,43100,8
BUX1012,0,20101215,102807,21302,4
OTP,0,20101215,102814,5240,400
PANNERGY,0,20101215,102825,860,500
PANNERGY,0,20101215,102825,860,800
PANNERGY,0,20101215,102825,860,50
OTP,0,20101215,102828,5240,100
MOL,0,20101215,102829,19500,3
ECONET,0,20101215,102839,91,10000
KEG,0,20101215,102849,141,870
KEG,0,20101215,102849,140,3047
KEG,0,20101215,102849,140,500
KEG,0,20101215,102849,140,1000
KEG,0,20101215,102849,140,3500
KEG,0,20101215,102849,140,100
KEG,0,20101215,102849,140,1000
KEG,0,20101215,102849,140,1000
KEG,0,20101215,102849,140,100
KEG,0,20101215,102849,140,500
OTP,0,20101215,102851,5233,1
KEG,0,20101215,102920,139,1000
KEG,0,20101215,102920,139,1000
FOTEX,0,20101215,102937,397,9200
RICHTER,0,20101215,102945,43200,50
AAA,0,20101215,103014,214,99
RICHTER,0,20101215,103021,43290,700
BUX1112,0,20101215,103036,21930,1
RFV,0,20101215,103038,8200,1
MOL,0,20101215,103122,19490,38
MOL,0,20101215,103122,19500,25
OTP,0,20101215,103124,5240,20
OTP,0,20101215,103124,5245,100
OTP,0,20101215,103124,5248,520
OTP,0,20101215,103124,5249,200
OTP,0,20101215,103124,5249,10
OTP,0,20101215,103124,5250,150
OTP,0,20101215,103126,5250,350
OTP,0,20101215,103126,5250,250
OTP,0,20101215,103126,5250,400
BUX1112,0,20101215,103134,21932,2
OTP,0,20101215,103145,5249,1000
OTP,0,20101215,103145,5249,1000
OTP,0,20101215,103152,5249,1000
MOL,0,20101215,103152,19500,63
OTP,0,20101215,103159,5250,100
OTP,0,20101215,103159,5250,200
OTP,0,20101215,103159,5250,100
OTP,0,20101215,103159,5250,130
OTP,0,20101215,103159,5250,470
OTP,0,20101215,103202,5250,630
OTP,0,20101215,103202,5250,1000
OTP,0,20101215,103206,5250,670
MTELEKOM,0,20101215,103209,522,380
MOL,0,20101215,103213,19500,500
RICHTER,0,20101215,103217,43245,44
RICHTER,0,20101215,103217,43250,50
BUX1012,0,20101215,103224,21330,28
BUX1012,0,20101215,103224,21315.5,1
BUX1012,0,20101215,103224,21315,4
MOL,0,20101215,103226,19500,247
PANNERGY,0,20101215,103228,860,12
BUX1012,0,20101215,103229,21315,56
BUX1012,0,20101215,103229,21315,1
BUX1112,0,20101215,103229,21906.5,1
BUX1012,0,20101215,103229,21315,3
BUX1112,0,20101215,103229,21906,3
OTP,0,20101215,103233,5250,330
OTP,0,20101215,103233,5250,2
OTP,0,20101215,103233,5250,20
BUX1112,0,20101215,103233,21932,5
OTP,0,20101215,103254,5250,600
PANNERGY,0,20101215,103257,865,70
OTP,0,20101215,103303,5250,40
MOL,0,20101215,103307,19500,100
BUX1012,0,20101215,103313,21330,20
OTP,0,20101215,103314,5250,8
OTP,0,20101215,103314,5243,92
EGIS,0,20101215,103315,19655,7
EGIS,0,20101215,103315,19650,1
FHB,0,20101215,103315,981,33
FHB,0,20101215,103315,981,27
MOL,0,20101215,103315,19480,64
MTELEKOM,0,20101215,103315,521,81
MTELEKOM,0,20101215,103315,521,872
OTP,0,20101215,103315,5243,258
RICHTER,0,20101215,103315,43205,20
OTP,0,20101215,103402,5250,100
RICHTER,0,20101215,103409,43210,1
RICHTER,0,20101215,103417,43210,19
RICHTER,0,20101215,103417,43205,66
RICHTER,0,20101215,103417,43200,15
OTP,0,20101215,103424,5250,100
ECONET,0,20101215,103445,91,5080
OTP,0,20101215,103457,5251,14
OTP,0,20101215,103457,5254,2
OTP,0,20101215,103457,5254,80
OTP,0,20101215,103457,5255,1000
OTP,0,20101215,103457,5255,350
OTP,0,20101215,103508,5259,50
OTP,0,20101215,103508,5259,503
PANNERGY,0,20101215,103511,865,4930
OTP,0,20101215,103515,5250,1
MTELEKOM,0,20101215,103519,521,810
MTELEKOM,0,20101215,103519,521,1390
MTELEKOM,0,20101215,103519,521,37
MTELEKOM,0,20101215,103519,521,1704
MTELEKOM,0,20101215,103519,520,1059
BUX1112,0,20101215,103528,21931.5,1
BUX1012,0,20101215,103528,21330,2
BUX1112,0,20101215,103528,21932,2
BUX1012,0,20101215,103528,21332,2
BUX1112,0,20101215,103528,21932,2
GENESIS,0,20101215,103531,214,400
MTELEKOM,0,20101215,103533,521,1390
GENESIS,0,20101215,103606,215,150
OTP,0,20101215,103607,5250,799
OTP,0,20101215,103607,5243,150
OTP,0,20101215,103607,5241,1
MTELEKOM,0,20101215,103609,522,100
PANNERGY,0,20101215,103612,865,70
MTELEKOM,0,20101215,103623,522,2783
MTELEKOM,0,20101215,103623,522,5000
MTELEKOM,0,20101215,103623,522,2500
MTELEKOM,0,20101215,103623,522,1253
MTELEKOM,0,20101215,103623,522,200
MTELEKOM,0,20101215,103628,523,3500
MTELEKOM,0,20101215,103628,523,5000
MTELEKOM,0,20101215,103628,523,300
MTELEKOM,0,20101215,103628,523,5000
MTELEKOM,0,20101215,103628,523,12320
MTELEKOM,0,20101215,103628,523,3000
MTELEKOM,0,20101215,103628,523,1000
MTELEKOM,0,20101215,103628,523,5000
MTELEKOM,0,20101215,103628,523,1700
OTP,0,20101215,103639,5250,26
ZWACK,0,20101215,103654,13800,16
ZWACK,0,20101215,103654,13800,4
MOL,0,20101215,103705,19500,100
MOL,0,20101215,103705,19500,300
OTP,0,20101215,103709,5250,974
OTP,0,20101215,103718,5250,1000
OTP,0,20101215,103726,5250,3000
ECONET,0,20101215,103726,91,4920
ECONET,0,20101215,103726,90,18110
ECONET,0,20101215,103726,90,5000
ECONET,0,20101215,103726,90,1970
OTP,0,20101215,103740,5250,26
MTELEKOM,0,20101215,103808,523,500
EGIS,0,20101215,103825,19670,5
OTP,0,20101215,103830,5250,500
ORC,0,20101215,103831,2010,100
MOL,0,20101215,103832,19520,100
MOL,0,20101215,103832,19540,100
EGIS,0,20101215,103842,19650,2
EGIS,0,20101215,103842,19625,18
OTP,0,20101215,103848,5250,500
OTP,0,20101215,103901,5255,75
MTELEKOM,0,20101215,103903,523,290
MOL,0,20101215,103922,19520,32
OTP,0,20101215,103924,5255,12
RICHTER,0,20101215,103924,43300,100
ZWACK,0,20101215,103929,13800,3
BUX1012,0,20101215,103952,21339,20
EGIS,0,20101215,103952,19625,8
FHB,0,20101215,103952,981,60
MOL,0,20101215,103953,19505,15
MOL,0,20101215,103953,19500,49
MTELEKOM,0,20101215,103953,522,953
OTP,0,20101215,103953,5250,258
RICHTER,0,20101215,103953,43210,10
RICHTER,0,20101215,103953,43205,10
EGIS,0,20101215,104007,19625,8
FHB,0,20101215,104007,981,13
FHB,0,20101215,104007,980,47
MOL,0,20101215,104007,19500,64
MTELEKOM,0,20101215,104007,522,953
OTP,0,20101215,104007,5250,258
RICHTER,0,20101215,104008,43210,1
RICHTER,0,20101215,104008,43205,19
BUX1012,0,20101215,104008,21339,5
BUX1012,0,20101215,104008,21339.5,2
BUX1012,0,20101215,104008,21339.5,1
BUX1012,0,20101215,104008,21340,12
FREESOFT,0,20101215,104012,1960,40
OTP,0,20101215,104034,5250,1000
BUX1012,0,20101215,104048,21340,3
BUX1112,0,20101215,104048,21932,3
MOL,0,20101215,104115,19505,22
MOL,0,20101215,104115,19500,78
MOL,0,20101215,104119,19500,9
MOL,0,20101215,104119,19500,44
ECONET,0,20101215,104126,91,1000
OTP,0,20101215,104129,5255,75
OTP,0,20101215,104141,5250,458
OTP,0,20101215,104141,5250,42
OTP,0,20101215,104154,5250,958
OTP,0,20101215,104154,5250,42
KEG,0,20101215,104154,139,500
OTP,0,20101215,104202,5250,38
OTP,0,20101215,104202,5250,462
MOL,0,20101215,104204,19510,4
MOL,0,20101215,104227,19525,500
BUX1112,0,20101215,104228,21933,1
BUX1112,0,20101215,104253,21948,1
BUX1112,0,20101215,104253,21949,2
BUX1112,0,20101215,104253,21949.5,3
BUX1112,0,20101215,104253,21950,7
BUX1112,0,20101215,104253,21950,10
BUX1012,0,20101215,104253,21349,2
BUX1112,0,20101215,104253,21950,2
BUX1012,0,20101215,104253,21349,10
BUX1112,0,20101215,104253,21950,10
BUX1012,0,20101215,104253,21349,10
BUX1112,0,20101215,104253,21950,10
BUX1012,0,20101215,104253,21350,6
BUX1112,0,20101215,104253,21950,6
BUX1012,0,20101215,104253,21350,4
BUX1112,0,20101215,104253,21950,4
BUX1012,0,20101215,104253,21350,25
BUX1112,0,20101215,104253,21950,25
BUX1012,0,20101215,104253,21350,1
BUX1112,0,20101215,104253,21950,1
BUX1012,0,20101215,104253,21350,1
BUX1112,0,20101215,104253,21950,1
BUX1012,0,20101215,104253,21350,1
BUX1112,0,20101215,104253,21950,1
BUX1012,0,20101215,104253,21363,2
BUX1012,0,20101215,104253,21364,6
EGIS,0,20101215,104300,19625,4
EGIS,0,20101215,104300,19620,34
FHB,0,20101215,104300,980,293
FHB,0,20101215,104300,980,6
MOL,0,20101215,104300,19500,156
MOL,0,20101215,104300,19500,162
MTELEKOM,0,20101215,104300,522,4763
OTP,0,20101215,104300,5250,538
OTP,0,20101215,104300,5243,500
OTP,0,20101215,104300,5242,250
RICHTER,0,20101215,104300,43205,57
RICHTER,0,20101215,104300,43200,42
ZWACK,0,20101215,104304,13800,3
ZWACK,0,20101215,104304,13800,10
ZWACK,0,20101215,104304,13895,1
MTELEKOM,0,20101215,104304,522,1000
OTP,0,20101215,104329,5250,1000
OTP,0,20101215,104334,5250,1000
FHB,0,20101215,104343,980,100
MOL,0,20101215,104349,19520,2
BUX1112,0,20101215,104428,21959.5,1
BUX1112,0,20101215,104442,21960,1
BUX1112,0,20101215,104505,21950,17
RICHTER,0,20101215,104527,43210,23
RICHTER,0,20101215,104527,43205,77
RICHTER,0,20101215,104529,43205,9
RICHTER,0,20101215,104532,43150,8
ECONET,0,20101215,104544,90,8030
ECONET,0,20101215,104544,90,7500
ECONET,0,20101215,104544,90,2750
ECONET,0,20101215,104544,90,1000
ECONET,0,20101215,104544,90,250
ECONET,0,20101215,104544,90,330
ECONET,0,20101215,104544,90,12500
ECONET,0,20101215,104544,90,310
ECONET,0,20101215,104544,90,3400
ECONET,0,20101215,104544,90,652
ECONET,0,20101215,104544,90,19000
ECONET,0,20101215,104544,90,3000
ECONET,0,20101215,104544,90,1278
ECONET,0,20101215,104548,90,1722
ECONET,0,20101215,104548,90,5000
ECONET,0,20101215,104548,90,6500
ECONET,0,20101215,104548,90,530
ECONET,0,20101215,104548,90,10248
ECONET,0,20101215,104553,90,15352
ECONET,0,20101215,104553,90,10000
ECONET,0,20101215,104553,90,500
ECONET,0,20101215,104553,90,610
ECONET,0,20101215,104553,90,1400
ECONET,0,20101215,104603,89,20
ECONET,0,20101215,104603,89,580
ECONET,0,20101215,104603,89,800
ECONET,0,20101215,104603,89,300
ECONET,0,20101215,104603,89,250
ECONET,0,20101215,104603,89,2000
ECONET,0,20101215,104603,89,1070
ORC,0,20101215,104604,2010,50
MOL,0,20101215,104616,19500,138
ECONET,0,20101215,104634,89,1930
ECONET,0,20101215,104634,89,1000
ECONET,0,20101215,104634,89,750
ECONET,0,20101215,104634,89,5920
KEG,0,20101215,104651,139,500
KEG,0,20101215,104651,139,500
PANNERGY,0,20101215,104709,865,9930
ECONET,0,20101215,104721,90,10
KEG,0,20101215,104732,139,200
EGIS,0,20101215,104736,19620,16
EGIS,0,20101215,104736,19615,184
MOL,0,20101215,104744,19500,62
MTELEKOM,0,20101215,104752,522,10
PANNERGY,0,20101215,104756,865,70
PHYLAXIA,0,20101215,104801,44,2000
OTP,0,20101215,104928,5244,1500
BUX1012,0,20101215,105016,21359.5,1
BUX1012,0,20101215,105016,21360,2
BUX1012,0,20101215,105016,21362,1
BUX1012,0,20101215,105016,21363.5,2
BUX1012,0,20101215,105016,21364,4
RICHTER,0,20101215,105048,43150,5
MTELEKOM,0,20101215,105113,523,1000
OTP,0,20101215,105113,5243,65
MTELEKOM,0,20101215,105146,523,1887
ECONET,0,20101215,105216,90,5128
ECONET,0,20101215,105216,90,4522
MTELEKOM,0,20101215,105233,523,454
ECONET,0,20101215,105239,90,5000
BUX1112,0,20101215,105247,21968,2
BUX1112,0,20101215,105247,21969,98
EGIS,0,20101215,105247,19615,16
EGIS,0,20101215,105247,19615,10
EGIS,0,20101215,105247,19610,12
FHB,0,20101215,105247,980,299
MOL,0,20101215,105247,19500,138
MOL,0,20101215,105247,19500,45
MOL,0,20101215,105247,19500,135
MTELEKOM,0,20101215,105247,522,585
MTELEKOM,0,20101215,105247,522,1000
MTELEKOM,0,20101215,105247,522,3000
MTELEKOM,0,20101215,105247,522,178
OTP,0,20101215,105247,5243,235
OTP,0,20101215,105247,5241,499
OTP,0,20101215,105247,5240,1
OTP,0,20101215,105247,5238,553
RICHTER,0,20101215,105247,43150,81
RICHTER,0,20101215,105247,43125,18
MTELEKOM,0,20101215,105301,523,200
MTELEKOM,0,20101215,105306,522,1417
MTELEKOM,0,20101215,105306,522,63
EGIS,0,20101215,105333,19610,27
MTELEKOM,0,20101215,105335,523,1169
MTELEKOM,0,20101215,105335,523,248
EGIS,0,20101215,105352,19600,40
OTP,0,20101215,105352,5239,200
OTP,0,20101215,105352,5238,447
OTP,0,20101215,105352,5237,500
OTP,0,20101215,105352,5235,353
MOL,0,20101215,105401,19500,165
BUX1012,0,20101215,105407,21350,68
BUX1112,0,20101215,105407,21940,68
BUX1012,0,20101215,105407,21350,32
BUX1112,0,20101215,105407,21940,32
BUX1012,0,20101215,105407,21330,2
BUX1112,0,20101215,105409,21934,10
MTELEKOM,0,20101215,105410,523,917
MTELEKOM,0,20101215,105410,523,83
MOL,0,20101215,105435,19500,35
MOL,0,20101215,105435,19500,33
MTELEKOM,0,20101215,105456,522,10000
OTP,0,20101215,105507,5240,600
RICHTER,0,20101215,105521,43125,52
ECONET,0,20101215,105535,90,2
BUX1012,0,20101215,105545,21350,68
BUX1112,0,20101215,105545,21940,68
MOL,0,20101215,105549,19510,100
ECONET,0,20101215,105554,90,19998
ECONET,0,20101215,105601,90,2
BUX1112,0,20101215,105608,21934,5
ECONET,0,20101215,105621,90,3542
MOL,0,20101215,105648,19520,98
OTP,0,20101215,105656,5233,1
ECONET,0,20101215,105719,90,1458
BUX1012,0,20101215,105732,21344.5,2
BUX1012,0,20101215,105732,21350,2
BUX1012,0,20101215,105732,21354.5,1
BUX1012,0,20101215,105732,21355,1
OTP,0,20101215,105733,5233,10
MTELEKOM,0,20101215,105759,522,50
MTELEKOM,0,20101215,105759,522,2200
MOL,0,20101215,105802,19520,57
MTELEKOM,0,20101215,105805,522,50
RICHTER,0,20101215,105846,43200,100
OTP,0,20101215,105920,5233,338
HUMET,0,20101215,105954,9,460
GENESIS,0,20101215,110014,212,48
GENESIS,0,20101215,110014,211,400
GENESIS,0,20101215,110014,210,552
OTP,0,20101215,110024,5235,434
MOL,0,20101215,110030,19500,67
BUX1112,0,20101215,110112,21950,2
BUX1012,0,20101215,110112,21349.5,1
BUX1112,0,20101215,110112,21950,1
BUX1012,0,20101215,110112,21350,2
BUX1112,0,20101215,110112,21950,2
RICHTER,0,20101215,110127,43295,25
BUX1012,0,20101215,110128,21354.5,1
BUX1112,0,20101215,110128,21950,1
BUX1012,0,20101215,110128,21350,2
BUX1112,0,20101215,110128,21930,2
EGIS,0,20101215,110129,19650,2
MOL,0,20101215,110132,19520,95
OTP,0,20101215,110135,5240,90
BUX1012,0,20101215,110140,21350,3
BUX1112,0,20101215,110140,21930,3
MTELEKOM,0,20101215,110151,522,1000
OTP,0,20101215,110152,5240,90
KEG,0,20101215,110206,139,50
KEG,0,20101215,110206,139,11
OTP,0,20101215,110214,5240,26
OTP,0,20101215,110225,5240,400
BUX1012,0,20101215,110228,21350,100
BUX1112,0,20101215,110228,21940,100
OTP,0,20101215,110256,5240,8
MOL,0,20101215,110301,19500,48
PANNERGY,0,20101215,110324,864,20
PANNERGY,0,20101215,110324,865,180
BUX1012,0,20101215,110327,21350,3
BUX1012,0,20101215,110327,21350,1
EGIS,0,20101215,110340,19605,2
EGIS,0,20101215,110340,19600,164
EGIS,0,20101215,110340,19600,5
EGIS,0,20101215,110340,19600,100
EGIS,0,20101215,110340,19600,29
OTP,0,20101215,110340,5245,353
OTP,0,20101215,110340,5247,298
MTELEKOM,0,20101215,110344,522,3950
MTELEKOM,0,20101215,110344,522,35
MTELEKOM,0,20101215,110344,522,1089
ECONET,0,20101215,110406,90,1000
EGIS,0,20101215,110408,19600,21
EGIS,0,20101215,110415,19600,10
EGIS,0,20101215,110415,19600,2
MTELEKOM,0,20101215,110430,522,500
BUX1012,0,20101215,110453,21350,2
OTP,0,20101215,110640,5240,40
OTP,0,20101215,110640,5236,10
PANNERGY,0,20101215,110707,865,9750
BUX1112,0,20101215,110754,21950,1
BUX1012,0,20101215,110807,21350,4
BUX1112,0,20101215,110807,21950,4
ECONET,0,20101215,110822,91,1000
ECONET,0,20101215,110822,91,3000
ECONET,0,20101215,110822,91,9000
MTELEKOM,0,20101215,110907,523,1731
MOL,0,20101215,110911,19510,32
EGIS,0,20101215,111002,19650,3
EGIS,0,20101215,111002,19675,41
EGIS,0,20101215,111002,19680,22
RICHTER,0,20101215,111020,43200,70
ECONET,0,20101215,111023,91,1000
OTP,0,20101215,111041,5236,17
MOL,0,20101215,111044,19500,47
MOL,0,20101215,111044,19500,53
MOL,0,20101215,111118,19500,100
ECONET,0,20101215,111136,90,500
RICHTER,0,20101215,111222,43065,25
RICHTER,0,20101215,111222,43060,50
RICHTER,0,20101215,111222,43025,12
RICHTER,0,20101215,111222,43025,50
RICHTER,0,20101215,111222,43020,5
RICHTER,0,20101215,111222,43020,42
RICHTER,0,20101215,111243,43050,100
HUMET,0,20101215,111311,9,1800
ECONET,0,20101215,111313,90,4042
ECONET,0,20101215,111313,90,500
ECONET,0,20101215,111313,90,2
ECONET,0,20101215,111313,90,500
ECONET,0,20101215,111313,90,10000
ECONET,0,20101215,111325,90,4956
BUX1012,0,20101215,111337,21349.5,1
BUX1112,0,20101215,111337,21950,1
BUX1012,0,20101215,111337,21350,9
BUX1112,0,20101215,111337,21950,9
MTELEKOM,0,20101215,111359,523,686
MTELEKOM,0,20101215,111359,523,314
GENESIS,0,20101215,111436,211,200
GENESIS,0,20101215,111436,210,245
GENESIS,0,20101215,111436,210,1555
BUX1012,0,20101215,111445,21349.5,1
BUX1112,0,20101215,111445,21950,1
BUX1012,0,20101215,111445,21350,2
BUX1112,0,20101215,111445,21950,2
BUX1012,0,20101215,111445,21350,2
BUX1112,0,20101215,111445,21950,2
MTELEKOM,0,20101215,111453,523,686
MTELEKOM,0,20101215,111453,523,4314
OTP,0,20101215,111511,5240,9
MTELEKOM,0,20101215,111512,523,686
MTELEKOM,0,20101215,111512,523,314
OTP,0,20101215,111514,5240,81
GENESIS,0,20101215,111519,210,500
RICHTER,0,20101215,111536,43025,27
GENESIS,0,20101215,111540,210,345
GENESIS,0,20101215,111540,210,200
GENESIS,0,20101215,111540,210,738
GENESIS,0,20101215,111540,210,400
RICHTER,0,20101215,111541,43100,25
RICHTER,0,20101215,111554,43100,75
RICHTER,0,20101215,111702,43200,30
RICHTER,0,20101215,111702,43200,100
MTELEKOM,0,20101215,111705,522,129
OTP,0,20101215,111705,5240,110
OTP,0,20101215,111705,5240,200
OTP,0,20101215,111705,5244,663
OTP,0,20101215,111723,5244,334
OTP,0,20101215,111723,5244,1000
OTP,0,20101215,111723,5245,300
OTP,0,20101215,111723,5245,100
OTP,0,20101215,111723,5245,266
MTELEKOM,0,20101215,111727,523,686
MTELEKOM,0,20101215,111727,523,931
OTP,0,20101215,111727,5245,2000
OTP,0,20101215,111729,5245,2000
OTP,0,20101215,111735,5244,1000
OTP,0,20101215,111738,5245,2000
EGIS,0,20101215,111746,19595,2
OTP,0,20101215,111748,5244,1000
OTP,0,20101215,111748,5245,734
OTP,0,20101215,111751,5245,266
OTP,0,20101215,111755,5245,1734
OTP,0,20101215,111755,5245,266
OTP,0,20101215,111756,5245,1734
OTP,0,20101215,111756,5245,266
KEG,0,20101215,111802,138,1000
MOL,0,20101215,111807,19515,29
MOL,0,20101215,111807,19520,48
MOL,0,20101215,111807,19520,100
PANNERGY,0,20101215,111814,865,250
PANNERGY,0,20101215,111814,865,289
PANNERGY,0,20101215,111814,861,50
PANNERGY,0,20101215,111814,861,150
PANNERGY,0,20101215,111814,860,261
MTELEKOM,0,20101215,111827,523,100
MOL,0,20101215,111853,19525,10
GENESIS,0,20101215,111902,210,300
OTP,0,20101215,111916,5240,400
OTP,0,20101215,111934,5240,60
GENESIS,0,20101215,111940,210,17
GENESIS,0,20101215,111940,214,3
PANNERGY,0,20101215,111959,863,1000
ECONET,0,20101215,112005,90,3042
ECONET,0,20101215,112005,90,3100
ECONET,0,20101215,112005,90,3000
ECONET,0,20101215,112005,90,3000
MTELEKOM,0,20101215,112007,522,502
MTELEKOM,0,20101215,112011,522,3795
MTELEKOM,0,20101215,112011,522,3000
MTELEKOM,0,20101215,112011,522,1795
ECONET,0,20101215,112020,90,7858
MTELEKOM,0,20101215,112030,522,1410
MTELEKOM,0,20101215,112030,522,590
ECONET,0,20101215,112038,90,7142
PANNERGY,0,20101215,112040,865,1517
MTELEKOM,0,20101215,112047,522,435
MTELEKOM,0,20101215,112050,522,2565
MTELEKOM,0,20101215,112051,522,2435
OTP,0,20101215,112052,5245,1734
OTP,0,20101215,112052,5245,266
OTP,0,20101215,112102,5245,1734
OTP,0,20101215,112102,5245,266
OTP,0,20101215,112104,5245,1734
OTP,0,20101215,112105,5245,27
OTP,0,20101215,112109,5245,239
OTP,0,20101215,112112,5245,1761
OTP,0,20101215,112112,5245,239
OTP,0,20101215,112114,5245,1761
FHB,0,20101215,112117,986,150
OTP,0,20101215,112122,5245,239
MOL,0,20101215,112123,19505,50
OTP,0,20101215,112124,5245,1761
BUX1012,0,20101215,112130,21350,90
BUX1112,0,20101215,112130,21930,90
OTP,0,20101215,112131,5245,239
OTP,0,20101215,112132,5245,27
OTP,0,20101215,112133,5245,1734
ECONET,0,20101215,112141,90,4000
PANNERGY,0,20101215,112146,865,8000
MTELEKOM,0,20101215,112206,522,565
MTELEKOM,0,20101215,112206,522,435
PANNERGY,0,20101215,112206,865,483
RFV,0,20101215,112213,8200,9
OTP,0,20101215,112217,5245,266
OTP,0,20101215,112217,5245,1944
OTP,0,20101215,112219,5245,56
OTP,0,20101215,112226,5245,589
OTP,0,20101215,112229,5245,1411
MTELEKOM,0,20101215,112229,522,565
OTP,0,20101215,112230,5245,589
PANNERGY,0,20101215,112237,869,50
PANNERGY,0,20101215,112237,869,1000
PANNERGY,0,20101215,112240,870,230
PANNERGY,0,20101215,112240,870,400
OTP,0,20101215,112241,5245,1000
OTP,0,20101215,112248,5245,411
OTP,0,20101215,112248,5245,1589
OTP,0,20101215,112250,5245,411
OTP,0,20101215,112251,5245,1589
OTP,0,20101215,112301,5245,411
PANNERGY,0,20101215,112311,872,200
PANNERGY,0,20101215,112311,875,177
OTP,0,20101215,112321,5245,700
ORC,0,20101215,112329,2030,250
OTP,0,20101215,112333,5244,1000
OTP,0,20101215,112335,5244,1000
PANNERGY,0,20101215,112339,865,1565
PANNERGY,0,20101215,112346,865,1000
MTELEKOM,0,20101215,112350,522,435
MTELEKOM,0,20101215,112350,522,500
MOL,0,20101215,112355,19530,95
PANNERGY,0,20101215,112359,865,701
MTELEKOM,0,20101215,112421,523,3969
MTELEKOM,0,20101215,112421,523,1000
MTELEKOM,0,20101215,112421,523,3400
MTELEKOM,0,20101215,112421,523,435
MTELEKOM,0,20101215,112421,523,5000
MTELEKOM,0,20101215,112421,523,5000
MTELEKOM,0,20101215,112421,523,6080
MTELEKOM,0,20101215,112421,523,200
MTELEKOM,0,20101215,112433,523,829
ECONET,0,20101215,112446,90,6700
MOL,0,20101215,112448,19530,5
MOL,0,20101215,112451,19530,5
MTELEKOM,0,20101215,112553,523,500
MOL,0,20101215,112610,19545,5
ECONET,0,20101215,112610,90,1000
ECONET,0,20101215,112622,90,510
OTP,0,20101215,112629,5242,200
OTP,0,20101215,112633,5245,1
MOL,0,20101215,112633,19545,33
PANNERGY,0,20101215,112639,874,100
PANNERGY,0,20101215,112639,875,23
PANNERGY,0,20101215,112639,875,150
PANNERGY,0,20101215,112639,875,27
OTP,0,20101215,112641,5245,888
OTP,0,20101215,112743,5245,20
PANNERGY,0,20101215,112801,875,123
PANNERGY,0,20101215,112801,875,127
PANNERGY,0,20101215,112801,875,701
BUX1012,0,20101215,112807,21350,2
BUX1012,0,20101215,112807,21350,5
OTP,0,20101215,112814,5245,65
PANNERGY,0,20101215,112833,875,49
PANNERGY,0,20101215,112833,875,700
MTELEKOM,0,20101215,112834,523,4587
MTELEKOM,0,20101215,112834,523,1782
MTELEKOM,0,20101215,112834,523,3631
MTELEKOM,0,20101215,112855,523,1369
OTP,0,20101215,112856,5245,8
GENESIS,0,20101215,112902,212,400
GENESIS,0,20101215,112902,214,90
GENESIS,0,20101215,112909,209,250
MTELEKOM,0,20101215,112912,523,1000
ECONET,0,20101215,112941,90,648
EGIS,0,20101215,112951,19600,10
ECONET,0,20101215,112953,90,352
MTELEKOM,0,20101215,113000,522,200
RICHTER,0,20101215,113021,43200,19
BUX1012,0,20101215,113056,21350.5,1
OTP,0,20101215,113108,5247,90
BUX1012,0,20101215,113109,21350,4
MOL,0,20101215,113115,19540,28
MOL,0,20101215,113115,19545,12
MOL,0,20101215,113115,19550,55
OTP,0,20101215,113119,5247,90
MOL,0,20101215,113124,19550,95
MTELEKOM,0,20101215,113135,522,200
RICHTER,0,20101215,113146,43285,1
RICHTER,0,20101215,113146,43295,10
RICHTER,0,20101215,113146,43295,14
ECONET,0,20101215,113206,90,1148
ECONET,0,20101215,113216,90,8852
ECONET,0,20101215,113249,90,10000
MTELEKOM,0,20101215,113252,523,18
RFV,0,20101215,113300,8170,12
MOL,0,20101215,113351,19540,47
ECONET,0,20101215,113359,90,1148
RABA,0,20101215,113411,804,200
MTELEKOM,0,20101215,113448,523,2613
MTELEKOM,0,20101215,113448,523,968
MTELEKOM,0,20101215,113448,523,5000
OTP,0,20101215,113456,5245,19
MTELEKOM,0,20101215,113459,523,419
EGIS,0,20101215,113501,19600,30
OTP,0,20101215,113502,5240,1
OTP,0,20101215,113517,5240,61
MOL,0,20101215,113529,19515,52
OTP,0,20101215,113534,5240,478
OTP,0,20101215,113534,5240,180
OTP,0,20101215,113534,5240,289
OTP,0,20101215,113534,5240,50
RICHTER,0,20101215,113629,43295,10
BUX1112,0,20101215,113642,21913.5,2
BUX1112,0,20101215,113642,21913.5,1
BUX1112,0,20101215,113642,21913,1
PANNERGY,0,20101215,113648,876,2
PANNERGY,0,20101215,113648,880,188
OTP,0,20101215,113755,5240,300
BUX1112,0,20101215,113835,21912,2
RICHTER,0,20101215,113951,43200,41
MTELEKOM,0,20101215,113955,523,1000
RICHTER,0,20101215,114016,43295,16
RICHTER,0,20101215,114016,43295,9
OTP,0,20101215,114042,5240,361
OTP,0,20101215,114042,5240,244
PFLAX,0,20101215,114051,481,80
PFLAX,0,20101215,114051,481,231
GENESIS,0,20101215,114053,209,150
GENESIS,0,20101215,114053,209,1436
GENESIS,0,20101215,114053,208,414
ECONET,0,20101215,114059,90,2
ECONET,0,20101215,114059,90,198
OTP,0,20101215,114113,5240,230
EGIS,0,20101215,114122,19600,51
OTP,0,20101215,114142,5240,126
OTP,0,20101215,114155,5235,1
PHYLAXIA,0,20101215,114203,45,1771
PHYLAXIA,0,20101215,114203,45,3800
PHYLAXIA,0,20101215,114203,45,2478
PHYLAXIA,0,20101215,114203,45,2951
MTELEKOM,0,20101215,114204,523,1081
MTELEKOM,0,20101215,114204,523,574
RICHTER,0,20101215,114211,43220,2
MTELEKOM,0,20101215,114229,523,4426
MTELEKOM,0,20101215,114229,523,700
MTELEKOM,0,20101215,114229,523,2800
MTELEKOM,0,20101215,114229,523,5000
MTELEKOM,0,20101215,114253,523,74
MTELEKOM,0,20101215,114253,523,22
MTELEKOM,0,20101215,114254,523,450
MTELEKOM,0,20101215,114254,523,1241
MTELEKOM,0,20101215,114254,523,3000
OTP,0,20101215,114257,5240,175
MOL,0,20101215,114313,19515,6
OTP,0,20101215,114317,5240,50
FHB,0,20101215,114319,980,43
FHB,0,20101215,114319,980,120
FHB,0,20101215,114319,980,50
FHB,0,20101215,114319,980,200
FHB,0,20101215,114319,980,200
FHB,0,20101215,114319,980,850
OTP,0,20101215,114319,5235,1
MOL,0,20101215,114331,19520,25
RICHTER,0,20101215,114336,43295,31
RICHTER,0,20101215,114336,43300,100
OTP,0,20101215,114357,5240,49
OTP,0,20101215,114357,5240,301
MOL,0,20101215,114359,19535,50
OTP,0,20101215,114413,5240,70
OTP,0,20101215,114437,5240,40
OTP,0,20101215,114451,5236,60
OTP,0,20101215,114451,5235,68
OTP,0,20101215,114451,5235,22
OTP,0,20101215,114456,5235,478
OTP,0,20101215,114456,5235,160
OTP,0,20101215,114456,5235,100
OTP,0,20101215,114456,5235,100
OTP,0,20101215,114456,5235,60
OTP,0,20101215,114456,5235,50
OTP,0,20101215,114456,5235,100
OTP,0,20101215,114502,5235,63
OTP,0,20101215,114656,5240,25
KEG,0,20101215,114720,140,1
PANNERGY,0,20101215,114722,880,12
KEG,0,20101215,114735,138,2000
MOL,0,20101215,114808,19515,31
MOL,0,20101215,114808,19515,19
KEG,0,20101215,114820,140,1
MOL,0,20101215,114821,19535,5
PANNERGY,0,20101215,114823,880,16
MTELEKOM,0,20101215,114938,522,926
MTELEKOM,0,20101215,114958,522,739
MTELEKOM,0,20101215,114958,522,3000
MTELEKOM,0,20101215,114958,522,300
MTELEKOM,0,20101215,114958,522,2000
MTELEKOM,0,20101215,114958,522,5000
MTELEKOM,0,20101215,114958,522,1610
MTELEKOM,0,20101215,115018,523,759
MTELEKOM,0,20101215,115018,523,741
EGIS,0,20101215,115022,19690,20
MTELEKOM,0,20101215,115028,522,600
PANNERGY,0,20101215,115104,875,457
RICHTER,0,20101215,115116,43345,2
MTELEKOM,0,20101215,115129,522,820
OTP,0,20101215,115206,5235,437
OTP,0,20101215,115206,5235,120
OTP,0,20101215,115206,5235,30
OTP,0,20101215,115206,5234,1000
OTP,0,20101215,115206,5234,333
OTP,0,20101215,115217,5234,80
PANNERGY,0,20101215,115242,875,110
RICHTER,0,20101215,115246,43200,50
RICHTER,0,20101215,115246,43200,50
RICHTER,0,20101215,115246,43200,1
ECONET,0,20101215,115341,90,802
ECONET,0,20101215,115341,90,3698
PANNERGY,0,20101215,115403,873,100
OTP,0,20101215,115452,5234,15
OTP,0,20101215,115452,5233,16
BUX1012,0,20101215,115516,21350,1
BUX1112,0,20101215,115516,21940,1
BUX1012,0,20101215,115516,21350,5
BUX1112,0,20101215,115516,21940,5
BUX1012,0,20101215,115516,21350,5
BUX1112,0,20101215,115516,21940,5
BUX1012,0,20101215,115531,21340,6
PANNERGY,0,20101215,115540,871,128
PANNERGY,0,20101215,115540,870,581
PANNERGY,0,20101215,115540,870,91
MTELEKOM,0,20101215,115600,522,1000
GENESIS,0,20101215,115622,209,50
GENESIS,0,20101215,115622,208,86
GENESIS,0,20101215,115622,208,1000
GENESIS,0,20101215,115622,208,500
GENESIS,0,20101215,115622,208,200
GENESIS,0,20101215,115622,207,1
RFV,0,20101215,115632,8171,101
RICHTER,0,20101215,115651,43295,27
RICHTER,0,20101215,115651,43300,50
RICHTER,0,20101215,115651,43300,52
BUX1012,0,20101215,115654,21340,2
BUX1112,0,20101215,115722,21945.5,1
BUX1012,0,20101215,115722,21354,2
BUX1112,0,20101215,115722,21946,2
MOL,0,20101215,115734,19525,24
ZWACK,0,20101215,115735,13850,18
MOL,0,20101215,115809,19540,53
MOL,0,20101215,115809,19540,50
MOL,0,20101215,115809,19550,60
MOL,0,20101215,115809,19550,8
MOL,0,20101215,115809,19550,300
MOL,0,20101215,115809,19560,14
MOL,0,20101215,115809,19560,430
MOL,0,20101215,115809,19570,259
BUX1112,0,20101215,115809,21965.5,1
BUX1112,0,20101215,115809,21966,1
BUX1112,0,20101215,115809,21967,1
MOL,0,20101215,115843,19570,150
MTELEKOM,0,20101215,115844,522,1000
OTP,0,20101215,115946,5236,520
BUX1012,0,20101215,120023,21353,10
BUX1112,0,20101215,120023,21950,10
BUX1012,0,20101215,120023,21354,3
BUX1112,0,20101215,120023,21950,3
BUX1012,0,20101215,120023,21354.5,2
BUX1112,0,20101215,120023,21950,2
BUX1012,0,20101215,120023,21355,9
BUX1112,0,20101215,120023,21950,9
BUX1012,0,20101215,120023,21357,5
BUX1112,0,20101215,120023,21950,5
BUX1012,0,20101215,120031,21360.5,1
BUX1112,0,20101215,120031,21950.5,1
BUX1012,0,20101215,120053,21360,25
BUX1112,0,20101215,120053,21950,25
MTELEKOM,0,20101215,120057,522,1
EGIS,0,20101215,120121,19650,38
FHB,0,20101215,120121,979,50
FHB,0,20101215,120121,978,249
MOL,0,20101215,120121,19550,120
MOL,0,20101215,120121,19535,123
MOL,0,20101215,120121,19535,45
MOL,0,20101215,120121,19530,30
MTELEKOM,0,20101215,120122,521,1110
MTELEKOM,0,20101215,120122,521,2500
MTELEKOM,0,20101215,120122,521,1153
MTELEKOM,0,20101215,120122,521,1847
MTELEKOM,0,20101215,120122,521,1000
MTELEKOM,0,20101215,120122,521,62
MTELEKOM,0,20101215,120122,521,5000
MTELEKOM,0,20101215,120122,521,1823
MTELEKOM,0,20101215,120122,520,2485
MTELEKOM,0,20101215,120122,520,1283
OTP,0,20101215,120122,5235,1000
OTP,0,20101215,120122,5234,288
RICHTER,0,20101215,120122,43210,96
RICHTER,0,20101215,120122,43205,3
OTP,0,20101215,120131,5234,712
OTP,0,20101215,120131,5234,288
BUX1012,0,20101215,120135,21360,1
BUX1112,0,20101215,120135,21950,1
MTELEKOM,0,20101215,120144,522,400
MTELEKOM,0,20101215,120154,521,1000
MTELEKOM,0,20101215,120157,521,7715
MTELEKOM,0,20101215,120212,521,1000
OTP,0,20101215,120223,5235,400
OTP,0,20101215,120223,5234,45
OTP,0,20101215,120223,5234,100
OTP,0,20101215,120223,5234,100
OTP,0,20101215,120223,5234,1000
OTP,0,20101215,120223,5234,350
KEG,0,20101215,120229,138,1150
KEG,0,20101215,120229,138,50
KEG,0,20101215,120229,138,3580
KEG,0,20101215,120229,137,3000
KEG,0,20101215,120229,137,200
KEG,0,20101215,120229,137,7020
KEG,0,20101215,120229,137,7480
KEG,0,20101215,120229,137,500
KEG,0,20101215,120229,137,440
KEG,0,20101215,120229,137,2500
OTP,0,20101215,120235,5234,5
RICHTER,0,20101215,120241,43220,31
MTELEKOM,0,20101215,120305,520,280
BUX1012,0,20101215,120308,21360,1
BUX1112,0,20101215,120308,21950,1
KEG,0,20101215,120322,136,3100
KEG,0,20101215,120322,136,150
BUX1012,0,20101215,120331,21345,30
BUX1012,0,20101215,120331,21360.5,1
BUX1112,0,20101215,120331,21960,1
BUX1012,0,20101215,120331,21365,6
BUX1112,0,20101215,120331,21960,6
BUX1012,0,20101215,120331,21365,1
BUX1112,0,20101215,120331,21960,1
BUX1012,0,20101215,120331,21368,2
BUX1112,0,20101215,120331,21960,2
BUX1012,0,20101215,120331,21370,2
BUX1112,0,20101215,120331,21960,2
KEG,0,20101215,120337,136,830
MOL,0,20101215,120346,19540,85
KEG,0,20101215,120347,136,170
KEG,0,20101215,120347,135,830
OTP,0,20101215,120403,5239,180
BUX1112,0,20101215,120408,21960,5
MOL,0,20101215,120413,19550,100
MOL,0,20101215,120413,19550,23
KEG,0,20101215,120414,135,300
OTP,0,20101215,120416,5239,320
OTP,0,20101215,120416,5239,80
BUX1112,0,20101215,120416,21966.5,2
BUX1112,0,20101215,120416,21967,1
BUX1112,0,20101215,120416,21968,1
BUX1112,0,20101215,120416,21969,2
BUX1112,0,20101215,120416,21980,1
BUX1012,0,20101215,120416,21373.5,1
BUX1112,0,20101215,120416,21980,1
BUX1012,0,20101215,120416,21374,2
BUX1112,0,20101215,120416,21980,2
BUX1012,0,20101215,120416,21374,2
BUX1112,0,20101215,120416,21980,2
BUX1012,0,20101215,120416,21375,5
BUX1112,0,20101215,120416,21980,5
BUX1012,0,20101215,120416,21387,1
BUX1112,0,20101215,120416,21980,1
BUX1012,0,20101215,120416,21389,10
BUX1112,0,20101215,120416,21980,10
BUX1012,0,20101215,120416,21390,2
BUX1112,0,20101215,120416,21980,2
BUX1012,0,20101215,120416,21390,1
RICHTER,0,20101215,120418,43300,50
OTP,0,20101215,120443,5239,200
MOL,0,20101215,120447,19565,5
MOL,0,20101215,120447,19570,200
MOL,0,20101215,120447,19600,114
MOL,0,20101215,120447,19600,14
MOL,0,20101215,120447,19600,20
MOL,0,20101215,120447,19600,300
BUX1112,0,20101215,120459,21989.5,2
MTELEKOM,0,20101215,120520,521,126
MTELEKOM,0,20101215,120529,521,159
MTELEKOM,0,20101215,120529,521,341
PANNERGY,0,20101215,120532,875,112
OTP,0,20101215,120535,5233,1
GENESIS,0,20101215,120543,207,241
GENESIS,0,20101215,120543,207,190
GENESIS,0,20101215,120543,205,21
RICHTER,0,20101215,120545,43225,1
MTELEKOM,0,20101215,120604,520,553
RFV,0,20101215,120604,8250,10
BUX1012,0,20101215,120635,21378,3
BUX1112,0,20101215,120635,21970,3
BUX1012,0,20101215,120635,21379,10
BUX1112,0,20101215,120635,21970,10
BUX1012,0,20101215,120635,21380,3
BUX1112,0,20101215,120635,21970,3
EGIS,0,20101215,120719,19650,12
BUX1112,0,20101215,120741,21960.5,1
KEG,0,20101215,120820,135,200
EGIS,0,20101215,120837,19650,5
OTP,0,20101215,120848,5239,12
PANNERGY,0,20101215,120906,875,230
OTP,0,20101215,120927,5239,64
OTP,0,20101215,120933,5239,208
OTP,0,20101215,120933,5239,442
OTP,0,20101215,120933,5240,14
MOL,0,20101215,120944,19585,4
OTP,0,20101215,120949,5240,6
OTP,0,20101215,120949,5240,94
RICHTER,0,20101215,121004,43300,50
OTP,0,20101215,121008,5239,500
OTP,0,20101215,121008,5239,150
OTP,0,20101215,121009,5239,30
BUX1012,0,20101215,121122,21370,2
RICHTER,0,20101215,121207,43300,50
BUX1012,0,20101215,121215,21380,97
BUX1112,0,20101215,121215,21970,97
EGIS,0,20101215,121218,19600,9
EGIS,0,20101215,121218,19600,20
EGIS,0,20101215,121218,19600,9
FHB,0,20101215,121218,978,299
MOL,0,20101215,121219,19600,318
MTELEKOM,0,20101215,121219,520,3371
MTELEKOM,0,20101215,121219,520,600
MTELEKOM,0,20101215,121219,520,792
OTP,0,20101215,121219,5235,10
OTP,0,20101215,121219,5235,25
OTP,0,20101215,121219,5235,20
OTP,0,20101215,121219,5233,483
OTP,0,20101215,121219,5233,150
OTP,0,20101215,121219,5233,70
OTP,0,20101215,121219,5231,457
OTP,0,20101215,121219,5231,73
RICHTER,0,20101215,121219,43250,97
RICHTER,0,20101215,121219,43225,2
BUX1012,0,20101215,121248,21350,17
BUX1112,0,20101215,121248,21940,17
BUX1012,0,20101215,121248,21350,79
BUX1112,0,20101215,121248,21940,79
BUX1012,0,20101215,121248,21350,97
BUX1112,0,20101215,121248,21940,97
OTP,0,20101215,121249,5239,74
MTELEKOM,0,20101215,121251,520,3000
MTELEKOM,0,20101215,121306,520,1208
MTELEKOM,0,20101215,121306,520,500
MTELEKOM,0,20101215,121306,520,250
MTELEKOM,0,20101215,121306,520,2000
MTELEKOM,0,20101215,121306,520,1042
OTP,0,20101215,121308,5239,150
MTELEKOM,0,20101215,121311,520,1508
MTELEKOM,0,20101215,121311,520,426
MTELEKOM,0,20101215,121311,520,2390
MTELEKOM,0,20101215,121311,520,200
MTELEKOM,0,20101215,121311,520,476
OTP,0,20101215,121323,5235,42
OTP,0,20101215,121353,5231,300
MTELEKOM,0,20101215,121513,521,610
MTELEKOM,0,20101215,121513,521,1000
MTELEKOM,0,20101215,121513,521,73
OTP,0,20101215,121534,5232,20
MOL,0,20101215,121540,19605,89
MOL,0,20101215,121540,19600,211
MOL,0,20101215,121548,19600,300
BUX1112,0,20101215,121615,21970,3
EGIS,0,20101215,121645,19640,26
RICHTER,0,20101215,121710,43255,9
RICHTER,0,20101215,121724,43300,50
EGIS,0,20101215,121730,19640,14
EGIS,0,20101215,121731,19605,12
MTELEKOM,0,20101215,121733,521,190
BUX1112,0,20101215,121751,21926.5,1
BUX1112,0,20101215,121751,21926,1
MTELEKOM,0,20101215,121758,520,609
MTELEKOM,0,20101215,121807,520,737
MTELEKOM,0,20101215,121807,520,49
MTELEKOM,0,20101215,121807,520,514
MTELEKOM,0,20101215,121819,520,486
MTELEKOM,0,20101215,121819,520,9514
SYNERGON,0,20101215,121822,492,60
MOL,0,20101215,121946,19600,40
MTELEKOM,0,20101215,122002,520,245
OTP,0,20101215,122008,5232,20
EGIS,0,20101215,122032,19605,8
EGIS,0,20101215,122032,19600,91
PHYLAXIA,0,20101215,122048,45,3000
MTELEKOM,0,20101215,122102,520,241
MTELEKOM,0,20101215,122102,520,245
DANUBIUS,0,20101215,122104,3950,210
DANUBIUS,0,20101215,122104,3905,60
MOL,0,20101215,122140,19610,21
RICHTER,0,20101215,122206,43300,2
RICHTER,0,20101215,122206,43300,50
RICHTER,0,20101215,122206,43300,13
KEG,0,20101215,122230,139,1
ECONET,0,20101215,122240,91,10
RICHTER,0,20101215,122241,43300,50
OTP,0,20101215,122247,5232,30
MOL,0,20101215,122306,19630,200
MOL,0,20101215,122306,19630,3
PANNERGY,0,20101215,122322,875,15
PANNERGY,0,20101215,122322,875,694
MOL,0,20101215,122337,19650,67
MOL,0,20101215,122340,19650,95
RICHTER,0,20101215,122346,43370,50
RICHTER,0,20101215,122346,43380,30
RICHTER,0,20101215,122346,43380,5
RICHTER,0,20101215,122350,43380,25
RICHTER,0,20101215,122350,43385,84
MOL,0,20101215,122400,19650,338
RICHTER,0,20101215,122412,43445,7
RICHTER,0,20101215,122412,43450,15
RICHTER,0,20101215,122412,43495,3
BUX1012,0,20101215,122414,21375,10
MOL,0,20101215,122432,19610,47
OTP,0,20101215,122433,5238,57
OTP,0,20101215,122433,5239,33
EGIS,0,20101215,122439,19600,1
PANNERGY,0,20101215,122454,875,300
RICHTER,0,20101215,122456,43400,100
MTELEKOM,0,20101215,122456,520,324
RICHTER,0,20101215,122515,43400,100
MTELEKOM,0,20101215,122630,520,9190
MTELEKOM,0,20101215,122630,520,863
RICHTER,0,20101215,122649,43450,280
PANNERGY,0,20101215,122654,878,200
EGIS,0,20101215,122726,19640,6
EGIS,0,20101215,122726,19650,4
OTP,0,20101215,122745,5239,563
OTP,0,20101215,122745,5240,1440
OTP,0,20101215,122757,5240,466
PHYLAXIA,0,20101215,122942,45,1000
RICHTER,0,20101215,123035,43360,33
OTP,0,20101215,123051,5245,430
OTP,0,20101215,123051,5245,40
OTP,0,20101215,123051,5247,109
OTP,0,20101215,123051,5247,421
OTP,0,20101215,123101,5247,79
OTP,0,20101215,123101,5247,434
OTP,0,20101215,123109,5248,1000
OTP,0,20101215,123109,5248,500
OTP,0,20101215,123109,5249,35
OTP,0,20101215,123109,5250,465
OTP,0,20101215,123120,5242,1
MOL,0,20101215,123133,19640,12
OTP,0,20101215,123141,5245,100
OTP,0,20101215,123142,5250,535
OTP,0,20101215,123142,5250,165
BUX1012,0,20101215,123207,21374,1
BUX1012,0,20101215,123207,21375,2
BUX1012,0,20101215,123207,21380,2
BUX1012,0,20101215,123207,21380,24
OTP,0,20101215,123210,5250,235
OTP,0,20101215,123210,5250,500
OTP,0,20101215,123210,5250,200
OTP,0,20101215,123210,5250,20
OTP,0,20101215,123210,5250,1776
OTP,0,20101215,123210,5250,50
OTP,0,20101215,123210,5250,100
OTP,0,20101215,123210,5250,80
OTP,0,20101215,123210,5250,45
OTP,0,20101215,123210,5250,237
OTP,0,20101215,123210,5250,29
PHYLAXIA,0,20101215,123211,44,3330
MTELEKOM,0,20101215,123212,521,1752
OTP,0,20101215,123231,5253,100
OTP,0,20101215,123231,5253,350
OTP,0,20101215,123231,5255,40
OTP,0,20101215,123231,5255,373
MOL,0,20101215,123234,19640,8
OTP,0,20101215,123236,5250,1728
OTP,0,20101215,123236,5250,272
OTP,0,20101215,123238,5258,100
OTP,0,20101215,123238,5258,30
OTP,0,20101215,123238,5259,20
OTP,0,20101215,123238,5259,20
OTP,0,20101215,123238,5259,20
OTP,0,20101215,123238,5259,810
OTP,0,20101215,123238,5250,28
OTP,0,20101215,123238,5250,972
BUX1012,0,20101215,123249,21380,20
OTP,0,20101215,123249,5259,190
OTP,0,20101215,123249,5259,1010
EGIS,0,20101215,123250,19630,8
FHB,0,20101215,123250,978,60
MOL,0,20101215,123250,19635,44
MOL,0,20101215,123250,19630,15
MOL,0,20101215,123250,19630,5
MTELEKOM,0,20101215,123250,520,953
OTP,0,20101215,123250,5250,258
RICHTER,0,20101215,123250,43375,20
OTP,0,20101215,123257,5259,990
OTP,0,20101215,123257,5260,3010
OTP,0,20101215,123259,5260,1990
OTP,0,20101215,123259,5260,10
OTP,0,20101215,123313,5260,105
OTP,0,20101215,123313,5260,78
OTP,0,20101215,123313,5260,1817
BUX1012,0,20101215,123344,21380,6
BUX1012,0,20101215,123344,21380,2
OTP,0,20101215,123352,5251,1
BUX1012,0,20101215,123416,21381,2
MOL,0,20101215,123418,19635,89
MOL,0,20101215,123418,19630,211
BUX1012,0,20101215,123427,21365.5,1
OTP,0,20101215,123449,5252,5
RABA,0,20101215,123451,803,770
MOL,0,20101215,123458,19635,40
MOL,0,20101215,123500,19630,53
MOL,0,20101215,123500,19615,100
MOL,0,20101215,123500,19605,200
MOL,0,20101215,123500,19605,100
MOL,0,20101215,123500,19600,131
MOL,0,20101215,123500,19600,16
RICHTER,0,20101215,123506,43400,200
BUX1012,0,20101215,123508,21380.5,1
MOL,0,20101215,123511,19630,269
MOL,0,20101215,123514,19630,31
PANNERGY,0,20101215,123520,876,50
ORC,0,20101215,123547,2005,8
BUX1012,0,20101215,123549,21381,1
BUX1012,0,20101215,123552,21380.5,1
MOL,0,20101215,123638,19630,131
MOL,0,20101215,123638,19605,150
MOL,0,20101215,123638,19605,60
MOL,0,20101215,123638,19600,259
MOL,0,20101215,123646,19600,200
OTP,0,20101215,123652,5252,30
OTP,0,20101215,123705,5257,100
OTP,0,20101215,123705,5257,2000
MOL,0,20101215,123709,19600,16
OTP,0,20101215,123720,5258,100
OTP,0,20101215,123720,5258,15
OTP,0,20101215,123730,5259,500
FHB,0,20101215,123807,978,30
MOL,0,20101215,123809,19600,9
MTELEKOM,0,20101215,123824,521,11
MOL,0,20101215,123830,19600,191
MOL,0,20101215,123851,19600,300
MOL,0,20101215,123859,19600,9
MOL,0,20101215,123859,19600,291
MOL,0,20101215,123908,19600,9
MOL,0,20101215,123908,19600,200
MOL,0,20101215,123913,19600,91
MOL,0,20101215,123913,19600,300
RICHTER,0,20101215,123915,43375,30
MOL,0,20101215,123918,19600,9
RICHTER,0,20101215,123946,43320,56
RICHTER,0,20101215,123946,43315,5
RICHTER,0,20101215,123946,43310,50
RICHTER,0,20101215,123946,43310,23
RICHTER,0,20101215,123946,43300,25
RICHTER,0,20101215,123946,43300,11
BUX1112,0,20101215,124007,21980,1
BUX1012,0,20101215,124007,21380,1
BUX1112,0,20101215,124007,21980,1
BUX1012,0,20101215,124007,21380,5
BUX1112,0,20101215,124007,21980,5
BUX1012,0,20101215,124007,21381,2
BUX1112,0,20101215,124007,21980,2
BUX1012,0,20101215,124007,21382,2
BUX1112,0,20101215,124007,21980,2
BUX1012,0,20101215,124007,21390,5
BUX1112,0,20101215,124007,21980,5
MTELEKOM,0,20101215,124007,521,1802
RICHTER,0,20101215,124009,43330,15
RICHTER,0,20101215,124009,43320,56
RICHTER,0,20101215,124009,43300,29
EGIS,0,20101215,124019,19645,200
EGIS,0,20101215,124025,19645,100
BUX1012,0,20101215,124100,21380,1
BUX1112,0,20101215,124100,21980,1
BUX1112,0,20101215,124107,21988,1
BUX1112,0,20101215,124113,21990,10
BUX1012,0,20101215,124113,21395,1
BUX1112,0,20101215,124113,21990,1
BUX1012,0,20101215,124113,21396,1
BUX1112,0,20101215,124113,21990,1
BUX1012,0,20101215,124113,21397,7
BUX1112,0,20101215,124113,21990,7
BUX1012,0,20101215,124113,21399,2
BUX1112,0,20101215,124113,21990,2
BUX1012,0,20101215,124113,21399,50
BUX1112,0,20101215,124113,21990,50
BUX1012,0,20101215,124113,21399.5,2
BUX1112,0,20101215,124113,21990,2
BUX1012,0,20101215,124113,21400,10
BUX1112,0,20101215,124113,21990,10
EGIS,0,20101215,124116,19640,5
EGIS,0,20101215,124116,19630,2
EGIS,0,20101215,124116,19605,1
EGIS,0,20101215,124116,19600,9
EGIS,0,20101215,124116,19600,5
EGIS,0,20101215,124116,19595,13
EGIS,0,20101215,124116,19590,1
EGIS,0,20101215,124116,19580,2
FHB,0,20101215,124117,978,299
MOL,0,20101215,124117,19585,46
MOL,0,20101215,124117,19580,200
MOL,0,20101215,124117,19565,68
MOL,0,20101215,124117,19565,4
MTELEKOM,0,20101215,124117,520,3994
MTELEKOM,0,20101215,124117,520,769
OTP,0,20101215,124117,5252,265
OTP,0,20101215,124117,5251,1023
RICHTER,0,20101215,124117,43300,10
RICHTER,0,20101215,124117,43300,89
BUX1012,0,20101215,124132,21350,11
BUX1112,0,20101215,124132,21940,11
MTELEKOM,0,20101215,124147,521,1000
BUX1012,0,20101215,124242,21389,10
MTELEKOM,0,20101215,124326,520,863
BUX1012,0,20101215,124332,21389,5
RICHTER,0,20101215,124440,43300,16
KEG,0,20101215,124440,139,799
KEG,0,20101215,124440,139,1000
KEG,0,20101215,124440,139,440
KEG,0,20101215,124440,139,1000
KEG,0,20101215,124440,139,3100
KEG,0,20101215,124440,140,93661
KEG,0,20101215,124447,140,4720
KEG,0,20101215,124447,140,2500
KEG,0,20101215,124447,140,2500
MOL,0,20101215,124456,19580,20
BUX1012,0,20101215,124551,21390,40
BUX1112,0,20101215,124551,21990,40
BUX1012,0,20101215,124551,21390,1
BUX1112,0,20101215,124551,21990,1
BUX1012,0,20101215,124551,21399,1
BUX1112,0,20101215,124551,21990,1
BUX1012,0,20101215,124551,21400,15
BUX1112,0,20101215,124551,21990,15
BUX1012,0,20101215,124551,21400,43
BUX1112,0,20101215,124551,21990,43
EGIS,0,20101215,124555,19580,23
EGIS,0,20101215,124555,19555,8
EGIS,0,20101215,124555,19550,7
FHB,0,20101215,124555,978,299
MOL,0,20101215,124555,19580,30
MOL,0,20101215,124555,19580,176
MOL,0,20101215,124555,19565,46
MOL,0,20101215,124555,19565,50
MOL,0,20101215,124555,19560,16
MTELEKOM,0,20101215,124556,520,56
MTELEKOM,0,20101215,124556,520,100
MTELEKOM,0,20101215,124556,520,900
MTELEKOM,0,20101215,124556,520,900
MTELEKOM,0,20101215,124556,520,500
MTELEKOM,0,20101215,124556,520,110
MTELEKOM,0,20101215,124556,519,2197
OTP,0,20101215,124556,5252,300
OTP,0,20101215,124556,5251,976
OTP,0,20101215,124556,5251,12
RICHTER,0,20101215,124556,43280,63
RICHTER,0,20101215,124556,43255,36
MOL,0,20101215,124635,19560,350
PANNERGY,0,20101215,124654,877,500
BUX1012,0,20101215,124700,21350,100
BUX1112,0,20101215,124700,21940,100
OTP,0,20101215,124737,5255,400
PANNERGY,0,20101215,124801,875,100
OTP,0,20101215,124804,5257,1000
ANY,0,20101215,124828,740,500
ANY,0,20101215,124828,740,92
FHB,0,20101215,124828,978,200
OTP,0,20101215,124833,5258,227
OTP,0,20101215,124833,5258,500
MTELEKOM,0,20101215,124835,520,1000
OTP,0,20101215,124837,5259,500
OTP,0,20101215,124837,5259,1000
OTP,0,20101215,124845,5259,1000
OTP,0,20101215,124845,5260,500
FHB,0,20101215,124849,978,864
FHB,0,20101215,124849,978,136
PANNERGY,0,20101215,124853,875,135
BUX1112,0,20101215,124856,21994.5,1
BUX1112,0,20101215,124856,21995,1
OTP,0,20101215,124856,5260,133
OTP,0,20101215,124856,5260,567
OTP,0,20101215,124906,5260,1000
PANNERGY,0,20101215,124923,875,196
OTP,0,20101215,124936,5251,1
ECONET,0,20101215,124944,90,702
ECONET,0,20101215,124944,90,3798
OTP,0,20101215,124948,5260,433
OTP,0,20101215,124948,5260,267
OTP,0,20101215,125006,5259,300
MTELEKOM,0,20101215,125011,520,1000
EGIS,0,20101215,125011,19645,15
EGIS,0,20101215,125011,19645,18
RABA,0,20101215,125014,802,100
RABA,0,20101215,125014,801,101
RABA,0,20101215,125014,801,20
RABA,0,20101215,125014,800,1500
RABA,0,20101215,125014,800,200
RABA,0,20101215,125014,800,79
BUX1012,0,20101215,125022,21390,50
BUX1112,0,20101215,125022,21990,50
BUX1012,0,20101215,125022,21400,7
BUX1112,0,20101215,125022,21990,7
BUX1012,0,20101215,125022,21400,2
BUX1112,0,20101215,125022,21990,2
BUX1012,0,20101215,125022,21400,5
BUX1112,0,20101215,125022,21990,5
BUX1012,0,20101215,125022,21400,8
BUX1112,0,20101215,125022,21990,8
BUX1012,0,20101215,125022,21400,1
BUX1112,0,20101215,125022,21990,1
EGIS,0,20101215,125027,19600,5
EGIS,0,20101215,125027,19550,33
FHB,0,20101215,125027,978,64
FHB,0,20101215,125027,977,235
FHB,0,20101215,125027,977,65
FHB,0,20101215,125027,976,15
MOL,0,20101215,125027,19560,34
MOL,0,20101215,125027,19560,50
MOL,0,20101215,125027,19550,234
MTELEKOM,0,20101215,125027,520,4115
MTELEKOM,0,20101215,125027,519,648
OTP,0,20101215,125027,5255,1123
OTP,0,20101215,125027,5255,165
RICHTER,0,20101215,125027,43300,99
BUX1012,0,20101215,125029,21400,27
BUX1112,0,20101215,125029,21990,27
RICHTER,0,20101215,125035,43300,24
RICHTER,0,20101215,125035,43260,5
PANNERGY,0,20101215,125053,877,196
BUX1012,0,20101215,125116,21399.5,2
BUX1112,0,20101215,125116,21990,2
BUX1012,0,20101215,125116,21400,73
BUX1112,0,20101215,125116,21990,73
MTELEKOM,0,20101215,125118,520,5115
EGIS,0,20101215,125118,19600,20
EGIS,0,20101215,125118,19645,13
EGIS,0,20101215,125121,19550,9
EGIS,0,20101215,125121,19545,3
EGIS,0,20101215,125121,19530,2
EGIS,0,20101215,125121,19520,1
EGIS,0,20101215,125121,19520,23
FHB,0,20101215,125122,976,35
FHB,0,20101215,125122,975,264
MOL,0,20101215,125122,19550,109
MOL,0,20101215,125122,19550,50
MOL,0,20101215,125122,19550,159
MTELEKOM,0,20101215,125122,519,3999
MTELEKOM,0,20101215,125122,519,150
MTELEKOM,0,20101215,125122,519,250
MTELEKOM,0,20101215,125122,519,100
MTELEKOM,0,20101215,125122,519,264
OTP,0,20101215,125122,5255,235
OTP,0,20101215,125122,5255,1053
BUX1012,0,20101215,125122,21350,25
BUX1112,0,20101215,125122,21940,25
RICHTER,0,20101215,125122,43265,99
ANY,0,20101215,125131,743,50
ANY,0,20101215,125131,743,205
ANY,0,20101215,125131,744,67
ANY,0,20101215,125131,744,240
ANY,0,20101215,125131,744,1050
ANY,0,20101215,125131,745,518
MOL,0,20101215,125152,19555,100
MOL,0,20101215,125152,19555,50
MOL,0,20101215,125159,19555,100
BUX1112,0,20101215,125206,21992,1
BUX1112,0,20101215,125206,21994.5,2
BUX1112,0,20101215,125206,21995,22
MOL,0,20101215,125214,19555,50
PANNERGY,0,20101215,125216,877,100
MOL,0,20101215,125219,19550,41
RICHTER,0,20101215,125247,43300,100
MTELEKOM,0,20101215,125247,520,1500
PANNERGY,0,20101215,125251,877,369
OTP,0,20101215,125302,5256,20
MOL,0,20101215,125307,19555,18
MOL,0,20101215,125307,19550,82
RICHTER,0,20101215,125308,43300,50
MTELEKOM,0,20101215,125439,520,2000
PANNERGY,0,20101215,125510,876,20
FOTEX,0,20101215,125531,397,500
FOTEX,0,20101215,125531,397,130
FOTEX,0,20101215,125531,397,700
MTELEKOM,0,20101215,125542,520,33
MTELEKOM,0,20101215,125602,520,1352
MTELEKOM,0,20101215,125602,520,328
MOL,0,20101215,125614,19565,19
MTELEKOM,0,20101215,125615,520,550
MTELEKOM,0,20101215,125636,520,450
MTELEKOM,0,20101215,125636,520,2000
MTELEKOM,0,20101215,125636,520,1747
MOL,0,20101215,125709,19555,83
MOL,0,20101215,125709,19555,48
MOL,0,20101215,125709,19550,19
OTP,0,20101215,125727,5258,38
RICHTER,0,20101215,125729,43350,50
RICHTER,0,20101215,125729,43385,52
RICHTER,0,20101215,125729,43390,15
OTP,0,20101215,125747,5258,50
RICHTER,0,20101215,125807,43475,1000
BUX1012,0,20101215,125913,21350,5
BUX1112,0,20101215,125913,21940,5
SYNERGON,0,20101215,125940,493,200
ZWACK,0,20101215,125950,13850,3
BUX1012,0,20101215,130053,21350,5
BUX1112,0,20101215,130053,21940,5
OTP,0,20101215,130106,5255,70
OTP,0,20101215,130106,5255,330
MOL,0,20101215,130137,19550,42
MOL,0,20101215,130137,19550,8
OTP,0,20101215,130215,5255,10
OTP,0,20101215,130236,5257,180
OTP,0,20101215,130244,5257,20
MOL,0,20101215,130248,19580,100
MOL,0,20101215,130248,19580,50
MOL,0,20101215,130248,19600,40
OTP,0,20101215,130252,5256,1400
RICHTER,0,20101215,130256,43345,48
RICHTER,0,20101215,130256,43350,2
OTP,0,20101215,130328,5256,10
MOL,0,20101215,130404,19600,151
MOL,0,20101215,130404,19600,300
MOL,0,20101215,130404,19600,199
RABA,0,20101215,130406,800,171
RABA,0,20101215,130406,800,700
RABA,0,20101215,130406,800,250
MOL,0,20101215,130411,19600,51
MOL,0,20101215,130411,19600,3
MOL,0,20101215,130411,19600,20
ECONET,0,20101215,130428,90,45
RICHTER,0,20101215,130439,43350,48
MOL,0,20101215,130451,19600,50
PANNERGY,0,20101215,130453,876,30
MTELEKOM,0,20101215,130514,520,43
