<TICKER>,<PER>,<DTYYYYMMDD>,<TIME>,<CLOSE>,<VOLUME>
BUX1012,0,20101213,090003,21660,2
BUX1012,0,20101213,090003,21660,1
BUX1012,0,20101213,090003,21660,1
BUX1012,0,20101213,090003,21660,1
BUX1012,0,20101213,090003,21660,2
BUX1012,0,20101213,090003,21660,16
BUX1012,0,20101213,090003,21660,20
BUX1012,0,20101213,090003,21660,14
AAA,0,20101213,090030,200,2
BOOK,0,20101213,090030,510,2
ECONET,0,20101213,090030,94,200
ECONET,0,20101213,090030,94,800
EGIS,0,20101213,090030,20490,2
EGIS,0,20101213,090030,20490,10
EGIS,0,20101213,090030,20490,5
EGIS,0,20101213,090030,20490,7
FHB,0,20101213,090030,998,250
FHB,0,20101213,090030,998,30
GENESIS,0,20101213,090030,232,50
GENESIS,0,20101213,090030,232,450
HUMET,0,20101213,090030,9,10000
HUMET,0,20101213,090030,9,500
HUMET,0,20101213,090030,9,12500
KEG,0,20101213,090030,146,1250
KEG,0,20101213,090030,146,20
MOL,0,20101213,090030,19690,1
MOL,0,20101213,090030,19690,4
MOL,0,20101213,090030,19690,3
MOL,0,20101213,090030,19690,11
MOL,0,20101213,090030,19690,12
MOL,0,20101213,090030,19690,5
MOL,0,20101213,090030,19690,71
MOL,0,20101213,090030,19690,129
MTELEKOM,0,20101213,090030,539,100
MTELEKOM,0,20101213,090030,539,900
MTELEKOM,0,20101213,090030,539,1600
MTELEKOM,0,20101213,090030,539,165
MTELEKOM,0,20101213,090030,539,100
MTELEKOM,0,20101213,090030,539,1735
MTELEKOM,0,20101213,090030,539,10
OTP,0,20101213,090030,5305,40
OTP,0,20101213,090030,5305,5
OTP,0,20101213,090030,5305,20
OTP,0,20101213,090030,5305,52
OTP,0,20101213,090030,5305,6
OTP,0,20101213,090030,5305,20
OTP,0,20101213,090030,5305,100
OTP,0,20101213,090030,5305,22
OTP,0,20101213,090030,5305,100
OTP,0,20101213,090030,5305,109
OTP,0,20101213,090030,5305,26
OTP,0,20101213,090030,5305,174
OTP,0,20101213,090030,5305,50
OTP,0,20101213,090030,5305,2
OTP,0,20101213,090030,5305,104
OTP,0,20101213,090030,5305,50
OTP,0,20101213,090030,5305,3
OTP,0,20101213,090030,5305,15
OTP,0,20101213,090030,5305,128
OTP,0,20101213,090030,5305,98
OTP,0,20101213,090030,5305,30
OTP,0,20101213,090030,5305,1244
OTP,0,20101213,090030,5305,390
OTP,0,20101213,090030,5305,40
OTP,0,20101213,090030,5305,150
OTP,0,20101213,090030,5305,430
OTP,0,20101213,090030,5305,1000
OTP,0,20101213,090030,5305,500
OTP,0,20101213,090030,5305,1500
OTP,0,20101213,090030,5305,400
OTP,0,20101213,090030,5305,2500
OTP,0,20101213,090030,5305,9
OTP,0,20101213,090030,5305,100
OTP,0,20101213,090030,5305,100
OTP,0,20101213,090030,5305,124
OTP,0,20101213,090030,5305,57
OTP,0,20101213,090030,5305,85
OTP,0,20101213,090030,5305,10
OTP,0,20101213,090030,5305,10
OTP,0,20101213,090030,5305,30
OTP,0,20101213,090030,5305,30
OTP,0,20101213,090030,5305,200
OTP,0,20101213,090030,5305,150
OTP,0,20101213,090030,5305,2000
OTP,0,20101213,090030,5305,73
OTP,0,20101213,090030,5305,112
PANNERGY,0,20101213,090030,875,200
RICHTER,0,20101213,090030,43600,2
SYNERGON,0,20101213,090030,504,148
OTP,0,20101213,090201,5300,15
OTP,0,20101213,090201,5300,48
RICHTER,0,20101213,090202,43600,20
BUX1012,0,20101213,090211,21600,5
GENESIS,0,20101213,090216,237,30
KEG,0,20101213,090219,146,480
MOL,0,20101213,090238,19670,50
OTP,0,20101213,090239,5280,40
OTP,0,20101213,090240,5298,100
TVK,0,20101213,090240,3385,50
RICHTER,0,20101213,090242,43600,5
RICHTER,0,20101213,090242,43600,10
GENESIS,0,20101213,090242,232,95
OTP,0,20101213,090244,5280,66
OTP,0,20101213,090247,5280,20
OTP,0,20101213,090256,5280,50
MOL,0,20101213,090257,19690,21
MOL,0,20101213,090257,19700,29
TVK,0,20101213,090258,3450,4
OTP,0,20101213,090300,5295,57
MTELEKOM,0,20101213,090302,538,409
OTP,0,20101213,090305,5280,27
MOL,0,20101213,090305,19670,9
OTP,0,20101213,090307,5295,20
RICHTER,0,20101213,090316,43700,7
OTP,0,20101213,090326,5285,20
OTP,0,20101213,090334,5290,100
OTP,0,20101213,090343,5280,200
OTP,0,20101213,090343,5280,13
OTP,0,20101213,090349,5290,46
RICHTER,0,20101213,090352,43600,8
RABA,0,20101213,090356,819,200
OTP,0,20101213,090409,5289,50
OTP,0,20101213,090415,5280,200
RABA,0,20101213,090417,820,200
OTP,0,20101213,090421,5280,50
OTP,0,20101213,090421,5280,99
OTP,0,20101213,090421,5280,1
OTP,0,20101213,090430,5280,99
OTP,0,20101213,090430,5280,1
OTP,0,20101213,090450,5280,60
OTP,0,20101213,090452,5288,130
OTP,0,20101213,090452,5289,120
OTP,0,20101213,090452,5289,180
MOL,0,20101213,090453,19700,40
OTP,0,20101213,090454,5280,39
MTELEKOM,0,20101213,090500,538,1893
RICHTER,0,20101213,090503,43505,50
MTELEKOM,0,20101213,090510,537,1000
MTELEKOM,0,20101213,090510,537,150
MTELEKOM,0,20101213,090510,537,3200
MTELEKOM,0,20101213,090510,536,136
MTELEKOM,0,20101213,090510,536,178
BUX1012,0,20101213,090520,21610,2
BUX1012,0,20101213,090520,21605,10
BUX1012,0,20101213,090520,21600,5
BUX1012,0,20101213,090520,21600,10
BUX1012,0,20101213,090520,21600,10
BUX1012,0,20101213,090522,21600,10
GENESIS,0,20101213,090525,232,520
OTP,0,20101213,090543,5280,200
OTP,0,20101213,090557,5275,200
OTP,0,20101213,090559,5279,100
BUX1012,0,20101213,090612,21600,3
OTP,0,20101213,090613,5280,89
OTP,0,20101213,090618,5275,100
EGIS,0,20101213,090620,20480,5
BUX1012,0,20101213,090633,21600,2
OTP,0,20101213,090643,5280,526
OTP,0,20101213,090643,5280,300
OTP,0,20101213,090643,5280,174
OTP,0,20101213,090644,5280,100
OTP,0,20101213,090647,5280,20
OTP,0,20101213,090653,5280,500
RFV,0,20101213,090705,8170,10
RFV,0,20101213,090721,8170,15
OTP,0,20101213,090721,5275,160
BUX1012,0,20101213,090730,21600,1
OTP,0,20101213,090749,5275,200
MOL,0,20101213,090750,19670,5
OTP,0,20101213,090750,5275,16
MTELEKOM,0,20101213,090802,537,256
ECONET,0,20101213,090803,93,1020
ECONET,0,20101213,090803,93,2980
BUX1012,0,20101213,090809,21600,2
MTELEKOM,0,20101213,090852,536,422
MTELEKOM,0,20101213,090852,536,1000
EBDAX,0,20101213,090859,1967,45
BUX1012,0,20101213,090909,21600,1
OTP,0,20101213,090937,5280,6
OTP,0,20101213,090937,5280,118
OTP,0,20101213,090955,5276,8
OTP,0,20101213,091000,5276,100
BUX1012,0,20101213,091026,21586,1
BUX1012,0,20101213,091026,21586,1
BUX1012,0,20101213,091026,21585,5
GSPARK,0,20101213,091027,798,100
KEG,0,20101213,091052,147,100
BUX1012,0,20101213,091129,21568,1
BUX1012,0,20101213,091129,21568,2
BUX1012,0,20101213,091129,21567,4
BUX1012,0,20101213,091129,21566,3
RICHTER,0,20101213,091138,43500,70
OTP,0,20101213,091152,5276,92
OTP,0,20101213,091152,5276,174
OTP,0,20101213,091152,5276,330
OTP,0,20101213,091152,5276,200
OTP,0,20101213,091152,5276,150
OTP,0,20101213,091152,5275,150
OTP,0,20101213,091152,5275,50
OTP,0,20101213,091152,5275,2000
OTP,0,20101213,091152,5275,2000
OTP,0,20101213,091152,5273,5
OTP,0,20101213,091152,5272,800
OTP,0,20101213,091152,5272,200
OTP,0,20101213,091152,5271,349
OTP,0,20101213,091153,5279,100
OTP,0,20101213,091153,5279,100
OTP,0,20101213,091153,5280,52
OTP,0,20101213,091153,5285,22
OTP,0,20101213,091153,5285,568
OTP,0,20101213,091153,5288,50
OTP,0,20101213,091153,5289,20
OTP,0,20101213,091153,5289,63
OTP,0,20101213,091153,5289,120
OTP,0,20101213,091153,5289,1
OTP,0,20101213,091205,5272,1
PANNERGY,0,20101213,091206,875,200
OTP,0,20101213,091213,5276,400
PANNERGY,0,20101213,091225,875,100
PHYLAXIA,0,20101213,091228,44,1112
OTP,0,20101213,091235,5273,16
MOL,0,20101213,091235,19670,6
BUX1012,0,20101213,091242,21570,1
GSPARK,0,20101213,091245,798,100
OTP,0,20101213,091249,5273,9
OTP,0,20101213,091249,5273,56
OTP,0,20101213,091249,5273,1
OTP,0,20101213,091249,5272,39
MTELEKOM,0,20101213,091302,537,255
BUX1012,0,20101213,091307,21570,1
OTP,0,20101213,091319,5275,50
MOL,0,20101213,091323,19670,5
OTP,0,20101213,091339,5272,24
OTP,0,20101213,091339,5271,976
OTP,0,20101213,091344,5271,50
OTP,0,20101213,091344,5271,20
OTP,0,20101213,091344,5271,19
OTP,0,20101213,091344,5271,103
OTP,0,20101213,091348,5271,58
OTP,0,20101213,091348,5270,100
OTP,0,20101213,091354,5265,20
OTP,0,20101213,091354,5265,10
OTP,0,20101213,091354,5262,15
MOL,0,20101213,091408,19660,2
MOL,0,20101213,091408,19660,198
BUX1012,0,20101213,091411,21570,2
OTP,0,20101213,091415,5262,1985
OTP,0,20101213,091415,5260,50
OTP,0,20101213,091420,5255,100
OTP,0,20101213,091420,5255,333
OTP,0,20101213,091436,5254,500
OTP,0,20101213,091447,5250,60
OTP,0,20101213,091447,5250,15
OTP,0,20101213,091447,5250,25
OTP,0,20101213,091447,5250,29
OTP,0,20101213,091454,5250,21
OTP,0,20101213,091454,5250,79
OTP,0,20101213,091457,5250,21
OTP,0,20101213,091457,5250,50
OTP,0,20101213,091457,5250,349
OTP,0,20101213,091458,5250,251
OTP,0,20101213,091458,5250,100
OTP,0,20101213,091458,5250,50
OTP,0,20101213,091458,5250,123
OTP,0,20101213,091502,5244,30
OTP,0,20101213,091502,5241,1
OTP,0,20101213,091502,5241,30
OTP,0,20101213,091502,5225,39
BUX1012,0,20101213,091502,21566,4
BUX1012,0,20101213,091509,21566,13
BUX1012,0,20101213,091512,21565,1
BUX1012,0,20101213,091516,21562,1
OTP,0,20101213,091518,5226,267
MOL,0,20101213,091520,19670,5
MTELEKOM,0,20101213,091544,536,1700
MTELEKOM,0,20101213,091544,536,680
FOTEX,0,20101213,091546,410,37
FHB,0,20101213,091554,992,100
FHB,0,20101213,091554,991,442
FHB,0,20101213,091554,990,58
OTP,0,20101213,091555,5235,100
BUX1012,0,20101213,091556,21560,10
ZWACK,0,20101213,091604,14000,7
ZWACK,0,20101213,091604,14000,15
ZWACK,0,20101213,091604,14000,10
ZWACK,0,20101213,091604,14000,100
ZWACK,0,20101213,091604,14000,1
OTP,0,20101213,091612,5236,111
OTP,0,20101213,091626,5249,35
EGIS,0,20101213,091640,20300,2
EGIS,0,20101213,091640,20300,5
OTP,0,20101213,091644,5249,65
OTP,0,20101213,091644,5250,435
OTP,0,20101213,091644,5250,41
OTP,0,20101213,091644,5250,170
OTP,0,20101213,091644,5250,100
OTP,0,20101213,091644,5250,189
OTP,0,20101213,091645,5250,11
OTP,0,20101213,091645,5250,200
GENESIS,0,20101213,091649,232,1000
OTP,0,20101213,091656,5264,70
OTP,0,20101213,091656,5264,190
OTP,0,20101213,091656,5265,10
OTP,0,20101213,091657,5251,15
ECONET,0,20101213,091658,93,1000
PANNERGY,0,20101213,091704,875,35
MOL,0,20101213,091704,19670,85
GENESIS,0,20101213,091707,232,1100
OTP,0,20101213,091709,5253,389
OTP,0,20101213,091709,5252,121
OTP,0,20101213,091709,5252,80
OTP,0,20101213,091709,5251,585
OTP,0,20101213,091709,5250,289
OTP,0,20101213,091709,5250,128
GENESIS,0,20101213,091718,232,500
MOL,0,20101213,091720,19670,5
OTP,0,20101213,091720,5251,17
GENESIS,0,20101213,091737,232,213
GENESIS,0,20101213,091739,232,432
GENESIS,0,20101213,091739,223,100
GENESIS,0,20101213,091739,223,500
MTELEKOM,0,20101213,091744,536,1408
MTELEKOM,0,20101213,091802,536,255
MTELEKOM,0,20101213,091812,535,1863
MTELEKOM,0,20101213,091812,535,450
MTELEKOM,0,20101213,091812,535,10000
MTELEKOM,0,20101213,091812,535,834
MTELEKOM,0,20101213,091812,535,606
MTELEKOM,0,20101213,091812,535,194
MTELEKOM,0,20101213,091812,535,1000
MTELEKOM,0,20101213,091812,535,102
MTELEKOM,0,20101213,091812,535,1709
MTELEKOM,0,20101213,091812,534,200
MTELEKOM,0,20101213,091812,534,150
MTELEKOM,0,20101213,091812,534,1000
MTELEKOM,0,20101213,091812,534,100
MTELEKOM,0,20101213,091812,534,1000
MTELEKOM,0,20101213,091829,533,200
MTELEKOM,0,20101213,091829,533,300
MTELEKOM,0,20101213,091829,533,200
MTELEKOM,0,20101213,091829,533,1000
MTELEKOM,0,20101213,091829,533,100
MTELEKOM,0,20101213,091829,533,1000
MTELEKOM,0,20101213,091829,533,1000
MTELEKOM,0,20101213,091829,533,100
MTELEKOM,0,20101213,091829,533,300
MTELEKOM,0,20101213,091829,533,1000
BUX1012,0,20101213,091830,21560,5
OTP,0,20101213,091832,5255,80
OTP,0,20101213,091832,5255,52
OTP,0,20101213,091842,5255,508
MOL,0,20101213,091843,19670,25
OTP,0,20101213,091844,5255,1084
OTP,0,20101213,091844,5255,409
OTP,0,20101213,091844,5251,333
OTP,0,20101213,091844,5250,20
OTP,0,20101213,091844,5250,240
OTP,0,20101213,091844,5250,100
OTP,0,20101213,091844,5250,275
OTP,0,20101213,091851,5250,500
OTP,0,20101213,091854,5250,500
OTP,0,20101213,091854,5250,500
OTP,0,20101213,091855,5250,1000
OTP,0,20101213,091857,5250,39
OTP,0,20101213,091857,5250,711
OTP,0,20101213,091859,5250,289
OTP,0,20101213,091900,5260,7
OTP,0,20101213,091900,5260,80
PHYLAXIA,0,20101213,091904,45,500
OTP,0,20101213,091907,5260,10
OTP,0,20101213,091907,5260,68
OTP,0,20101213,091912,5250,1
BUX1012,0,20101213,091922,21556,1
BUX1012,0,20101213,091922,21555,3
BUX1012,0,20101213,091922,21551,1
FHB,0,20101213,091925,990,242
FHB,0,20101213,091925,990,98
MOL,0,20101213,091934,19660,2
MOL,0,20101213,091934,19650,100
MOL,0,20101213,091934,19605,33
MOL,0,20101213,091934,19605,5
MOL,0,20101213,091934,19600,20
MOL,0,20101213,091934,19600,45
OTP,0,20101213,091939,5251,100
BUX1012,0,20101213,091939,21555,1
RICHTER,0,20101213,091939,43430,30
EGIS,0,20101213,091940,20450,15
EGIS,0,20101213,091950,20430,20
MTELEKOM,0,20101213,091956,534,49
BUX1012,0,20101213,091957,21569,2
BUX1012,0,20101213,091957,21570,1
OTP,0,20101213,092000,5254,20
RABA,0,20101213,092001,816,100
OTP,0,20101213,092010,5259,100
OTP,0,20101213,092010,5259,20
OTP,0,20101213,092010,5260,10
OTP,0,20101213,092010,5260,10
BUX1012,0,20101213,092017,21570,2
BUX1012,0,20101213,092017,21565,3
OTP,0,20101213,092017,5260,100
OTP,0,20101213,092017,5262,30
BUX1012,0,20101213,092021,21565,1
BUX1012,0,20101213,092021,21560,8
MTELEKOM,0,20101213,092038,534,1000
GENESIS,0,20101213,092045,234,30
MTELEKOM,0,20101213,092048,534,500
MOL,0,20101213,092049,19600,16
BUX1012,0,20101213,092050,21561,1
BUX1012,0,20101213,092050,21560,1
OTP,0,20101213,092050,5265,100
OTP,0,20101213,092050,5265,200
OTP,0,20101213,092119,5270,15
OTP,0,20101213,092119,5270,135
BUX1012,0,20101213,092133,21550,5
OTP,0,20101213,092150,5270,129
OTP,0,20101213,092150,5270,40
OTP,0,20101213,092150,5270,20
MTELEKOM,0,20101213,092154,534,394
MTELEKOM,0,20101213,092156,533,500
MTELEKOM,0,20101213,092156,533,300
OTP,0,20101213,092205,5270,16
MOL,0,20101213,092205,19600,6
OTP,0,20101213,092215,5273,200
OTP,0,20101213,092215,5273,22
OTP,0,20101213,092215,5274,38
RABA,0,20101213,092221,818,100
OTP,0,20101213,092237,5273,40
OTP,0,20101213,092237,5273,617
EGIS,0,20101213,092241,20400,12
OTP,0,20101213,092252,5273,43
OTP,0,20101213,092252,5273,220
OTP,0,20101213,092252,5274,462
OTP,0,20101213,092252,5274,370
OTP,0,20101213,092301,5274,70
MTELEKOM,0,20101213,092302,534,255
MTELEKOM,0,20101213,092305,534,50
BUX1012,0,20101213,092311,21551,1
RICHTER,0,20101213,092326,43330,30
OTP,0,20101213,092342,5272,25
BUX1012,0,20101213,092344,21551,1
BUX1012,0,20101213,092345,21579,1
BUX1012,0,20101213,092345,21580,2
OTP,0,20101213,092410,5271,200
OTP,0,20101213,092410,5271,496
OTP,0,20101213,092418,5270,200
RABA,0,20101213,092418,814,648
OTP,0,20101213,092419,5270,216
PHYLAXIA,0,20101213,092437,45,1500
PHYLAXIA,0,20101213,092437,45,500
OTP,0,20101213,092441,5257,30
OTP,0,20101213,092441,5257,363
BUX1012,0,20101213,092506,21569,1
BUX1012,0,20101213,092506,21570,2
OTP,0,20101213,092545,5252,42
OTP,0,20101213,092603,5257,100
OTP,0,20101213,092603,5260,200
OTP,0,20101213,092603,5269,80
OTP,0,20101213,092604,5252,18
RICHTER,0,20101213,092610,43330,18
BUX1012,0,20101213,092616,21552,1
SYNERGON,0,20101213,092624,504,52
SYNERGON,0,20101213,092624,504,50
OTP,0,20101213,092639,5257,30
BUX1012,0,20101213,092641,21555,1
BUX1012,0,20101213,092645,21551,1
BUX1012,0,20101213,092645,21545,1
MOL,0,20101213,092650,19610,5
OTP,0,20101213,092650,5253,17
PHYLAXIA,0,20101213,092705,45,2500
PHYLAXIA,0,20101213,092705,45,10
PHYLAXIA,0,20101213,092705,45,4090
OTP,0,20101213,092712,5253,313
OTP,0,20101213,092713,5252,20
OTP,0,20101213,092713,5251,380
OTP,0,20101213,092723,5253,500
OTP,0,20101213,092736,5253,22
FHB,0,20101213,092739,990,2
FHB,0,20101213,092739,990,100
MTELEKOM,0,20101213,092802,534,256
RICHTER,0,20101213,092804,43330,2
KEG,0,20101213,092832,146,50
KEG,0,20101213,092832,146,500
BUX1012,0,20101213,092839,21545,1
OTP,0,20101213,092854,5253,10
OTP,0,20101213,092854,5253,122
OTP,0,20101213,092854,5251,20
OTP,0,20101213,092854,5250,148
FHB,0,20101213,092903,990,100
BUX1012,0,20101213,092913,21536,1
OTP,0,20101213,092917,5250,62
OTP,0,20101213,092917,5250,100
OTP,0,20101213,092917,5250,50
OTP,0,20101213,092917,5250,164
MOL,0,20101213,092921,19610,6
RABA,0,20101213,092927,813,65
PHYLAXIA,0,20101213,092938,45,1000
OTP,0,20101213,092955,5250,100
OTP,0,20101213,093009,5249,30
OTP,0,20101213,093010,5250,20
OTP,0,20101213,093018,5251,189
PANNERGY,0,20101213,093020,863,20
PANNERGY,0,20101213,093020,863,10
PANNERGY,0,20101213,093020,862,25
OTP,0,20101213,093021,5244,100
OTP,0,20101213,093024,5245,19
OTP,0,20101213,093029,5244,10
OTP,0,20101213,093029,5243,80
OTP,0,20101213,093029,5242,10
OTP,0,20101213,093036,5244,100
OTP,0,20101213,093036,5245,1
OTP,0,20101213,093036,5250,399
MTELEKOM,0,20101213,093038,534,100
OTP,0,20101213,093038,5250,500
OTP,0,20101213,093040,5242,190
OTP,0,20101213,093040,5242,80
OTP,0,20101213,093043,5250,500
RABA,0,20101213,093044,813,85
RABA,0,20101213,093044,812,295
RABA,0,20101213,093044,811,200
RABA,0,20101213,093044,810,97
RICHTER,0,20101213,093046,43315,1
OTP,0,20101213,093051,5245,500
OTP,0,20101213,093055,5250,412
OTP,0,20101213,093055,5250,88
OTP,0,20101213,093102,5242,1
RICHTER,0,20101213,093122,43315,2
BUX1012,0,20101213,093128,21523,5
BUX1012,0,20101213,093128,21522,5
MOL,0,20101213,093135,19610,6
OTP,0,20101213,093135,5242,16
BUX1012,0,20101213,093136,21520,1
BUX1012,0,20101213,093136,21516,2
BUX1012,0,20101213,093136,21516,7
BUX1012,0,20101213,093136,21515,1
BUX1012,0,20101213,093136,21512,1
BUX1012,0,20101213,093136,21511,5
BUX1012,0,20101213,093136,21510.5,9
BUX1012,0,20101213,093136,21510,10
BUX1012,0,20101213,093136,21506,1
BUX1012,0,20101213,093136,21505,3
BUX1012,0,20101213,093136,21503,1
BUX1012,0,20101213,093136,21501,1
BUX1012,0,20101213,093136,21501,10
BUX1012,0,20101213,093136,21500,59
BUX1012,0,20101213,093136,21500,5
BUX1012,0,20101213,093136,21500,1
BUX1012,0,20101213,093136,21499,1
BUX1012,0,20101213,093136,21499,2
BUX1012,0,20101213,093136,21499,2
BUX1012,0,20101213,093136,21499,3
BUX1012,0,20101213,093136,21499,5
BUX1012,0,20101213,093143,21499,1
RICHTER,0,20101213,093151,43315,4
OTP,0,20101213,093158,5242,94
OTP,0,20101213,093158,5242,36
BUX1012,0,20101213,093201,21485,1
BUX1012,0,20101213,093201,21477,1
BUX1012,0,20101213,093201,21477,2
BUX1012,0,20101213,093201,21476,1
MOL,0,20101213,093205,19630,64
OTP,0,20101213,093214,5242,464
OTP,0,20101213,093214,5242,334
OTP,0,20101213,093214,5241,30
OTP,0,20101213,093214,5240,500
OTP,0,20101213,093214,5240,400
BUX1012,0,20101213,093225,21480,1
OTP,0,20101213,093230,5237,100
OTP,0,20101213,093230,5237,212
RICHTER,0,20101213,093236,43315,3
RICHTER,0,20101213,093236,43310,10
RICHTER,0,20101213,093236,43300,5
RICHTER,0,20101213,093236,43300,2
OTP,0,20101213,093240,5236,100
BUX1012,0,20101213,093241,21499,16
BUX1012,0,20101213,093241,21499,24
RICHTER,0,20101213,093246,43300,48
BUX1012,0,20101213,093250,21481,8
BUX1012,0,20101213,093250,21480,3
BUX1012,0,20101213,093250,21476,9
BUX1012,0,20101213,093250,21476,2
BUX1012,0,20101213,093250,21475,30
OTP,0,20101213,093250,5242,20
BUX1012,0,20101213,093253,21470,4
BUX1012,0,20101213,093253,21475,9
BUX1012,0,20101213,093258,21480,16
BUX1012,0,20101213,093301,21499,4
MTELEKOM,0,20101213,093302,534,255
EGIS,0,20101213,093309,20380,22
EGIS,0,20101213,093309,20380,22
BUX1012,0,20101213,093315,21475,4
BUX1012,0,20101213,093315,21475,2
MOL,0,20101213,093320,19680,16
OTP,0,20101213,093323,5248,63
OTP,0,20101213,093335,5242,10
OTP,0,20101213,093335,5240,500
OTP,0,20101213,093340,5240,90
OTP,0,20101213,093357,5240,14
OTP,0,20101213,093402,5241,70
OTP,0,20101213,093402,5240,30
OTP,0,20101213,093413,5240,1
OTP,0,20101213,093415,5240,7
BUX1012,0,20101213,093419,21470,2
BUX1012,0,20101213,093424,21470,5
MOL,0,20101213,093425,19615,13
MOL,0,20101213,093425,19610,21
MTELEKOM,0,20101213,093429,533,1000
BUX1012,0,20101213,093431,21475,1
BUX1012,0,20101213,093445,21475,2
BUX1012,0,20101213,093449,21480,8
FOTEX,0,20101213,093458,402,100
FOTEX,0,20101213,093458,402,37
FOTEX,0,20101213,093458,401,291
MOL,0,20101213,093500,19610,12
MOL,0,20101213,093500,19610,5
MOL,0,20101213,093500,19605,1
MOL,0,20101213,093500,19605,20
MOL,0,20101213,093500,19600,12
RICHTER,0,20101213,093514,43250,3
RICHTER,0,20101213,093514,43230,45
BUX1012,0,20101213,093518,21605,17
BUX1012,0,20101213,093518,21605,100
MOL,0,20101213,093519,19600,48
MTELEKOM,0,20101213,093523,534,500
ANY,0,20101213,093540,722,80
RABA,0,20101213,093551,810,103
RABA,0,20101213,093551,809,97
BUX1012,0,20101213,093617,21471,3
BUX1012,0,20101213,093617,21470,2
OTP,0,20101213,093621,5241,16
MOL,0,20101213,093621,19600,5
MTELEKOM,0,20101213,093627,533,200
MTELEKOM,0,20101213,093628,533,800
MTELEKOM,0,20101213,093628,533,800
MTELEKOM,0,20101213,093628,533,1400
PANNERGY,0,20101213,093635,862,100
MOL,0,20101213,093645,19600,30
RICHTER,0,20101213,093645,43230,5
RICHTER,0,20101213,093645,43220,17
BUX1012,0,20101213,093652,21480,1
RICHTER,0,20101213,093701,43220,100
OTP,0,20101213,093712,5241,34
OTP,0,20101213,093712,5241,136
BUX1012,0,20101213,093717,21480,1
RICHTER,0,20101213,093719,43220,50
RABA,0,20101213,093719,809,108
RABA,0,20101213,093719,808,592
MOL,0,20101213,093722,19600,20
OTP,0,20101213,093725,5241,130
MOL,0,20101213,093743,19600,18
MOL,0,20101213,093743,19600,2
MOL,0,20101213,093743,19600,10
OTP,0,20101213,093755,5241,2
RICHTER,0,20101213,093756,43220,50
MTELEKOM,0,20101213,093802,534,255
RICHTER,0,20101213,093806,43220,33
PANNERGY,0,20101213,093814,861,100
OTP,0,20101213,093821,5241,40
OTP,0,20101213,093828,5245,10
EMASZ,0,20101213,093828,20800,93
BUX1012,0,20101213,093834,21490,3
BUX1012,0,20101213,093847,21480,1
BUX1012,0,20101213,093847,21472,2
OTP,0,20101213,093853,5245,50
RFV,0,20101213,093906,8180,11
OTP,0,20101213,093914,5245,133
OTP,0,20101213,093957,5249,3
OTP,0,20101213,093957,5250,3
OTP,0,20101213,094006,5245,13
OTP,0,20101213,094006,5242,7
OTP,0,20101213,094017,5245,50
OTP,0,20101213,094021,5246,116
OTP,0,20101213,094031,5242,1
BUX1012,0,20101213,094041,21605,27
OTP,0,20101213,094053,5249,90
OTP,0,20101213,094053,5250,297
OTP,0,20101213,094053,5250,14
OTP,0,20101213,094053,5250,99
OTP,0,20101213,094054,5250,500
OTP,0,20101213,094056,5250,401
OTP,0,20101213,094056,5250,42
OTP,0,20101213,094056,5250,50
OTP,0,20101213,094056,5250,7
BUX1012,0,20101213,094105,21480,1
MOL,0,20101213,094105,19600,6
OTP,0,20101213,094105,5242,17
OTP,0,20101213,094107,5250,93
OTP,0,20101213,094107,5250,100
EGIS,0,20101213,094113,20235,6
OTP,0,20101213,094123,5250,165
OTP,0,20101213,094123,5243,5
BUX1012,0,20101213,094125,21490,12
BUX1012,0,20101213,094125,21490,10
PHYLAXIA,0,20101213,094142,45,2000
BUX1012,0,20101213,094143,21495,5
BUX1012,0,20101213,094143,21499,2
BUX1012,0,20101213,094143,21500,3
MTELEKOM,0,20101213,094148,534,1784
MTELEKOM,0,20101213,094210,533,357
MTELEKOM,0,20101213,094210,533,200
MTELEKOM,0,20101213,094210,533,255
MTELEKOM,0,20101213,094210,533,1691
MTELEKOM,0,20101213,094210,533,600
MTELEKOM,0,20101213,094210,533,2000
RABA,0,20101213,094212,808,100
PANNERGY,0,20101213,094213,870,125
PANNERGY,0,20101213,094213,870,734
BUX1012,0,20101213,094214,21481,2
BUX1012,0,20101213,094221,21500,5
BUX1012,0,20101213,094221,21481,1
BUX1012,0,20101213,094221,21480,4
MTELEKOM,0,20101213,094222,534,413
OTP,0,20101213,094231,5250,200
MOL,0,20101213,094243,19650,1
MOL,0,20101213,094243,19670,14
BUX1012,0,20101213,094247,21510,1
MTELEKOM,0,20101213,094253,533,13
OTP,0,20101213,094255,5254,57
MOL,0,20101213,094302,19605,25
MTELEKOM,0,20101213,094302,533,256
MTELEKOM,0,20101213,094321,532,300
RICHTER,0,20101213,094324,43220,24
BUX1012,0,20101213,094341,21500,2
OTP,0,20101213,094358,5251,18
OTP,0,20101213,094359,5254,43
OTP,0,20101213,094359,5255,157
BUX1012,0,20101213,094403,21500,3
RICHTER,0,20101213,094420,43250,2
BUX1012,0,20101213,094439,21508,1
BUX1012,0,20101213,094439,21510,14
BUX1012,0,20101213,094449,21500,2
OTP,0,20101213,094449,5251,32
OTP,0,20101213,094449,5251,167
OTP,0,20101213,094449,5250,1
MOL,0,20101213,094511,19670,3
OTP,0,20101213,094525,5250,249
OTP,0,20101213,094525,5250,191
OTP,0,20101213,094525,5250,60
RICHTER,0,20101213,094530,43220,10
MTELEKOM,0,20101213,094535,533,1000
EGIS,0,20101213,094537,20300,24
BUX1012,0,20101213,094541,21501,10
BUX1012,0,20101213,094541,21501,1
BUX1012,0,20101213,094541,21501,9
OTP,0,20101213,094544,5250,200
OTP,0,20101213,094550,5250,16
MOL,0,20101213,094550,19600,5
EGIS,0,20101213,094555,20295,5
KEG,0,20101213,094608,146,150
OTP,0,20101213,094615,5255,43
OTP,0,20101213,094615,5255,200
SYNERGON,0,20101213,094624,496,85
MTELEKOM,0,20101213,094625,533,100
OTP,0,20101213,094644,5255,200
MTELEKOM,0,20101213,094703,533,631
MTELEKOM,0,20101213,094703,533,1032
BUX1012,0,20101213,094707,21505,7
BUX1012,0,20101213,094707,21505,1
BUX1012,0,20101213,094707,21502,10
BUX1012,0,20101213,094707,21501,6
BUX1012,0,20101213,094707,21501,4
BUX1012,0,20101213,094707,21500,7
OTP,0,20101213,094736,5255,460
MTELEKOM,0,20101213,094738,533,999
BUX1012,0,20101213,094746,21529,1
BUX1012,0,20101213,094746,21530,4
BUX1012,0,20101213,094746,21535,10
BUX1012,0,20101213,094746,21539,90
BUX1012,0,20101213,094746,21490,1
OTP,0,20101213,094756,5260,100
OTP,0,20101213,094756,5260,20
OTP,0,20101213,094756,5260,200
OTP,0,20101213,094756,5265,10
MTELEKOM,0,20101213,094800,533,1000
ORC,0,20101213,094801,2015,20
ORC,0,20101213,094801,2015,67
MTELEKOM,0,20101213,094802,533,255
MOL,0,20101213,094909,19600,9
MOL,0,20101213,094909,19600,11
EGIS,0,20101213,094921,20295,15
EGIS,0,20101213,094921,20295,26
OTP,0,20101213,094929,5262,28
OTP,0,20101213,094929,5256,95
MTELEKOM,0,20101213,094944,532,700
MTELEKOM,0,20101213,094944,532,1000
MTELEKOM,0,20101213,094944,532,200
MTELEKOM,0,20101213,094944,532,500
MTELEKOM,0,20101213,094944,532,1000
MTELEKOM,0,20101213,094944,532,700
MTELEKOM,0,20101213,094944,532,150
MTELEKOM,0,20101213,094944,532,193
MTELEKOM,0,20101213,094944,532,1000
MTELEKOM,0,20101213,094944,532,1000
MTELEKOM,0,20101213,094944,532,1643
MTELEKOM,0,20101213,094944,532,5000
MTELEKOM,0,20101213,094944,532,126
MTELEKOM,0,20101213,094944,532,2000
EGIS,0,20101213,094945,20215,10
EGIS,0,20101213,094945,20210,10
EGIS,0,20101213,094945,20205,4
MTELEKOM,0,20101213,094946,532,180
MTELEKOM,0,20101213,094950,532,1071
MTELEKOM,0,20101213,094952,531,180
BUX1012,0,20101213,095003,21500,1
BUX1012,0,20101213,095003,21500,2
MTELEKOM,0,20101213,095003,534,50
BUX1012,0,20101213,095005,21500,42
MTELEKOM,0,20101213,095006,534,130
MOL,0,20101213,095007,19650,3
EGIS,0,20101213,095011,20205,46
EGIS,0,20101213,095011,20200,20
OTP,0,20101213,095035,5256,16
MOL,0,20101213,095035,19650,5
MOL,0,20101213,095037,19670,67
MOL,0,20101213,095037,19675,37
MOL,0,20101213,095037,19685,50
MOL,0,20101213,095037,19685,10
MOL,0,20101213,095037,19690,240
MOL,0,20101213,095037,19690,30
MOL,0,20101213,095037,19695,5
MOL,0,20101213,095037,19700,31
MOL,0,20101213,095037,19700,30
MOL,0,20101213,095038,19700,120
MOL,0,20101213,095038,19700,61
MOL,0,20101213,095038,19700,319
BUX1012,0,20101213,095038,21499,1
BUX1012,0,20101213,095038,21500,9
MOL,0,20101213,095040,19700,121
MOL,0,20101213,095040,19700,5
MOL,0,20101213,095040,19700,100
BUX1012,0,20101213,095044,21500,10
BUX1012,0,20101213,095046,21500,25
BUX1012,0,20101213,095052,21605,19
BUX1012,0,20101213,095053,21500,14
OTP,0,20101213,095158,5260,500
BUX1012,0,20101213,095213,21503,1
OTP,0,20101213,095217,5260,147
OTP,0,20101213,095219,5261,8
OTP,0,20101213,095219,5262,147
OTP,0,20101213,095219,5265,95
MOL,0,20101213,095233,19750,21
OTP,0,20101213,095248,5265,50
OTP,0,20101213,095259,5261,128
MTELEKOM,0,20101213,095302,534,255
PANNUNION,0,20101213,095307,147,588
MOL,0,20101213,095320,19750,3
OTP,0,20101213,095343,5260,8
BUX1012,0,20101213,095347,21538,5
BUX1012,0,20101213,095347,21539,10
BUX1012,0,20101213,095347,21540,7
BUX1012,0,20101213,095353,21510,1
FHB,0,20101213,095357,990,74
FHB,0,20101213,095357,990,26
OTP,0,20101213,095411,5261,77
MOL,0,20101213,095415,19705,10
MOL,0,20101213,095415,19700,20
BUX1012,0,20101213,095424,21510.5,1
BUX1012,0,20101213,095426,21510.5,2
BUX1012,0,20101213,095428,21510.5,2
OTP,0,20101213,095447,5260,10
EGIS,0,20101213,095448,20290,20
EGIS,0,20101213,095448,20295,43
EGIS,0,20101213,095448,20300,32
BUX1012,0,20101213,095450,21510.5,2
BUX1012,0,20101213,095450,21510,3
MOL,0,20101213,095455,19700,96
OTP,0,20101213,095503,5260,458
OTP,0,20101213,095503,5260,575
OTP,0,20101213,095503,5260,300
MOL,0,20101213,095508,19700,20
OTP,0,20101213,095516,5255,1
BUX1012,0,20101213,095540,21511.5,1
FHB,0,20101213,095549,987,4
FHB,0,20101213,095549,986,100
OTP,0,20101213,095552,5255,539
OTP,0,20101213,095552,5255,107
OTP,0,20101213,095605,5252,20
ORC,0,20101213,095607,2000,50
BUX1012,0,20101213,095609,21510.5,1
OTP,0,20101213,095613,5255,640
OTP,0,20101213,095633,5252,310
OTP,0,20101213,095633,5252,222
OTP,0,20101213,095638,5250,224
OTP,0,20101213,095638,5250,500
OTP,0,20101213,095642,5243,5
OTP,0,20101213,095642,5241,5
MOL,0,20101213,095707,19700,12
OTP,0,20101213,095709,5250,276
OTP,0,20101213,095709,5250,224
OTP,0,20101213,095712,5250,500
OTP,0,20101213,095714,5250,500
OTP,0,20101213,095715,5250,776
OTP,0,20101213,095715,5255,15
OTP,0,20101213,095716,5250,500
RICHTER,0,20101213,095724,43220,10
RICHTER,0,20101213,095724,43200,15
OTP,0,20101213,095747,5250,200
RICHTER,0,20101213,095801,43200,42
MTELEKOM,0,20101213,095802,534,256
OTP,0,20101213,095812,5250,30
RFV,0,20101213,095816,8150,20
RFV,0,20101213,095816,8140,30
OTP,0,20101213,095825,5250,500
SYNERGON,0,20101213,095837,496,15
SYNERGON,0,20101213,095837,495,325
OTP,0,20101213,095840,5250,300
GENESIS,0,20101213,095842,227,200
GENESIS,0,20101213,095842,226,222
GENESIS,0,20101213,095842,226,426
GENESIS,0,20101213,095842,225,500
GENESIS,0,20101213,095842,225,500
OTP,0,20101213,095856,5250,970
OTP,0,20101213,095856,5250,25
OTP,0,20101213,095918,5250,316
OTP,0,20101213,095918,5250,154
OTP,0,20101213,095918,5250,500
BUX1012,0,20101213,095922,21511,5
OTP,0,20101213,095925,5250,500
BUX1012,0,20101213,095931,21510,6
BUX1012,0,20101213,095931,21506.5,1
BUX1012,0,20101213,095931,21506,18
BUX1012,0,20101213,095931,21504,15
BUX1012,0,20101213,095931,21502,1
BUX1012,0,20101213,095931,21500,2
BUX1012,0,20101213,095931,21500,5
BUX1012,0,20101213,095931,21500,15
BUX1012,0,20101213,095931,21500,15
OTP,0,20101213,095939,5250,500
RICHTER,0,20101213,095947,43250,10
RICHTER,0,20101213,095947,43250,6
OTP,0,20101213,095951,5250,500
OTP,0,20101213,095951,5250,199
OTP,0,20101213,100001,5250,301
OTP,0,20101213,100001,5250,500
OTP,0,20101213,100001,5250,500
MOL,0,20101213,100005,19700,7
GENESIS,0,20101213,100012,225,2152
OTP,0,20101213,100015,5250,197
RICHTER,0,20101213,100029,43250,1
OTP,0,20101213,100042,5250,679
OTP,0,20101213,100042,5250,500
OTP,0,20101213,100042,5250,500
OTP,0,20101213,100042,5250,500
OTP,0,20101213,100057,5250,500
OTP,0,20101213,100058,5250,500
OTP,0,20101213,100059,5250,500
OTP,0,20101213,100100,5250,500
RABA,0,20101213,100111,812,10
OTP,0,20101213,100118,5250,150
MOL,0,20101213,100118,19700,119
MOL,0,20101213,100118,19700,226
FHB,0,20101213,100127,985,250
FHB,0,20101213,100127,985,40
ECONET,0,20101213,100144,94,4200
ECONET,0,20101213,100144,94,500
ECONET,0,20101213,100144,94,500
ECONET,0,20101213,100144,94,4100
ECONET,0,20101213,100144,94,3000
ECONET,0,20101213,100144,94,2700
OTP,0,20101213,100225,5245,400
MTELEKOM,0,20101213,100229,533,100
MTELEKOM,0,20101213,100229,533,1000
MTELEKOM,0,20101213,100229,533,500
MTELEKOM,0,20101213,100229,533,300
FHB,0,20101213,100240,985,38
GENESIS,0,20101213,100240,224,1032
GENESIS,0,20101213,100240,223,1200
GENESIS,0,20101213,100240,223,768
OTP,0,20101213,100240,5250,500
OTP,0,20101213,100245,5250,171
OTP,0,20101213,100245,5250,79
OTP,0,20101213,100254,5250,23
OTP,0,20101213,100254,5250,400
OTP,0,20101213,100300,5250,193
MTELEKOM,0,20101213,100302,534,255
OTP,0,20101213,100310,5250,25
OTP,0,20101213,100319,5249,50
OTP,0,20101213,100323,5245,55
OTP,0,20101213,100329,5246,245
BUX1012,0,20101213,100330,21510,3
MTELEKOM,0,20101213,100350,533,1000
ECONET,0,20101213,100412,94,1100
OTP,0,20101213,100413,5246,150
MOL,0,20101213,100413,19700,150
MOL,0,20101213,100416,19700,60
MOL,0,20101213,100425,19705,500
MOL,0,20101213,100426,19705,500
OTP,0,20101213,100456,5248,95
GENESIS,0,20101213,100504,224,100
ECONET,0,20101213,100513,94,1200
EGIS,0,20101213,100528,20300,27
KEG,0,20101213,100549,146,170
KEG,0,20101213,100549,146,550
KEG,0,20101213,100549,146,280
MOL,0,20101213,100554,19700,81
ECONET,0,20101213,100609,94,2000
BUX1012,0,20101213,100637,21605,10
BUX1012,0,20101213,100637,21605,60
OTP,0,20101213,100646,5245,45
OTP,0,20101213,100646,5245,5
ECONET,0,20101213,100659,94,1150
OTP,0,20101213,100659,5248,100
BUX1012,0,20101213,100735,21508,1
GENESIS,0,20101213,100748,223,600
MTELEKOM,0,20101213,100802,534,255
OTP,0,20101213,100804,5245,1
MTELEKOM,0,20101213,100808,534,250
MTELEKOM,0,20101213,100825,534,100
FHB,0,20101213,100826,986,100
OTP,0,20101213,100827,5245,40
MTELEKOM,0,20101213,100839,534,900
ECONET,0,20101213,100844,94,1850
FHB,0,20101213,100852,985,11
OTP,0,20101213,100909,5246,90
MTELEKOM,0,20101213,100933,534,99
MOL,0,20101213,100950,19700,9
MOL,0,20101213,100950,19700,325
MOL,0,20101213,101039,19700,2
MOL,0,20101213,101053,19700,216
EGIS,0,20101213,101053,20300,30
PHYLAXIA,0,20101213,101110,45,4304
PHYLAXIA,0,20101213,101110,45,100
PHYLAXIA,0,20101213,101110,45,200
PHYLAXIA,0,20101213,101110,45,396
OTP,0,20101213,101151,5246,10
GENESIS,0,20101213,101155,223,132
GENESIS,0,20101213,101155,223,168
OTP,0,20101213,101215,5248,5
GSPARK,0,20101213,101222,780,49
MOL,0,20101213,101236,19655,80
MTELEKOM,0,20101213,101302,535,255
BUX1012,0,20101213,101325,21605,25
OTP,0,20101213,101336,5249,450
OTP,0,20101213,101336,5249,500
OTP,0,20101213,101336,5250,782
OTP,0,20101213,101336,5250,5000
OTP,0,20101213,101336,5250,5
OTP,0,20101213,101336,5250,135
BUX1012,0,20101213,101347,21513,5
BOOK,0,20101213,101357,509,54
BOOK,0,20101213,101357,510,46
OTP,0,20101213,101430,5252,303
OTP,0,20101213,101430,5250,128
OTP,0,20101213,101430,5250,50
OTP,0,20101213,101442,5250,1211
OTP,0,20101213,101447,5250,3308
OTP,0,20101213,101503,5250,5000
BUX1012,0,20101213,101512,21527,3
BUX1012,0,20101213,101525,21528,5
BUX1012,0,20101213,101528,21528,2
MTELEKOM,0,20101213,101610,535,1641
RABA,0,20101213,101643,809,780
ECONET,0,20101213,101716,94,1000
ECONET,0,20101213,101716,94,1000
BUX1012,0,20101213,101718,21605,25
BUX1012,0,20101213,101718,21605,10
BUX1012,0,20101213,101718,21605,3
BUX1012,0,20101213,101731,21605,25
OTP,0,20101213,101733,5251,330
OTP,0,20101213,101733,5251,58
OTP,0,20101213,101744,5251,10
EGIS,0,20101213,101744,20300,28
BUX1012,0,20101213,101747,21525,1
BUX1012,0,20101213,101748,21605,25
MTELEKOM,0,20101213,101802,535,256
OTP,0,20101213,101807,5251,120
ECONET,0,20101213,101812,94,358
RICHTER,0,20101213,101842,43450,10
RICHTER,0,20101213,101842,43450,10
OTP,0,20101213,101850,5251,10
BUX1012,0,20101213,101857,21530,1
EGIS,0,20101213,101938,20300,33
MTELEKOM,0,20101213,102012,535,100
MOL,0,20101213,102022,19700,105
BUX1012,0,20101213,102041,21605,13
MOL,0,20101213,102113,19700,238
BUX1012,0,20101213,102120,21530,29
BUX1012,0,20101213,102120,21540,3
BUX1012,0,20101213,102120,21544,7
BUX1012,0,20101213,102120,21545,10
BUX1012,0,20101213,102120,21548,1
BUX1012,0,20101213,102120,21548,2
BUX1012,0,20101213,102120,21548,5
BUX1012,0,20101213,102120,21549,10
BUX1012,0,20101213,102120,21550,15
BUX1012,0,20101213,102120,21550,2
BUX1012,0,20101213,102120,21550,2
MOL,0,20101213,102139,19700,592
MTELEKOM,0,20101213,102149,535,248
BUX1012,0,20101213,102150,21556,1
BUX1012,0,20101213,102150,21558,24
BUX1012,0,20101213,102206,21525,1
BUX1012,0,20101213,102223,21520,2
OTP,0,20101213,102226,5252,65
OTP,0,20101213,102226,5252,468
OTP,0,20101213,102226,5250,500
OTP,0,20101213,102226,5250,334
OTP,0,20101213,102226,5250,26
OTP,0,20101213,102226,5250,500
OTP,0,20101213,102226,5250,500
OTP,0,20101213,102226,5250,107
OTP,0,20101213,102237,5250,393
OTP,0,20101213,102237,5250,107
OTP,0,20101213,102240,5250,393
OTP,0,20101213,102240,5250,107
MTELEKOM,0,20101213,102302,536,255
ORC,0,20101213,102321,2010,32
OTP,0,20101213,102321,5254,100
OTP,0,20101213,102321,5255,1
OTP,0,20101213,102321,5259,101
OTP,0,20101213,102321,5260,60
OTP,0,20101213,102321,5260,880
OTP,0,20101213,102321,5260,100
OTP,0,20101213,102321,5260,274
MTELEKOM,0,20101213,102334,535,500
ECONET,0,20101213,102340,94,42
ECONET,0,20101213,102340,93,1058
BUX1012,0,20101213,102345,21560,4
BUX1012,0,20101213,102345,21560,1
EGIS,0,20101213,102348,20300,26
EGIS,0,20101213,102348,20300,5
OTP,0,20101213,102358,5262,45
MOL,0,20101213,102400,19700,8
MOL,0,20101213,102400,19700,250
MOL,0,20101213,102400,19700,192
BUX1012,0,20101213,102402,21568,2
BUX1012,0,20101213,102402,21580,8
BUX1012,0,20101213,102402,21580,1
BUX1012,0,20101213,102402,21589,5
BUX1012,0,20101213,102402,21590,9
BUX1012,0,20101213,102402,21590,2
BUX1012,0,20101213,102408,21605,1
FHB,0,20101213,102412,986,100
MTELEKOM,0,20101213,102415,536,1730
EGIS,0,20101213,102419,20300,20
BUX1012,0,20101213,102421,21583,10
BUX1012,0,20101213,102421,21584,15
OTP,0,20101213,102427,5265,100
ECONET,0,20101213,102428,95,1
ANY,0,20101213,102433,730,450
OTP,0,20101213,102434,5261,50
OTP,0,20101213,102434,5261,200
BUX1012,0,20101213,102436,21583,2
OTP,0,20101213,102445,5261,528
ANY,0,20101213,102517,733,30
ANY,0,20101213,102517,735,49
ANY,0,20101213,102517,738,20
ANY,0,20101213,102517,742,300
OTP,0,20101213,102525,5266,2
OTP,0,20101213,102525,5266,253
EGIS,0,20101213,102554,20350,19
EGIS,0,20101213,102636,20350,6
EGIS,0,20101213,102636,20395,15
OTP,0,20101213,102657,5261,15
MTELEKOM,0,20101213,102736,535,872
MTELEKOM,0,20101213,102736,535,1000
MTELEKOM,0,20101213,102736,535,1681
OTP,0,20101213,102744,5265,10
OTP,0,20101213,102744,5265,5
OTP,0,20101213,102752,5261,370
MTELEKOM,0,20101213,102802,536,255
MOL,0,20101213,102812,19700,50
ECONET,0,20101213,102827,94,138
OTP,0,20101213,102835,5263,153
ANY,0,20101213,102846,742,563
EGIS,0,20101213,102904,20400,8
OTP,0,20101213,102919,5265,96
FHB,0,20101213,102930,986,400
EGIS,0,20101213,102939,20400,22
EGIS,0,20101213,102939,20400,12
OTP,0,20101213,103018,5266,4
MOL,0,20101213,103036,19700,8
OTP,0,20101213,103058,5265,14
MOL,0,20101213,103112,19700,12
FHB,0,20101213,103129,986,200
MOL,0,20101213,103146,19705,500
MOL,0,20101213,103147,19705,500
FHB,0,20101213,103156,986,96
FHB,0,20101213,103156,986,104
ANY,0,20101213,103211,743,55
ANY,0,20101213,103211,743,105
FHB,0,20101213,103216,986,150
FHB,0,20101213,103232,986,16
RFV,0,20101213,103235,8140,3
PANNERGY,0,20101213,103247,868,100
MOL,0,20101213,103251,19700,5000
BUX1012,0,20101213,103252,21575,5
BUX1012,0,20101213,103252,21578,5
BUX1012,0,20101213,103252,21580,5
BUX1012,0,20101213,103252,21584,4
BUX1012,0,20101213,103252,21585,50
BUX1012,0,20101213,103252,21590,31
OTP,0,20101213,103254,5265,193
MTELEKOM,0,20101213,103302,536,256
MOL,0,20101213,103315,19700,238
MOL,0,20101213,103315,19700,250
MOL,0,20101213,103315,19700,300
MOL,0,20101213,103315,19700,20
AAA,0,20101213,103320,200,300
OTP,0,20101213,103325,5265,206
MTELEKOM,0,20101213,103335,535,5115
OTP,0,20101213,103345,5265,222
MOL,0,20101213,103357,19700,300
OTP,0,20101213,103401,5265,10
OTP,0,20101213,103421,5265,75
OTP,0,20101213,103433,5263,37
OTP,0,20101213,103433,5263,363
OTP,0,20101213,103435,5263,7
OTP,0,20101213,103435,5263,243
OTP,0,20101213,103441,5263,238
OTP,0,20101213,103453,5260,30
MOL,0,20101213,103453,19700,200
EGIS,0,20101213,103501,20440,5
EGIS,0,20101213,103501,20440,18
EGIS,0,20101213,103508,20440,8
EGIS,0,20101213,103508,20435,6
EGIS,0,20101213,103520,20435,20
BUX1012,0,20101213,103533,21550,2
BUX1012,0,20101213,103533,21550,1
BUX1012,0,20101213,103533,21550,2
BUX1012,0,20101213,103547,21575,5
BUX1012,0,20101213,103547,21579,18
BUX1012,0,20101213,103547,21579,2
EMASZ,0,20101213,103550,21195,3
EMASZ,0,20101213,103550,21300,3
EMASZ,0,20101213,103550,21445,1
EMASZ,0,20101213,103550,21450,2
EGIS,0,20101213,103558,20435,6
MTELEKOM,0,20101213,103612,536,404
MTELEKOM,0,20101213,103612,536,321
PANNERGY,0,20101213,103621,863,1145
MOL,0,20101213,103641,19700,50
PHYLAXIA,0,20101213,103716,44,500
OTP,0,20101213,103721,5260,100
HUMET,0,20101213,103729,9,7500
HUMET,0,20101213,103729,9,12500
OTP,0,20101213,103752,5260,854
OTP,0,20101213,103752,5260,550
OTP,0,20101213,103801,5255,10
OTP,0,20101213,103801,5255,190
MTELEKOM,0,20101213,103802,536,255
BUX1012,0,20101213,103821,21550,1
OTP,0,20101213,103830,5255,107
OTP,0,20101213,103830,5252,330
OTP,0,20101213,103830,5251,1000
OTP,0,20101213,103830,5251,200
OTP,0,20101213,103830,5251,4
OTP,0,20101213,103830,5250,2393
OTP,0,20101213,103830,5250,966
OTP,0,20101213,103836,5250,500
OTP,0,20101213,103836,5250,300
OTP,0,20101213,103838,5250,200
BUX1012,0,20101213,103838,21550,1
RABA,0,20101213,103839,809,300
RABA,0,20101213,103839,808,68
RABA,0,20101213,103839,808,22
OTP,0,20101213,103844,5260,10
MTELEKOM,0,20101213,103848,536,24
MTELEKOM,0,20101213,103848,536,886
RABA,0,20101213,103904,816,10
OTP,0,20101213,103909,5260,10
OTP,0,20101213,103918,5250,300
OTP,0,20101213,103918,5250,733
OTP,0,20101213,103918,5250,1467
PHYLAXIA,0,20101213,103933,45,300
OTP,0,20101213,103950,5250,1033
OTP,0,20101213,103950,5250,467
ANY,0,20101213,103959,726,760
MOL,0,20101213,104022,19700,100
GSPARK,0,20101213,104041,790,200
EGIS,0,20101213,104045,20280,100
OTP,0,20101213,104053,5259,10
FHB,0,20101213,104057,986,25
FHB,0,20101213,104109,986,59
BUX1012,0,20101213,104152,21550,2
BUX1012,0,20101213,104154,21555,3
ORC,0,20101213,104234,2015,113
FHB,0,20101213,104236,986,580
MTELEKOM,0,20101213,104302,536,255
RABA,0,20101213,104406,810,70
RICHTER,0,20101213,104425,43450,8
MTELEKOM,0,20101213,104427,535,200
MTELEKOM,0,20101213,104427,535,1710
MTELEKOM,0,20101213,104427,535,1803
OTP,0,20101213,104433,5260,81
OTP,0,20101213,104433,5260,266
OTP,0,20101213,104433,5260,15
BUX1012,0,20101213,104459,21565,3
PHYLAXIA,0,20101213,104608,44,20
EMASZ,0,20101213,104623,20810,3
FHB,0,20101213,104624,985,11
FHB,0,20101213,104624,985,300
FHB,0,20101213,104624,985,100
FHB,0,20101213,104624,984,29
FHB,0,20101213,104626,984,41
OTP,0,20101213,104641,5264,275
OTP,0,20101213,104641,5264,360
OTP,0,20101213,104641,5265,726
OTP,0,20101213,104641,5265,600
MOL,0,20101213,104641,19700,200
MOL,0,20101213,104641,19700,300
MOL,0,20101213,104652,19700,4
OTP,0,20101213,104657,5265,7
BUX1012,0,20101213,104709,21540,3
PANNERGY,0,20101213,104725,863,100
PANNERGY,0,20101213,104725,863,50
PANNERGY,0,20101213,104725,862,61
PANNERGY,0,20101213,104725,862,789
RFV,0,20101213,104756,8140,7
RICHTER,0,20101213,104759,43450,22
RICHTER,0,20101213,104759,43450,3
MTELEKOM,0,20101213,104802,535,255
MOL,0,20101213,104842,19700,46
BUX1012,0,20101213,104847,21542,2
BUX1012,0,20101213,104847,21542,1
BUX1012,0,20101213,104847,21541,1
BUX1012,0,20101213,104850,21540,1
MOL,0,20101213,104901,19725,30
MOL,0,20101213,104901,19725,100
MOL,0,20101213,104901,19745,170
MOL,0,20101213,104902,19745,25
MOL,0,20101213,104902,19750,25
MOL,0,20101213,104902,19750,210
MOL,0,20101213,104902,19750,10
MOL,0,20101213,104902,19750,5
MOL,0,20101213,104902,19750,25
GENESIS,0,20101213,104919,225,80
EGIS,0,20101213,104944,20450,35
EGIS,0,20101213,104944,20450,2
OTP,0,20101213,105021,5265,20
OTP,0,20101213,105024,5265,12
OTP,0,20101213,105024,5265,3
OTP,0,20101213,105054,5266,8
OTP,0,20101213,105054,5266,5
OTP,0,20101213,105054,5268,250
OTP,0,20101213,105054,5269,67
OTP,0,20101213,105054,5269,120
BUX1012,0,20101213,105058,21583,10
BUX1012,0,20101213,105058,21584,5
BUX1012,0,20101213,105058,21585,50
BUX1012,0,20101213,105058,21587,1
BUX1012,0,20101213,105058,21590,44
BUX1012,0,20101213,105058,21594,1
BUX1012,0,20101213,105058,21595,1
BUX1012,0,20101213,105058,21595,2
BUX1012,0,20101213,105058,21598,1
BUX1012,0,20101213,105058,21600,10
BUX1012,0,20101213,105058,21600,10
BUX1012,0,20101213,105058,21600,15
BUX1012,0,20101213,105058,21600,10
BUX1012,0,20101213,105058,21600,10
BUX1012,0,20101213,105058,21600,1
BUX1012,0,20101213,105058,21600,2
BUX1012,0,20101213,105058,21600,1
BUX1012,0,20101213,105058,21600,1
BUX1012,0,20101213,105058,21600,5
OTP,0,20101213,105104,5269,313
OTP,0,20101213,105104,5269,150
OTP,0,20101213,105104,5270,80
OTP,0,20101213,105104,5270,600
OTP,0,20101213,105104,5270,357
BUX1012,0,20101213,105112,21605,1
BUX1012,0,20101213,105112,21605,1
BUX1012,0,20101213,105112,21625,7
BUX1012,0,20101213,105112,21638,1
MOL,0,20101213,105115,19720,104
BUX1012,0,20101213,105121,21600,18
BUX1012,0,20101213,105125,21600,2
OTP,0,20101213,105135,5270,1143
OTP,0,20101213,105136,5270,100
OTP,0,20101213,105136,5270,100
OTP,0,20101213,105156,5270,157
OTP,0,20101213,105156,5270,7
OTP,0,20101213,105156,5270,86
MTELEKOM,0,20101213,105157,535,3245
MTELEKOM,0,20101213,105157,535,1071
EGIS,0,20101213,105157,20450,8
EGIS,0,20101213,105157,20450,20
GENESIS,0,20101213,105157,228,630
MOL,0,20101213,105206,19720,46
OTP,0,20101213,105209,5270,232
OTP,0,20101213,105230,5270,6
EGIS,0,20101213,105240,20460,29
OTP,0,20101213,105244,5270,90
OTP,0,20101213,105244,5270,160
OTP,0,20101213,105252,5270,100
OTP,0,20101213,105300,5270,100
MTELEKOM,0,20101213,105302,536,256
EGIS,0,20101213,105314,20470,6
OTP,0,20101213,105327,5270,15
OTP,0,20101213,105347,5270,748
OTP,0,20101213,105347,5270,971
OTP,0,20101213,105348,5270,281
OTP,0,20101213,105348,5271,2
OTP,0,20101213,105348,5271,17
EGIS,0,20101213,105410,20475,1
EGIS,0,20101213,105412,20470,2
EGIS,0,20101213,105451,20470,33
OTP,0,20101213,105540,5265,12
OTP,0,20101213,105602,5260,260
MTELEKOM,0,20101213,105622,535,799
MTELEKOM,0,20101213,105622,535,1712
RABA,0,20101213,105624,812,12
OTP,0,20101213,105634,5260,57
PHYLAXIA,0,20101213,105642,45,300
FHB,0,20101213,105654,984,315
KEG,0,20101213,105712,145,27000
EGIS,0,20101213,105759,20450,5
MTELEKOM,0,20101213,105802,535,255
ANY,0,20101213,105811,742,55
ANY,0,20101213,105828,743,45
ANY,0,20101213,105828,744,55
ANY,0,20101213,105853,744,50
ANY,0,20101213,105914,744,895
ANY,0,20101213,105914,744,60
MOL,0,20101213,105957,19750,300
MTELEKOM,0,20101213,110056,534,101
MTELEKOM,0,20101213,110056,534,300
MTELEKOM,0,20101213,110056,534,165
MTELEKOM,0,20101213,110056,534,1535
PANNERGY,0,20101213,110106,865,100
MOL,0,20101213,110110,19750,300
MTELEKOM,0,20101213,110153,534,75
MTELEKOM,0,20101213,110153,535,40
MTELEKOM,0,20101213,110214,535,1205
MTELEKOM,0,20101213,110214,535,135
MTELEKOM,0,20101213,110232,535,250
OTP,0,20101213,110259,5258,60
MTELEKOM,0,20101213,110302,535,115
MTELEKOM,0,20101213,110302,535,140
OTP,0,20101213,110504,5260,80
OTP,0,20101213,110504,5258,90
OTP,0,20101213,110504,5255,30
RICHTER,0,20101213,110609,43400,1
OTP,0,20101213,110650,5264,1083
OTP,0,20101213,110650,5265,4988
OTP,0,20101213,110650,5265,2200
KEG,0,20101213,110656,146,150
ANY,0,20101213,110711,742,80
EGIS,0,20101213,110737,20450,25
EGIS,0,20101213,110749,20450,12
EGIS,0,20101213,110749,20445,1
MTELEKOM,0,20101213,110802,534,256
ANY,0,20101213,110827,742,80
MTELEKOM,0,20101213,110854,534,550
ANY,0,20101213,111003,742,75
TVK,0,20101213,111008,3415,120
BUX1012,0,20101213,111022,21575,1
BUX1012,0,20101213,111022,21572,1
BUX1012,0,20101213,111022,21571.5,1
BUX1012,0,20101213,111022,21571,1
BUX1012,0,20101213,111022,21570.5,1
BUX1012,0,20101213,111022,21570,1
BUX1012,0,20101213,111022,21567.5,2
BUX1012,0,20101213,111022,21565,3
OTP,0,20101213,111033,5267,50
BUX1012,0,20101213,111036,21562.5,4
BUX1012,0,20101213,111036,21560,5
BUX1012,0,20101213,111036,21557,2
BUX1012,0,20101213,111036,21556,1
BUX1012,0,20101213,111036,21554,10
BUX1012,0,20101213,111036,21553,3
BUX1012,0,20101213,111047,21553,7
BUX1012,0,20101213,111047,21553,2
BUX1012,0,20101213,111047,21553,1
BUX1012,0,20101213,111047,21551,4
EGIS,0,20101213,111057,20450,35
EGIS,0,20101213,111109,20450,10
BUX1012,0,20101213,111125,21551,1
BUX1012,0,20101213,111125,21551,49
EGIS,0,20101213,111135,20450,5
OTP,0,20101213,111202,5269,40
OTP,0,20101213,111205,5269,59
OTP,0,20101213,111243,5270,18
OTP,0,20101213,111244,5270,238
OTP,0,20101213,111252,5270,744
OTP,0,20101213,111252,5270,10
MTELEKOM,0,20101213,111302,534,255
OTP,0,20101213,111320,5271,57
OTP,0,20101213,111326,5270,88
OTP,0,20101213,111330,5270,250
BUX1012,0,20101213,111355,21580,5
ANY,0,20101213,111526,742,120
RICHTER,0,20101213,111550,43300,6
TVK,0,20101213,111621,3410,24
MTELEKOM,0,20101213,111629,533,1200
MTELEKOM,0,20101213,111629,533,500
OTP,0,20101213,111644,5271,226
MOL,0,20101213,111703,19750,297
MOL,0,20101213,111703,19750,300
MTELEKOM,0,20101213,111711,534,1086
OTP,0,20101213,111732,5272,50
MOL,0,20101213,111745,19750,200
MOL,0,20101213,111751,19750,50
MTELEKOM,0,20101213,111802,534,255
OTP,0,20101213,111824,5274,10
BUX1012,0,20101213,111843,21561,1
MOL,0,20101213,111844,19750,150
MOL,0,20101213,111848,19750,150
GENESIS,0,20101213,111849,229,500
OTP,0,20101213,111859,5274,300
MOL,0,20101213,111908,19750,150
MOL,0,20101213,111916,19750,20
MOL,0,20101213,111918,19750,208
EGIS,0,20101213,111921,20470,59
EGIS,0,20101213,111921,20470,50
EGIS,0,20101213,111921,20470,100
MOL,0,20101213,111922,19750,72
OTP,0,20101213,111927,5274,50
OTP,0,20101213,111953,5274,300
OTP,0,20101213,112031,5274,40
OTP,0,20101213,112031,5274,250
OTP,0,20101213,112031,5272,15
OTP,0,20101213,112031,5271,45
MTELEKOM,0,20101213,112031,534,180
OTP,0,20101213,112051,5275,200
OTP,0,20101213,112051,5275,66
OTP,0,20101213,112051,5275,34
OTP,0,20101213,112051,5275,32
PANNERGY,0,20101213,112052,866,178
OTP,0,20101213,112152,5275,966
OTP,0,20101213,112152,5275,50
OTP,0,20101213,112152,5275,984
EGIS,0,20101213,112154,20475,1
EGIS,0,20101213,112154,20475,35
OTP,0,20101213,112207,5272,40
MTELEKOM,0,20101213,112237,533,992
OTP,0,20101213,112246,5275,16
OTP,0,20101213,112246,5275,4
MOL,0,20101213,112255,19750,228
MTELEKOM,0,20101213,112302,534,255
OTP,0,20101213,112309,5273,140
RICHTER,0,20101213,112335,43400,2
RICHTER,0,20101213,112335,43400,3
OTP,0,20101213,112339,5272,1
MTELEKOM,0,20101213,112407,534,1694
FHB,0,20101213,112445,990,224
MOL,0,20101213,112454,19750,250
FOTEX,0,20101213,112519,403,150
FOTEX,0,20101213,112519,402,200
EGIS,0,20101213,112523,20470,23
EGIS,0,20101213,112523,20470,7
FOTEX,0,20101213,112528,401,209
FOTEX,0,20101213,112528,401,91
FOTEX,0,20101213,112530,408,200
OTP,0,20101213,112548,5272,500
FHB,0,20101213,112615,992,100
RICHTER,0,20101213,112630,43400,4
OTP,0,20101213,112633,5272,16
PANNERGY,0,20101213,112642,870,43300
OTP,0,20101213,112718,5274,100
GENESIS,0,20101213,112736,228,470
MTELEKOM,0,20101213,112802,534,256
OTP,0,20101213,112806,5275,196
OTP,0,20101213,112806,5275,200
OTP,0,20101213,112806,5279,104
OTP,0,20101213,112806,5279,300
RABA,0,20101213,112833,810,13
RABA,0,20101213,112833,815,2
EGIS,0,20101213,112857,20475,30
OTP,0,20101213,112938,5276,75
OTP,0,20101213,112959,5279,86
OTP,0,20101213,112959,5279,30
OTP,0,20101213,112959,5279,10
OTP,0,20101213,112959,5279,30
OTP,0,20101213,112959,5280,504
OTP,0,20101213,113002,5277,230
MOL,0,20101213,113011,19750,250
MOL,0,20101213,113011,19750,10
OTP,0,20101213,113013,5280,330
PANNERGY,0,20101213,113016,865,125
OTP,0,20101213,113016,5280,30
MOL,0,20101213,113020,19750,40
OTP,0,20101213,113032,5280,136
OTP,0,20101213,113032,5280,40
OTP,0,20101213,113032,5280,94
RABA,0,20101213,113122,815,100
OTP,0,20101213,113128,5277,10
OTP,0,20101213,113133,5277,106
OTP,0,20101213,113139,5275,3
OTP,0,20101213,113152,5275,17
OTP,0,20101213,113152,5275,20
OTP,0,20101213,113152,5275,82
OTP,0,20101213,113158,5280,42
MOL,0,20101213,113159,19740,134
MTELEKOM,0,20101213,113253,534,213
MTELEKOM,0,20101213,113253,534,367
MTELEKOM,0,20101213,113253,534,1244
OTP,0,20101213,113256,5275,10
MTELEKOM,0,20101213,113302,534,255
OTP,0,20101213,113344,5277,30
OTP,0,20101213,113344,5277,70
MOL,0,20101213,113427,19750,5
OTP,0,20101213,113535,5277,600
OTP,0,20101213,113633,5277,98
OTP,0,20101213,113633,5277,17
OTP,0,20101213,113633,5275,5
MOL,0,20101213,113731,19740,11
MOL,0,20101213,113731,19750,59
OTP,0,20101213,113738,5275,15
MOL,0,20101213,113740,19750,196
MOL,0,20101213,113740,19750,10
MOL,0,20101213,113740,19750,4
MOL,0,20101213,113746,19750,90
MTELEKOM,0,20101213,113802,534,255
OTP,0,20101213,113807,5275,38
OTP,0,20101213,113807,5275,74
FHB,0,20101213,113830,996,150
FHB,0,20101213,113830,998,120
FHB,0,20101213,113830,998,369
FHB,0,20101213,113903,990,200
OTP,0,20101213,113914,5271,10
OTP,0,20101213,113915,5274,790
FHB,0,20101213,113919,990,25
FHB,0,20101213,113920,990,175
OTP,0,20101213,113928,5272,625
OTP,0,20101213,113929,5275,138
OTP,0,20101213,113929,5275,60
OTP,0,20101213,113946,5275,132
RICHTER,0,20101213,113956,43400,1
OTP,0,20101213,114009,5271,177
OTP,0,20101213,114009,5271,229
MTELEKOM,0,20101213,114016,534,1682
FHB,0,20101213,114021,990,300
EGIS,0,20101213,114021,20470,33
EGIS,0,20101213,114027,20470,1741
FOTEX,0,20101213,114029,405,1010
AAA,0,20101213,114140,204,1000
AAA,0,20101213,114140,208,46
AAA,0,20101213,114140,209,1176
EGIS,0,20101213,114208,20465,35
MTELEKOM,0,20101213,114302,534,256
ECONET,0,20101213,114331,94,660
AAA,0,20101213,114435,210,278
AAA,0,20101213,114435,201,500
AAA,0,20101213,114435,200,222
HUMET,0,20101213,114530,9,7500
HUMET,0,20101213,114530,9,550
HUMET,0,20101213,114530,9,2200
HUMET,0,20101213,114530,9,1100
HUMET,0,20101213,114530,9,8500
HUMET,0,20101213,114530,9,6150
MOL,0,20101213,114553,19720,40
MOL,0,20101213,114553,19720,230
MOL,0,20101213,114553,19710,20
MOL,0,20101213,114553,19705,19
MOL,0,20101213,114651,19710,180
MTELEKOM,0,20101213,114802,534,255
MOL,0,20101213,114821,19705,30
OTP,0,20101213,114837,5265,729
OTP,0,20101213,114839,5265,179
OTP,0,20101213,114856,5265,13000
OTP,0,20101213,114901,5265,649
MTELEKOM,0,20101213,114903,534,1053
MTELEKOM,0,20101213,114903,534,500
MTELEKOM,0,20101213,114903,534,109
MOL,0,20101213,114933,19705,20
MTELEKOM,0,20101213,115001,533,1117
MTELEKOM,0,20101213,115001,533,1700
MTELEKOM,0,20101213,115001,533,1688
MTELEKOM,0,20101213,115001,533,500
BUX1012,0,20101213,115014,21562,1
MOL,0,20101213,115030,19715,200
MOL,0,20101213,115030,19715,131
BUX1012,0,20101213,115034,21561,1
OTP,0,20101213,115039,5266,60
RICHTER,0,20101213,115045,43350,22
MOL,0,20101213,115101,19715,169
MOL,0,20101213,115104,19715,131
MOL,0,20101213,115106,19715,210
OTP,0,20101213,115115,5268,3500
MOL,0,20101213,115122,19720,650
MOL,0,20101213,115128,19715,159
MOL,0,20101213,115138,19715,41
MOL,0,20101213,115138,19715,160
MOL,0,20101213,115138,19720,530
BUX1012,0,20101213,115145,21605,1
MOL,0,20101213,115148,19720,57
MOL,0,20101213,115148,19720,200
KEG,0,20101213,115201,144,500
KEG,0,20101213,115201,144,460
KEG,0,20101213,115201,144,400
KEG,0,20101213,115201,144,1300
KEG,0,20101213,115201,143,7000
KEG,0,20101213,115201,143,1600
KEG,0,20101213,115201,143,700
KEG,0,20101213,115201,143,3000
KEG,0,20101213,115201,143,2100
KEG,0,20101213,115227,145,100
OTP,0,20101213,115245,5277,8
BUX1012,0,20101213,115259,21590,1
MTELEKOM,0,20101213,115302,534,255
OTP,0,20101213,115337,5266,1
EGIS,0,20101213,115404,20460,20
MTELEKOM,0,20101213,115431,533,12000
EGIS,0,20101213,115501,20465,15
MOL,0,20101213,115547,19745,300
BUX1012,0,20101213,115637,21605,159
BUX1012,0,20101213,115652,21605,66
RFV,0,20101213,115719,8140,10
RFV,0,20101213,115719,8140,10
RFV,0,20101213,115719,8140,10
BUX1012,0,20101213,115719,21605,227
BUX1012,0,20101213,115727,21605,9
BUX1012,0,20101213,115727,21605,137
MTELEKOM,0,20101213,115802,534,256
OTP,0,20101213,115808,5271,1894
OTP,0,20101213,115829,5270,25
EGIS,0,20101213,115831,20460,36
EGIS,0,20101213,115831,20460,34
MOL,0,20101213,115841,19745,5
MOL,0,20101213,115841,19745,132
MOL,0,20101213,115841,19750,210
MOL,0,20101213,115841,19750,100
MOL,0,20101213,115841,19750,90
RICHTER,0,20101213,115845,43400,19
RICHTER,0,20101213,115845,43400,1
RICHTER,0,20101213,115845,43400,54
MOL,0,20101213,115853,19750,285
OTP,0,20101213,115902,5271,22
MOL,0,20101213,115910,19750,215
MOL,0,20101213,115918,19750,85
MOL,0,20101213,115923,19750,215
MOL,0,20101213,115923,19750,85
MOL,0,20101213,115955,19750,250
MOL,0,20101213,120011,19750,50
OTP,0,20101213,120016,5271,200
OTP,0,20101213,120048,5270,35
OTP,0,20101213,120048,5270,613
MOL,0,20101213,120125,19750,30
MOL,0,20101213,120125,19750,250
MOL,0,20101213,120125,19750,20
MOL,0,20101213,120139,19750,113
OTP,0,20101213,120223,5266,405
OTP,0,20101213,120223,5266,20
ANY,0,20101213,120225,742,1199
OTP,0,20101213,120227,5265,13
MOL,0,20101213,120229,19750,13
MOL,0,20101213,120248,19750,48
MTELEKOM,0,20101213,120302,534,255
OTP,0,20101213,120323,5267,200
MTELEKOM,0,20101213,120413,534,1620
MTELEKOM,0,20101213,120415,534,2505
MTELEKOM,0,20101213,120415,534,500
MTELEKOM,0,20101213,120415,534,995
MTELEKOM,0,20101213,120415,534,500
OTP,0,20101213,120416,5270,10000
RABA,0,20101213,120419,814,10
SYNERGON,0,20101213,120553,496,20
ANY,0,20101213,120604,742,100
MTELEKOM,0,20101213,120610,534,1500
MTELEKOM,0,20101213,120610,534,1781
MTELEKOM,0,20101213,120610,534,447
OTP,0,20101213,120633,5270,660
OTP,0,20101213,120731,5265,2987
OTP,0,20101213,120731,5265,313
OTP,0,20101213,120731,5265,10
OTP,0,20101213,120731,5265,10
OTP,0,20101213,120731,5265,13
MTELEKOM,0,20101213,120802,534,255
OTP,0,20101213,120808,5267,75
ANY,0,20101213,120818,742,1291
OTP,0,20101213,120828,5266,200
RICHTER,0,20101213,120856,43300,3
RICHTER,0,20101213,120856,43300,2
OTP,0,20101213,120859,5260,30
OTP,0,20101213,120859,5260,85
OTP,0,20101213,120859,5254,85
FOTEX,0,20101213,120935,405,500
ANY,0,20101213,120946,738,100
BUX1012,0,20101213,120957,21605,135
RICHTER,0,20101213,121050,43220,1
OTP,0,20101213,121121,5256,20
KEG,0,20101213,121129,143,2500
EGIS,0,20101213,121205,20460,10
MTELEKOM,0,20101213,121226,534,200
RABA,0,20101213,121233,810,8000
EGIS,0,20101213,121256,20465,20
SYNERGON,0,20101213,121257,500,4000
MTELEKOM,0,20101213,121302,534,255
MOL,0,20101213,121343,19720,50
EGIS,0,20101213,121345,20465,10
EGIS,0,20101213,121345,20465,19
OTP,0,20101213,121401,5260,300
BUX1012,0,20101213,121401,21605,65
OTP,0,20101213,121420,5260,271
OTP,0,20101213,121420,5256,29
OTP,0,20101213,121431,5265,300
OTP,0,20101213,121454,5265,175
GENESIS,0,20101213,121600,225,370
GENESIS,0,20101213,121600,225,200
GENESIS,0,20101213,121600,225,430
KEG,0,20101213,121618,143,20
OTP,0,20101213,121622,5265,25
OTP,0,20101213,121626,5260,700
OTP,0,20101213,121633,5260,800
MOL,0,20101213,121638,19715,299
MOL,0,20101213,121646,19700,153
OTP,0,20101213,121649,5260,1539
KEG,0,20101213,121707,143,780
MOL,0,20101213,121733,19715,150
MTELEKOM,0,20101213,121802,534,256
OTP,0,20101213,121840,5260,4
MOL,0,20101213,121842,19715,200
ORC,0,20101213,121854,2050,1
BUX1012,0,20101213,121910,21561,10
BUX1012,0,20101213,121910,21560,40
BUX1012,0,20101213,121910,21551,21
MTELEKOM,0,20101213,121922,534,306
MTELEKOM,0,20101213,121922,534,1270
OTP,0,20101213,121947,5257,40
OTP,0,20101213,122018,5257,10
OTP,0,20101213,122113,5255,601
EGIS,0,20101213,122114,20455,32
EGIS,0,20101213,122114,20450,33
MOL,0,20101213,122150,19715,150
RICHTER,0,20101213,122222,43220,4
MOL,0,20101213,122246,19715,100
EGIS,0,20101213,122253,20450,67
EGIS,0,20101213,122253,20450,31
MTELEKOM,0,20101213,122302,534,255
OTP,0,20101213,122327,5255,40
OTP,0,20101213,122339,5254,10
ANY,0,20101213,122405,740,1000
OTP,0,20101213,122415,5255,1200
BUX1012,0,20101213,122448,21605,1
OTP,0,20101213,122451,5255,234
OTP,0,20101213,122524,5255,100
RICHTER,0,20101213,122545,43300,50
MTELEKOM,0,20101213,122556,534,3475
MTELEKOM,0,20101213,122556,534,1000
MTELEKOM,0,20101213,122556,534,500
MTELEKOM,0,20101213,122556,534,2000
RICHTER,0,20101213,122604,43400,35
RICHTER,0,20101213,122604,43400,20
RICHTER,0,20101213,122606,43400,11
OTP,0,20101213,122609,5257,10
OTP,0,20101213,122609,5260,457
OTP,0,20101213,122609,5260,1500
OTP,0,20101213,122609,5260,1500
MTELEKOM,0,20101213,122611,534,5000
MTELEKOM,0,20101213,122612,534,2313
RICHTER,0,20101213,122613,43400,78
RICHTER,0,20101213,122615,43400,45
OTP,0,20101213,122623,5260,398
BUX1012,0,20101213,122623,21542,1
BUX1012,0,20101213,122623,21540,2
BUX1012,0,20101213,122623,21528,10
BUX1012,0,20101213,122623,21526.5,2
BUX1012,0,20101213,122623,21526,25
BUX1012,0,20101213,122623,21525.5,50
BUX1012,0,20101213,122623,21525,40
BUX1012,0,20101213,122623,21521,10
BUX1012,0,20101213,122623,21520,1
BUX1012,0,20101213,122623,21520,1
BUX1012,0,20101213,122629,21520,158
MOL,0,20101213,122640,19720,146
RICHTER,0,20101213,122647,43300,50
RICHTER,0,20101213,122651,43300,100
MTELEKOM,0,20101213,122652,534,1847
BUX1012,0,20101213,122653,21560,17
RICHTER,0,20101213,122707,43300,98
RFV,0,20101213,122736,8140,9
MOL,0,20101213,122745,19735,146
FHB,0,20101213,122752,997,300
FHB,0,20101213,122752,997,258
FHB,0,20101213,122752,998,271
FHB,0,20101213,122752,999,69
MTELEKOM,0,20101213,122802,534,255
FOTEX,0,20101213,122807,408,50
FOTEX,0,20101213,122807,408,823
RABA,0,20101213,122828,814,350
BUX1012,0,20101213,122828,21513,1
BUX1012,0,20101213,122828,21513,2
TVK,0,20101213,122842,3450,42
BUX1012,0,20101213,122844,21513,2
OTP,0,20101213,122847,5255,166
OTP,0,20101213,122847,5255,150
OTP,0,20101213,122847,5254,235
OTP,0,20101213,122847,5253,650
OTP,0,20101213,122847,5252,100
OTP,0,20101213,122847,5252,330
OTP,0,20101213,122847,5251,2000
OTP,0,20101213,122847,5250,33
OTP,0,20101213,122847,5250,300
OTP,0,20101213,122847,5250,13
OTP,0,20101213,122847,5250,1500
OTP,0,20101213,122849,5250,73
TVK,0,20101213,122908,3450,8
TVK,0,20101213,122908,3460,50
TVK,0,20101213,122908,3465,50
TVK,0,20101213,122908,3470,10
TVK,0,20101213,122908,3470,30
TVK,0,20101213,122908,3470,85
TVK,0,20101213,122908,3480,10
TVK,0,20101213,122908,3480,7
OTP,0,20101213,122912,5250,100
SYNERGON,0,20101213,122935,504,420
SYNERGON,0,20101213,122935,505,5
SYNERGON,0,20101213,122935,505,163
SYNERGON,0,20101213,122935,507,209
SYNERGON,0,20101213,122935,508,490
SYNERGON,0,20101213,122935,509,713
MOL,0,20101213,122953,19720,14
MOL,0,20101213,122954,19720,100
OTP,0,20101213,122957,5255,200
OTP,0,20101213,123003,5251,1500
OTP,0,20101213,123010,5250,327
OTP,0,20101213,123010,5250,1173
OTP,0,20101213,123012,5250,120
OTP,0,20101213,123021,5250,707
OTP,0,20101213,123021,5250,607
OTP,0,20101213,123021,5250,186
GENESIS,0,20101213,123047,225,570
GENESIS,0,20101213,123047,223,132
GENESIS,0,20101213,123047,223,500
GENESIS,0,20101213,123047,223,500
GENESIS,0,20101213,123047,222,22
GENESIS,0,20101213,123047,222,1330
GENESIS,0,20101213,123047,222,1400
GENESIS,0,20101213,123047,222,546
GENESIS,0,20101213,123107,229,30
RICHTER,0,20101213,123132,43300,13
RICHTER,0,20101213,123132,43385,55
RICHTER,0,20101213,123132,43390,12
MTELEKOM,0,20101213,123239,533,1890
MTELEKOM,0,20101213,123239,533,110
OTP,0,20101213,123255,5250,59
MTELEKOM,0,20101213,123302,534,256
RICHTER,0,20101213,123318,43220,1
RICHTER,0,20101213,123318,43205,5
RICHTER,0,20101213,123318,43115,5
RICHTER,0,20101213,123318,43110,1
RICHTER,0,20101213,123318,43100,8
RICHTER,0,20101213,123318,43100,2
RICHTER,0,20101213,123318,43100,4
RICHTER,0,20101213,123318,43090,2
RICHTER,0,20101213,123318,43050,3
RICHTER,0,20101213,123318,43020,6
RICHTER,0,20101213,123318,43010,46
RICHTER,0,20101213,123318,43000,2
RICHTER,0,20101213,123318,43000,10
RICHTER,0,20101213,123318,43000,10
RICHTER,0,20101213,123318,43000,100
RICHTER,0,20101213,123318,43000,15
RICHTER,0,20101213,123318,43000,3
RICHTER,0,20101213,123318,43000,100
RICHTER,0,20101213,123318,43000,50
RICHTER,0,20101213,123318,43000,2
MTELEKOM,0,20101213,123319,534,329
MTELEKOM,0,20101213,123319,534,1000
MTELEKOM,0,20101213,123319,534,221
MTELEKOM,0,20101213,123319,533,1525
MTELEKOM,0,20101213,123319,533,25
RICHTER,0,20101213,123336,43000,18
RICHTER,0,20101213,123336,43050,3
OTP,0,20101213,123413,5250,255
OTP,0,20101213,123413,5250,1245
MOL,0,20101213,123419,19720,100
RABA,0,20101213,123432,808,42
RABA,0,20101213,123432,808,78
OTP,0,20101213,123444,5250,15
MOL,0,20101213,123450,19720,269
RICHTER,0,20101213,123452,43000,100
OTP,0,20101213,123453,5250,740
OTP,0,20101213,123453,5250,111
OTP,0,20101213,123453,5250,500
OTP,0,20101213,123454,5250,149
RICHTER,0,20101213,123506,43000,150
OTP,0,20101213,123517,5250,99
MTELEKOM,0,20101213,123523,534,1699
OTP,0,20101213,123539,5250,200
MOL,0,20101213,123549,19720,200
EGIS,0,20101213,123551,20450,2
RICHTER,0,20101213,123553,43000,50
RICHTER,0,20101213,123602,43005,50
OTP,0,20101213,123608,5250,52
OTP,0,20101213,123608,5250,248
OTP,0,20101213,123610,5250,500
OTP,0,20101213,123612,5250,200
MOL,0,20101213,123652,19720,124
MOL,0,20101213,123704,19720,76
MOL,0,20101213,123704,19720,300
OTP,0,20101213,123705,5251,250
OTP,0,20101213,123705,5250,300
OTP,0,20101213,123705,5250,185
OTP,0,20101213,123707,5250,500
OTP,0,20101213,123708,5250,500
OTP,0,20101213,123709,5250,265
OTP,0,20101213,123709,5250,235
OTP,0,20101213,123711,5250,500
OTP,0,20101213,123713,5250,500
OTP,0,20101213,123715,5250,265
MOL,0,20101213,123719,19715,100
MOL,0,20101213,123719,19715,200
MOL,0,20101213,123719,19715,200
MOL,0,20101213,123740,19715,50
MTELEKOM,0,20101213,123802,534,255
OTP,0,20101213,123819,5251,25
OTP,0,20101213,123819,5251,539
OTP,0,20101213,123819,5250,235
OTP,0,20101213,123819,5250,701
OTP,0,20101213,123824,5250,210
OTP,0,20101213,123923,5250,120
EGIS,0,20101213,123941,20465,2
EGIS,0,20101213,124018,20470,29
BUX1012,0,20101213,124033,21515,1
OTP,0,20101213,124156,5250,969
OTP,0,20101213,124156,5250,30
OTP,0,20101213,124156,5250,1
RICHTER,0,20101213,124206,43150,3
RICHTER,0,20101213,124206,43000,97
OTP,0,20101213,124208,5250,499
OTP,0,20101213,124208,5250,253
OTP,0,20101213,124210,5250,500
OTP,0,20101213,124211,5250,683
EGIS,0,20101213,124219,20470,7
EGIS,0,20101213,124222,20465,25
EGIS,0,20101213,124222,20465,7
BUX1012,0,20101213,124228,21515,1
HUMET,0,20101213,124242,10,1
OTP,0,20101213,124242,5250,65
OTP,0,20101213,124242,5250,435
MTELEKOM,0,20101213,124244,533,5000
OTP,0,20101213,124248,5250,667
OTP,0,20101213,124248,5250,1333
EGIS,0,20101213,124258,20465,20
MTELEKOM,0,20101213,124302,534,255
FHB,0,20101213,124326,991,354
FREESOFT,0,20101213,124331,1960,3900
MOL,0,20101213,124339,19720,100
MOL,0,20101213,124403,19715,150
MOL,0,20101213,124403,19700,147
MOL,0,20101213,124403,19700,25
MOL,0,20101213,124403,19700,10
MOL,0,20101213,124403,19700,168
GENESIS,0,20101213,124414,224,170
MOL,0,20101213,124416,19715,200
MOL,0,20101213,124426,19715,50
RICHTER,0,20101213,124426,43000,3
RICHTER,0,20101213,124426,43000,97
GENESIS,0,20101213,124427,224,22
OTP,0,20101213,124434,5250,500
MOL,0,20101213,124458,19720,350
MOL,0,20101213,124458,19720,350
HUMET,0,20101213,124508,9,1
OTP,0,20101213,124529,5249,758
OTP,0,20101213,124529,5249,47
RICHTER,0,20101213,124530,43000,3
RICHTER,0,20101213,124530,43000,1
ANY,0,20101213,124542,742,233
EGIS,0,20101213,124551,20465,80
EGIS,0,20101213,124551,20465,30
EGIS,0,20101213,124551,20470,4
OTP,0,20101213,124559,5250,20
OTP,0,20101213,124602,5250,147
OTP,0,20101213,124602,5250,853
RICHTER,0,20101213,124602,43000,1
OTP,0,20101213,124613,5249,40
RICHTER,0,20101213,124622,43000,1
OTP,0,20101213,124627,5249,655
OTP,0,20101213,124627,5249,494
ANY,0,20101213,124629,744,2
MOL,0,20101213,124642,19715,150
RICHTER,0,20101213,124700,42905,2
RICHTER,0,20101213,124700,42900,5
RICHTER,0,20101213,124700,42900,1
RICHTER,0,20101213,124700,42900,10
RICHTER,0,20101213,124700,42900,2
RICHTER,0,20101213,124700,42855,2
RICHTER,0,20101213,124700,42850,1
RICHTER,0,20101213,124700,42850,15
RICHTER,0,20101213,124700,42850,14
RICHTER,0,20101213,124700,42820,15
OTP,0,20101213,124728,5249,51
OTP,0,20101213,124728,5250,279
MOL,0,20101213,124734,19720,168
MOL,0,20101213,124744,19720,32
MOL,0,20101213,124757,19720,100
MTELEKOM,0,20101213,124802,533,255
MOL,0,20101213,124803,19720,53
MOL,0,20101213,124803,19715,147
MTELEKOM,0,20101213,124805,533,1554
OTP,0,20101213,124827,5250,50
OTP,0,20101213,124838,5249,11
OTP,0,20101213,124902,5249,139
OTP,0,20101213,124902,5249,61
OTP,0,20101213,124913,5249,914
MOL,0,20101213,124955,19720,81
MOL,0,20101213,124955,19715,53
MOL,0,20101213,124955,19715,16
OTP,0,20101213,125143,5249,50
MTELEKOM,0,20101213,125234,533,191
OTP,0,20101213,125237,5249,36
OTP,0,20101213,125237,5249,64
MTELEKOM,0,20101213,125328,533,9
MTELEKOM,0,20101213,125328,533,191
OTP,0,20101213,125346,5249,136
BUX1012,0,20101213,125353,21532,1
BUX1012,0,20101213,125353,21533,1
OTP,0,20101213,125359,5250,164
OTP,0,20101213,125440,5249,200
OTP,0,20101213,125622,5249,200
OTP,0,20101213,125622,5250,484
OTP,0,20101213,125622,5250,28
OTP,0,20101213,125622,5250,788
OTP,0,20101213,125623,5250,712
OTP,0,20101213,125623,5250,788
OTP,0,20101213,125623,5250,1212
OTP,0,20101213,125623,5250,288
OTP,0,20101213,125624,5250,342
OTP,0,20101213,125624,5250,1158
OTP,0,20101213,125625,5250,342
OTP,0,20101213,125625,5250,1158
OTP,0,20101213,125626,5250,342
OTP,0,20101213,125626,5250,1158
OTP,0,20101213,125628,5250,342
OTP,0,20101213,125628,5250,1158
OTP,0,20101213,125629,5250,342
OTP,0,20101213,125638,5250,1158
OTP,0,20101213,125652,5250,193
OTP,0,20101213,125654,5250,149
OTP,0,20101213,125702,5250,50
OTP,0,20101213,125704,5250,2500
OTP,0,20101213,125705,5250,2500
OTP,0,20101213,125708,5250,2500
OTP,0,20101213,125711,5253,91
BUX1012,0,20101213,125711,21532,1
OTP,0,20101213,125715,5253,2
OTP,0,20101213,125715,5250,301
OTP,0,20101213,125715,5250,1500
MOL,0,20101213,125723,19720,200
OTP,0,20101213,125728,5250,197
RICHTER,0,20101213,125728,42910,10
BUX1012,0,20101213,125730,21532,1
MTELEKOM,0,20101213,125733,534,1446
RICHTER,0,20101213,125742,42910,14
EGIS,0,20101213,125745,20465,32
EGIS,0,20101213,125745,20465,28
EGIS,0,20101213,125745,20450,100
EGIS,0,20101213,125745,20450,50
MTELEKOM,0,20101213,125802,534,306
BUX1012,0,20101213,130015,21537,1
BUX1012,0,20101213,130015,21547,5
BUX1012,0,20101213,130015,21548,4
BUX1012,0,20101213,130022,21549,5
BUX1012,0,20101213,130022,21550,10
MOL,0,20101213,130028,19715,16
MOL,0,20101213,130111,19720,14
MOL,0,20101213,130111,19720,19
MOL,0,20101213,130111,19720,16
MOL,0,20101213,130111,19720,200
MOL,0,20101213,130111,19720,143
MOL,0,20101213,130111,19725,100
MOL,0,20101213,130111,19725,134
MOL,0,20101213,130111,19730,200
MOL,0,20101213,130111,19740,300
MOL,0,20101213,130111,19740,146
MOL,0,20101213,130111,19745,200
MOL,0,20101213,130111,19745,10
MOL,0,20101213,130111,19750,52
MOL,0,20101213,130111,19750,34
MOL,0,20101213,130118,19750,266
MOL,0,20101213,130118,19750,50
MOL,0,20101213,130125,19750,300
RICHTER,0,20101213,130146,43000,50
BUX1012,0,20101213,130148,21550,5
BUX1012,0,20101213,130155,21550,35
MOL,0,20101213,130156,19705,50
MOL,0,20101213,130156,19700,132
BUX1012,0,20101213,130158,21550,15
MOL,0,20101213,130203,19700,300
MOL,0,20101213,130204,19700,18
MOL,0,20101213,130204,19700,17
RICHTER,0,20101213,130204,43000,2
MOL,0,20101213,130209,19700,283
OTP,0,20101213,130211,5255,70
OTP,0,20101213,130211,5255,200
MOL,0,20101213,130212,19700,217
MTELEKOM,0,20101213,130212,534,818
MTELEKOM,0,20101213,130212,534,4297
EGIS,0,20101213,130212,20440,33
MOL,0,20101213,130217,19705,126
MOL,0,20101213,130217,19700,174
BUX1012,0,20101213,130218,21550,1
MOL,0,20101213,130221,19700,43
MOL,0,20101213,130221,19700,157
MOL,0,20101213,130226,19705,500
OTP,0,20101213,130233,5260,1000
MOL,0,20101213,130233,19705,48
OTP,0,20101213,130234,5260,1000
BUX1012,0,20101213,130240,21550,10
MOL,0,20101213,130241,19705,452
MOL,0,20101213,130241,19700,43
MOL,0,20101213,130246,19700,505
BUX1012,0,20101213,130308,21550,24
BUX1012,0,20101213,130310,21550,6
MOL,0,20101213,130351,19700,350
MOL,0,20101213,130351,19700,200
OTP,0,20101213,130401,5256,5
MOL,0,20101213,130448,19700,17
MOL,0,20101213,130448,19700,300
MOL,0,20101213,130448,19700,200
RICHTER,0,20101213,130504,43005,60
MTELEKOM,0,20101213,130526,534,703
MTELEKOM,0,20101213,130526,534,867
OTP,0,20101213,130540,5265,25
OTP,0,20101213,130540,5265,9
OTP,0,20101213,130540,5265,105
OTP,0,20101213,130543,5268,200
OTP,0,20101213,130548,5269,25
OTP,0,20101213,130548,5269,275
MOL,0,20101213,130553,19695,50
OTP,0,20101213,130557,5269,9
OTP,0,20101213,130557,5270,1991
OTP,0,20101213,130607,5265,1
OTP,0,20101213,130647,5269,330
RABA,0,20101213,130723,807,200
MTELEKOM,0,20101213,130814,533,1806
MTELEKOM,0,20101213,130814,533,2149
MTELEKOM,0,20101213,130814,533,1045
MTELEKOM,0,20101213,130835,533,633
BUX1012,0,20101213,130859,21550,22
OTP,0,20101213,130931,5267,2200
MOL,0,20101213,130938,19675,16
MOL,0,20101213,130938,19675,17
MOL,0,20101213,130938,19680,200
SYNERGON,0,20101213,130959,496,321
FOTEX,0,20101213,131045,408,37
FOTEX,0,20101213,131045,408,363
EGIS,0,20101213,131047,20440,17
MOL,0,20101213,131101,19685,33
OTP,0,20101213,131115,5265,100
EGIS,0,20101213,131147,20445,10
BUX1012,0,20101213,131151,21549,1
BUX1012,0,20101213,131151,21550,4
BUX1012,0,20101213,131159,21550,10
BUX1012,0,20101213,131221,21521,1
OTP,0,20101213,131225,5266,193
OTP,0,20101213,131225,5269,170
OTP,0,20101213,131225,5270,11
OTP,0,20101213,131225,5270,110
OTP,0,20101213,131225,5270,50
OTP,0,20101213,131225,5270,500
OTP,0,20101213,131225,5270,89
MTELEKOM,0,20101213,131226,533,4367
MTELEKOM,0,20101213,131226,533,748
EGIS,0,20101213,131226,20445,33
EGIS,0,20101213,131250,20440,25
OTP,0,20101213,131302,5265,170
RICHTER,0,20101213,131325,43055,10
MOL,0,20101213,131356,19665,250
EGIS,0,20101213,131403,20440,3
EGIS,0,20101213,131403,20440,27
PANNERGY,0,20101213,131406,868,12500
KEG,0,20101213,131423,144,500
PHYLAXIA,0,20101213,131441,44,2
PHYLAXIA,0,20101213,131441,44,248
MOL,0,20101213,131507,19670,271
OTP,0,20101213,131538,5269,600
OTP,0,20101213,131538,5269,20
OTP,0,20101213,131538,5270,1470
MTELEKOM,0,20101213,131616,533,500
BUX1012,0,20101213,131648,21550,1
RICHTER,0,20101213,131652,43115,6
RICHTER,0,20101213,131652,43180,14
OTP,0,20101213,131653,5270,441
OTP,0,20101213,131653,5270,59
RICHTER,0,20101213,131658,43190,15
RICHTER,0,20101213,131658,43200,35
RICHTER,0,20101213,131706,43200,65
RICHTER,0,20101213,131706,43200,5
BUX1012,0,20101213,131718,21550,1
MTELEKOM,0,20101213,131722,533,500
BUX1012,0,20101213,131724,21550,25
MOL,0,20101213,131744,19670,18
MOL,0,20101213,131744,19675,16
MOL,0,20101213,131744,19675,17
MTELEKOM,0,20101213,131746,533,500
OTP,0,20101213,131748,5270,41
OTP,0,20101213,131748,5271,359
OTP,0,20101213,131758,5267,450
OTP,0,20101213,131800,5271,200
MOL,0,20101213,131809,19670,300
RICHTER,0,20101213,131815,43200,30
BUX1012,0,20101213,131826,21550,19
OTP,0,20101213,131827,5271,100
BUX1012,0,20101213,131833,21550,5
OTP,0,20101213,131845,5265,163
BUX1012,0,20101213,131847,21550,7
OTP,0,20101213,131854,5271,400
OTP,0,20101213,131907,5271,1780
RICHTER,0,20101213,131911,43200,12
BUX1012,0,20101213,131915,21605,1
OTP,0,20101213,131917,5272,200
KEG,0,20101213,131922,144,1000
OTP,0,20101213,131931,5272,50
BUX1012,0,20101213,131936,21531,2
BUX1012,0,20101213,131936,21531,1
BUX1012,0,20101213,131936,21520,2
BUX1012,0,20101213,131936,21520,5
OTP,0,20101213,131940,5272,80
MOL,0,20101213,131951,19670,14
MOL,0,20101213,131951,19670,1
MOL,0,20101213,131951,19670,16
MOL,0,20101213,131951,19685,167
MOL,0,20101213,131951,19690,200
MOL,0,20101213,131951,19695,450
MOL,0,20101213,131951,19695,500
MOL,0,20101213,131951,19700,200
MOL,0,20101213,131951,19700,350
MOL,0,20101213,131951,19700,100
MOL,0,20101213,131957,19700,1002
MOL,0,20101213,132002,19700,500
MOL,0,20101213,132006,19700,398
MOL,0,20101213,132006,19700,102
OTP,0,20101213,132008,5275,1000
OTP,0,20101213,132008,5277,7
OTP,0,20101213,132008,5278,53
MOL,0,20101213,132010,19700,250
MOL,0,20101213,132010,19700,83
MOL,0,20101213,132010,19700,167
MOL,0,20101213,132013,19700,133
MOL,0,20101213,132013,19700,367
SYNERGON,0,20101213,132015,495,279
OTP,0,20101213,132020,5278,247
OTP,0,20101213,132020,5278,30
OTP,0,20101213,132020,5278,500
OTP,0,20101213,132020,5279,2000
OTP,0,20101213,132020,5279,80
OTP,0,20101213,132020,5280,5
OTP,0,20101213,132020,5280,144
OTP,0,20101213,132020,5280,500
OTP,0,20101213,132020,5280,20
OTP,0,20101213,132020,5285,100
OTP,0,20101213,132020,5285,150
OTP,0,20101213,132020,5285,200
OTP,0,20101213,132020,5286,8
OTP,0,20101213,132020,5286,30
OTP,0,20101213,132020,5287,45
OTP,0,20101213,132026,5287,255
OTP,0,20101213,132026,5287,20
OTP,0,20101213,132026,5287,200
OTP,0,20101213,132026,5287,20
OTP,0,20101213,132026,5287,100
OTP,0,20101213,132026,5289,50
OTP,0,20101213,132026,5289,200
OTP,0,20101213,132026,5289,11
OTP,0,20101213,132026,5289,600
OTP,0,20101213,132026,5290,50
OTP,0,20101213,132026,5290,200
OTP,0,20101213,132026,5290,250
OTP,0,20101213,132026,5290,500
OTP,0,20101213,132026,5295,335
OTP,0,20101213,132026,5295,194
OTP,0,20101213,132026,5295,300
OTP,0,20101213,132026,5296,18
RICHTER,0,20101213,132027,43200,2
OTP,0,20101213,132028,5298,400
OTP,0,20101213,132028,5298,50
OTP,0,20101213,132028,5298,300
OTP,0,20101213,132028,5298,1000
OTP,0,20101213,132028,5298,200
OTP,0,20101213,132028,5299,550
OTP,0,20101213,132028,5299,50
OTP,0,20101213,132028,5299,1000
OTP,0,20101213,132028,5299,23
OTP,0,20101213,132028,5300,100
OTP,0,20101213,132028,5300,20
OTP,0,20101213,132028,5300,100
OTP,0,20101213,132028,5300,200
OTP,0,20101213,132028,5300,50
OTP,0,20101213,132028,5300,957
OTP,0,20101213,132028,5300,2500
OTP,0,20101213,132031,5300,1543
OTP,0,20101213,132031,5300,50
OTP,0,20101213,132031,5300,40
OTP,0,20101213,132031,5300,50
OTP,0,20101213,132031,5300,260
OTP,0,20101213,132031,5300,100
OTP,0,20101213,132031,5300,374
OTP,0,20101213,132031,5300,15
OTP,0,20101213,132031,5300,3
OTP,0,20101213,132031,5300,65
OTP,0,20101213,132031,5300,2349
OTP,0,20101213,132031,5300,151
OTP,0,20101213,132033,5300,249
OTP,0,20101213,132033,5300,20
OTP,0,20101213,132033,5300,400
OTP,0,20101213,132033,5300,50
OTP,0,20101213,132033,5300,199
OTP,0,20101213,132033,5300,5
OTP,0,20101213,132033,5301,1577
OTP,0,20101213,132033,5301,2500
OTP,0,20101213,132034,5301,2500
OTP,0,20101213,132035,5301,2500
OTP,0,20101213,132035,5301,2500
OTP,0,20101213,132035,5301,2500
OTP,0,20101213,132037,5301,923
OTP,0,20101213,132041,5301,13
OTP,0,20101213,132100,5296,100
MOL,0,20101213,132105,19650,13
MOL,0,20101213,132105,19650,14
OTP,0,20101213,132105,5296,10
OTP,0,20101213,132109,5296,300
OTP,0,20101213,132109,5300,200
OTP,0,20101213,132116,5296,160
OTP,0,20101213,132120,5296,200
ECONET,0,20101213,132122,94,260
ECONET,0,20101213,132122,94,4740
OTP,0,20101213,132124,5296,100
OTP,0,20101213,132129,5296,50
OTP,0,20101213,132129,5296,80
OTP,0,20101213,132135,5296,120
OTP,0,20101213,132135,5296,100
OTP,0,20101213,132135,5296,30
OTP,0,20101213,132135,5298,200
OTP,0,20101213,132135,5299,100
OTP,0,20101213,132135,5299,80
OTP,0,20101213,132135,5299,1870
HUMET,0,20101213,132136,9,13849
HUMET,0,20101213,132136,9,4000
OTP,0,20101213,132136,5299,630
OTP,0,20101213,132136,5299,1870
OTP,0,20101213,132136,5299,630
OTP,0,20101213,132136,5299,1870
MTELEKOM,0,20101213,132137,533,2500
OTP,0,20101213,132145,5288,28
OTP,0,20101213,132145,5296,400
OTP,0,20101213,132145,5296,299
OTP,0,20101213,132145,5299,630
OTP,0,20101213,132145,5299,200
OTP,0,20101213,132145,5299,943
OTP,0,20101213,132145,5299,1557
OTP,0,20101213,132145,5299,943
OTP,0,20101213,132146,5299,1557
OTP,0,20101213,132146,5299,943
KEG,0,20101213,132147,144,1000
KEG,0,20101213,132147,144,4000
OTP,0,20101213,132150,5281,1
OTP,0,20101213,132151,5299,1000
OTP,0,20101213,132155,5281,1
RICHTER,0,20101213,132205,43200,1
RICHTER,0,20101213,132221,43295,50
RICHTER,0,20101213,132221,43300,20
OTP,0,20101213,132235,5297,20
OTP,0,20101213,132235,5297,310
FHB,0,20101213,132236,991,46
FHB,0,20101213,132236,991,200
FHB,0,20101213,132236,991,4
RICHTER,0,20101213,132308,43300,25
GENESIS,0,20101213,132309,223,454
GENESIS,0,20101213,132309,223,500
GENESIS,0,20101213,132309,223,46
PHYLAXIA,0,20101213,132309,45,431
RICHTER,0,20101213,132323,43300,2
OTP,0,20101213,132330,5285,1
EGIS,0,20101213,132333,20445,16
OTP,0,20101213,132347,5285,26
MTELEKOM,0,20101213,132400,533,252
OTP,0,20101213,132411,5290,815
OTP,0,20101213,132411,5290,200
OTP,0,20101213,132411,5293,163
OTP,0,20101213,132411,5294,200
OTP,0,20101213,132411,5295,5
OTP,0,20101213,132411,5295,117
OTP,0,20101213,132415,5285,1
MOL,0,20101213,132434,19655,78
EGIS,0,20101213,132435,20445,11
EGIS,0,20101213,132435,20445,1
OTP,0,20101213,132443,5290,2000
OTP,0,20101213,132443,5290,20
RICHTER,0,20101213,132457,43300,3
RICHTER,0,20101213,132457,43300,50
OTP,0,20101213,132505,5290,50
OTP,0,20101213,132511,5295,853
OTP,0,20101213,132514,5295,1
OTP,0,20101213,132529,5295,809
OTP,0,20101213,132529,5296,691
OTP,0,20101213,132533,5291,68
OTP,0,20101213,132537,5296,2500
OTP,0,20101213,132543,5296,200
OTP,0,20101213,132547,5296,64
OTP,0,20101213,132553,5296,500
OTP,0,20101213,132616,5296,545
OTP,0,20101213,132616,5297,690
OTP,0,20101213,132616,5297,100
OTP,0,20101213,132616,5297,100
OTP,0,20101213,132616,5297,65
OTP,0,20101213,132618,5297,935
OTP,0,20101213,132618,5298,20
OTP,0,20101213,132618,5298,300
OTP,0,20101213,132618,5299,245
OTP,0,20101213,132619,5295,10
OTP,0,20101213,132619,5299,312
OTP,0,20101213,132619,5299,50
OTP,0,20101213,132619,5300,1128
MOL,0,20101213,132627,19655,66
MOL,0,20101213,132627,19650,329
OTP,0,20101213,132647,5293,150
MOL,0,20101213,132650,19645,5
KEG,0,20101213,132657,144,1000
KEG,0,20101213,132657,144,2650
OTP,0,20101213,132713,5300,60
OTP,0,20101213,132732,5299,100
OTP,0,20101213,132732,5300,812
OTP,0,20101213,132732,5300,200
OTP,0,20101213,132732,5300,200
OTP,0,20101213,132732,5300,1500
OTP,0,20101213,132732,5300,100
OTP,0,20101213,132732,5300,250
OTP,0,20101213,132733,5300,25
OTP,0,20101213,132734,5300,1813
OTP,0,20101213,132734,5300,3187
OTP,0,20101213,132735,5300,1813
OTP,0,20101213,132804,5299,50
OTP,0,20101213,132804,5300,3187
OTP,0,20101213,132804,5300,19
OTP,0,20101213,132804,5300,1744
OTP,0,20101213,132820,5298,5000
OTP,0,20101213,132820,5298,5000
MTELEKOM,0,20101213,132832,534,133
MTELEKOM,0,20101213,132832,534,1551
MOL,0,20101213,132837,19640,17
MOL,0,20101213,132837,19640,14
MOL,0,20101213,132837,19640,15
BUX1012,0,20101213,132837,21572,1
EGIS,0,20101213,132842,20285,12
EGIS,0,20101213,132842,20285,31
EGIS,0,20101213,132842,20280,26
OTP,0,20101213,132845,5294,10
OTP,0,20101213,132854,5294,16
OTP,0,20101213,132859,5294,306
OTP,0,20101213,132903,5285,1
OTP,0,20101213,132907,5285,71
OTP,0,20101213,132907,5285,198
OTP,0,20101213,132907,5285,931
OTP,0,20101213,132915,5290,50
OTP,0,20101213,132919,5290,1450
OTP,0,20101213,132919,5294,50
OTP,0,20101213,132922,5285,1
OTP,0,20101213,132937,5294,144
OTP,0,20101213,132937,5296,1356
OTP,0,20101213,132937,5296,144
OTP,0,20101213,132937,5296,1356
OTP,0,20101213,132939,5296,144
OTP,0,20101213,132939,5296,1356
MTELEKOM,0,20101213,132949,534,400
TVK,0,20101213,133003,3415,10
TVK,0,20101213,133003,3410,6
TVK,0,20101213,133003,3405,10
TVK,0,20101213,133003,3400,50
OTP,0,20101213,133003,5296,144
OTP,0,20101213,133003,5296,1356
OTP,0,20101213,133006,5296,144
OTP,0,20101213,133006,5296,1356
TVK,0,20101213,133010,3400,24
OTP,0,20101213,133038,5285,1
OTP,0,20101213,133044,5290,1500
OTP,0,20101213,133044,5285,100
OTP,0,20101213,133057,5285,8
OTP,0,20101213,133109,5285,50
BUX1012,0,20101213,133212,21550,2
BUX1012,0,20101213,133212,21550,98
OTP,0,20101213,133230,5288,20
OTP,0,20101213,133230,5290,1103
MOL,0,20101213,133230,19650,5
MOL,0,20101213,133230,19650,19
MOL,0,20101213,133230,19650,14
MTELEKOM,0,20101213,133231,534,49
MTELEKOM,0,20101213,133231,534,1000
MTELEKOM,0,20101213,133231,534,500
MTELEKOM,0,20101213,133231,534,3566
EGIS,0,20101213,133231,20430,12
EGIS,0,20101213,133231,20440,21
MOL,0,20101213,133255,19650,305
OTP,0,20101213,133301,5289,100
OTP,0,20101213,133301,5290,397
OTP,0,20101213,133310,5290,3
OTP,0,20101213,133310,5285,1
RICHTER,0,20101213,133331,43300,70
RICHTER,0,20101213,133331,43300,123
GENESIS,0,20101213,133332,225,776
GENESIS,0,20101213,133332,226,4
OTP,0,20101213,133356,5290,180
GENESIS,0,20101213,133401,226,44
GENESIS,0,20101213,133401,227,6
RICHTER,0,20101213,133422,43280,17
RICHTER,0,20101213,133426,43300,105
OTP,0,20101213,133434,5285,1
OTP,0,20101213,133450,5289,20
OTP,0,20101213,133454,5285,10
OTP,0,20101213,133455,5285,1
MOL,0,20101213,133517,19650,200
OTP,0,20101213,133557,5285,10
MTELEKOM,0,20101213,133603,534,1434
MTELEKOM,0,20101213,133603,534,203
MOL,0,20101213,133610,19650,10
OTP,0,20101213,133626,5286,10
RICHTER,0,20101213,133641,43300,40
MTELEKOM,0,20101213,133729,533,1538
OTP,0,20101213,133743,5290,1000
OTP,0,20101213,133743,5290,225
OTP,0,20101213,133743,5290,275
OTP,0,20101213,133758,5290,214
MTELEKOM,0,20101213,133800,533,462
MOL,0,20101213,133844,19640,50
MOL,0,20101213,133844,19640,25
MOL,0,20101213,133857,19635,500
MTELEKOM,0,20101213,133902,534,1645
MOL,0,20101213,133910,19635,7
MOL,0,20101213,133910,19635,18
MOL,0,20101213,133913,19635,475
MOL,0,20101213,133916,19635,475
MOL,0,20101213,133920,19635,25
BUX1012,0,20101213,133924,21550,2
BUX1012,0,20101213,133924,21550,1
BUX1012,0,20101213,133936,21550,30
MOL,0,20101213,133939,19635,225
MOL,0,20101213,133939,19635,275
MOL,0,20101213,133941,19635,25
MOL,0,20101213,133941,19635,16
BUX1012,0,20101213,133942,21550,10
MOL,0,20101213,133942,19635,300
MOL,0,20101213,133943,19635,100
MOL,0,20101213,133946,19635,59
MOL,0,20101213,133947,19635,441
MOL,0,20101213,133947,19635,59
MOL,0,20101213,133948,19635,241
MOL,0,20101213,133955,19635,259
MOL,0,20101213,133957,19635,41
MOL,0,20101213,133957,19635,258
MOL,0,20101213,134000,19635,201
MOL,0,20101213,134002,19635,299
MOL,0,20101213,134002,19635,201
OTP,0,20101213,134002,5290,11
MOL,0,20101213,134005,19635,99
MOL,0,20101213,134005,19635,401
OTP,0,20101213,134008,5290,10
OTP,0,20101213,134028,5294,31
RICHTER,0,20101213,134031,43300,10
RICHTER,0,20101213,134031,43300,40
RICHTER,0,20101213,134031,43350,21
RICHTER,0,20101213,134031,43350,16
RICHTER,0,20101213,134031,43360,33
BUX1012,0,20101213,134031,21550,20
MTELEKOM,0,20101213,134034,533,5000
EGIS,0,20101213,134034,20425,33
OTP,0,20101213,134038,5290,20
SYNERGON,0,20101213,134040,499,400
MOL,0,20101213,134043,19635,99
MOL,0,20101213,134043,19635,300
MOL,0,20101213,134043,19635,101
MOL,0,20101213,134045,19635,399
MOL,0,20101213,134045,19635,17
MOL,0,20101213,134047,19635,84
MOL,0,20101213,134049,19635,16
MOL,0,20101213,134051,19635,484
MOL,0,20101213,134052,19635,16
MOL,0,20101213,134055,19635,484
MOL,0,20101213,134057,19635,16
MOL,0,20101213,134057,19635,175
MOL,0,20101213,134107,19635,200
MTELEKOM,0,20101213,134123,534,90
EGIS,0,20101213,134146,20425,2
KEG,0,20101213,134206,143,100
BUX1012,0,20101213,134232,21550,10
BUX1012,0,20101213,134303,21540,1
GENESIS,0,20101213,134312,225,470
EGIS,0,20101213,134326,20420,25
OTP,0,20101213,134401,5290,9
OTP,0,20101213,134401,5290,25
ZWACK,0,20101213,134401,14245,20
ZWACK,0,20101213,134413,14245,14
EGIS,0,20101213,134416,20420,3
EGIS,0,20101213,134416,20420,17
EGIS,0,20101213,134423,20425,9
OTP,0,20101213,134435,5294,40
OTP,0,20101213,134435,5294,30
OTP,0,20101213,134435,5294,260
OTP,0,20101213,134435,5294,65
OTP,0,20101213,134435,5295,1105
OTP,0,20101213,134437,5295,1500
OTP,0,20101213,134509,5295,1098
MOL,0,20101213,134513,19650,150
MOL,0,20101213,134513,19650,17
MOL,0,20101213,134513,19650,18
MTELEKOM,0,20101213,134516,533,115
MTELEKOM,0,20101213,134516,533,285
OTP,0,20101213,134517,5293,301
FOTEX,0,20101213,134549,404,5624
MOL,0,20101213,134549,19680,10
MOL,0,20101213,134558,19680,99
OTP,0,20101213,134616,5295,1000
OTP,0,20101213,134620,5295,14
OTP,0,20101213,134629,5295,283
OTP,0,20101213,134629,5295,5
OTP,0,20101213,134629,5295,200
OTP,0,20101213,134629,5295,12
OTP,0,20101213,134635,5291,735
MOL,0,20101213,134647,19650,90
PANNERGY,0,20101213,134657,868,300
BUX1012,0,20101213,134703,21550,5
BUX1012,0,20101213,134714,21550,22
BUX1012,0,20101213,134714,21550,1
RICHTER,0,20101213,134728,43350,50
MOL,0,20101213,134733,19650,2000
MTELEKOM,0,20101213,134806,534,740
OTP,0,20101213,134812,5291,200
OTP,0,20101213,134821,5295,488
MOL,0,20101213,134831,19650,68
MOL,0,20101213,134831,19650,129
OTP,0,20101213,134918,5295,300
OTP,0,20101213,134924,5295,100
OTP,0,20101213,134932,5295,112
OTP,0,20101213,135017,5291,565
OTP,0,20101213,135017,5291,4435
RICHTER,0,20101213,135024,43300,10
RICHTER,0,20101213,135024,43300,123
RICHTER,0,20101213,135024,43300,17
HUMET,0,20101213,135032,9,2000
RICHTER,0,20101213,135035,43300,33
MTELEKOM,0,20101213,135037,533,265
MTELEKOM,0,20101213,135037,533,1834
MTELEKOM,0,20101213,135037,533,1802
MTELEKOM,0,20101213,135037,533,99
OTP,0,20101213,135039,5291,13
MOL,0,20101213,135044,19650,371
MOL,0,20101213,135044,19650,5
MOL,0,20101213,135044,19650,24
MOL,0,20101213,135051,19650,56
OTP,0,20101213,135140,5295,300
MOL,0,20101213,135158,19645,100
MOL,0,20101213,135158,19650,100
MOL,0,20101213,135158,19650,17
MOL,0,20101213,135158,19650,150
MOL,0,20101213,135158,19650,150
MOL,0,20101213,135158,19650,995
BUX1012,0,20101213,135255,21550,3
BUX1012,0,20101213,135255,21550,1
BUX1012,0,20101213,135255,21550,1
MOL,0,20101213,135307,19650,100
MOL,0,20101213,135307,19650,19
MOL,0,20101213,135324,19650,253
BUX1012,0,20101213,135331,21541,1
OTP,0,20101213,135333,5295,588
OTP,0,20101213,135333,5295,100
OTP,0,20101213,135333,5295,435
RICHTER,0,20101213,135333,43295,8
RICHTER,0,20101213,135333,43300,17
RICHTER,0,20101213,135333,43300,50
RICHTER,0,20101213,135333,43300,3
EGIS,0,20101213,135333,20420,9
EGIS,0,20101213,135333,20425,24
RICHTER,0,20101213,135340,43300,45
PANNERGY,0,20101213,135346,870,1000
MOL,0,20101213,135405,19650,128
MOL,0,20101213,135405,19650,343
MOL,0,20101213,135405,19650,29
MOL,0,20101213,135410,19650,224
RABA,0,20101213,135410,808,100
RABA,0,20101213,135413,807,118
RABA,0,20101213,135413,807,139
RABA,0,20101213,135413,806,100
RABA,0,20101213,135413,806,200
RABA,0,20101213,135413,805,443
RABA,0,20101213,135413,805,9
MOL,0,20101213,135424,19650,126
MOL,0,20101213,135430,19650,100
MOL,0,20101213,135442,19650,200
MOL,0,20101213,135449,19650,74
HUMET,0,20101213,135450,9,100
BUX1012,0,20101213,135453,21550,1
MOL,0,20101213,135453,19650,100
MOL,0,20101213,135453,19650,100
MOL,0,20101213,135501,19650,100
MOL,0,20101213,135516,19650,200
OTP,0,20101213,135518,5291,700
EGIS,0,20101213,135522,20425,27
MOL,0,20101213,135523,19650,100
OTP,0,20101213,135532,5295,65
OTP,0,20101213,135532,5296,85
RICHTER,0,20101213,135536,43220,50
MOL,0,20101213,135542,19650,100
OTP,0,20101213,135544,5296,59
OTP,0,20101213,135544,5297,179
OTP,0,20101213,135544,5297,50
OTP,0,20101213,135544,5298,200
OTP,0,20101213,135544,5298,172
MOL,0,20101213,135545,19650,300
OTP,0,20101213,135550,5291,1
OTP,0,20101213,135611,5291,30
BUX1012,0,20101213,135617,21550,2
MTELEKOM,0,20101213,135626,533,51
MTELEKOM,0,20101213,135626,533,1940
MTELEKOM,0,20101213,135626,533,5115
MTELEKOM,0,20101213,135626,533,1557
MOL,0,20101213,135659,19645,12
EGIS,0,20101213,135719,20430,4
MTELEKOM,0,20101213,135746,532,500
MTELEKOM,0,20101213,135746,532,1500
EGIS,0,20101213,135759,20425,28
MOL,0,20101213,135807,19640,19
MOL,0,20101213,135807,19640,16
MOL,0,20101213,135807,19640,4
MOL,0,20101213,135807,19645,200
MOL,0,20101213,135807,19650,200
MOL,0,20101213,135807,19650,61
MOL,0,20101213,135813,19650,39
MOL,0,20101213,135813,19650,200
MOL,0,20101213,135813,19650,100
MOL,0,20101213,135822,19650,161
MTELEKOM,0,20101213,135825,532,300
MTELEKOM,0,20101213,135825,532,3700
MOL,0,20101213,135828,19650,89
MOL,0,20101213,135828,19650,200
MOL,0,20101213,135834,19650,200
MTELEKOM,0,20101213,135849,532,2290
OTP,0,20101213,135903,5292,200
RICHTER,0,20101213,135921,43300,70
BUX1012,0,20101213,135923,21550,1
BUX1012,0,20101213,135923,21550,1
BUX1012,0,20101213,135935,21550,5
OTP,0,20101213,135938,5291,10
HUMET,0,20101213,135958,8,50
MOL,0,20101213,135958,19650,11
MOL,0,20101213,140003,19650,89
SYNERGON,0,20101213,140009,499,4
OTP,0,20101213,140026,5295,178
OTP,0,20101213,140026,5295,500
OTP,0,20101213,140026,5297,76
OTP,0,20101213,140026,5298,28
OTP,0,20101213,140026,5298,400
OTP,0,20101213,140026,5298,25
OTP,0,20101213,140026,5299,293
OTP,0,20101213,140026,5299,207
OTP,0,20101213,140026,5299,100
OTP,0,20101213,140026,5299,500
OTP,0,20101213,140026,5299,114
OTP,0,20101213,140026,5299,500
OTP,0,20101213,140026,5300,79
MOL,0,20101213,140030,19650,150
MTELEKOM,0,20101213,140031,532,110
MTELEKOM,0,20101213,140031,532,390
OTP,0,20101213,140033,5292,200
OTP,0,20101213,140033,5291,248
MTELEKOM,0,20101213,140106,532,2110
MTELEKOM,0,20101213,140106,532,1950
MTELEKOM,0,20101213,140106,532,1500
MTELEKOM,0,20101213,140106,532,150
MTELEKOM,0,20101213,140106,532,125
MTELEKOM,0,20101213,140106,532,3500
MTELEKOM,0,20101213,140129,532,200
BUX1012,0,20101213,140213,21550,1
OTP,0,20101213,140222,5295,85
OTP,0,20101213,140222,5295,166
OTP,0,20101213,140236,5295,249
OTP,0,20101213,140236,5295,100
OTP,0,20101213,140256,5296,437
MTELEKOM,0,20101213,140258,532,465
MTELEKOM,0,20101213,140258,532,2000
MTELEKOM,0,20101213,140258,533,1337
MTELEKOM,0,20101213,140258,533,2000
MTELEKOM,0,20101213,140258,533,198
MTELEKOM,0,20101213,140319,531,820
MTELEKOM,0,20101213,140319,531,3000
MTELEKOM,0,20101213,140319,531,100
MTELEKOM,0,20101213,140319,531,1989
MTELEKOM,0,20101213,140319,531,700
MTELEKOM,0,20101213,140319,531,5000
MTELEKOM,0,20101213,140319,531,3000
MTELEKOM,0,20101213,140319,531,200
MTELEKOM,0,20101213,140319,531,110
MTELEKOM,0,20101213,140319,531,81
RABA,0,20101213,140326,806,25
RABA,0,20101213,140326,805,48
RABA,0,20101213,140326,805,100
RABA,0,20101213,140326,805,102
MTELEKOM,0,20101213,140331,532,500
MTELEKOM,0,20101213,140348,533,578
RABA,0,20101213,140349,805,898
BUX1012,0,20101213,140401,21550,2
BUX1012,0,20101213,140445,21550,10
OTP,0,20101213,140448,5295,34
MTELEKOM,0,20101213,140502,533,1500
BUX1012,0,20101213,140515,21550,1
KEG,0,20101213,140522,143,950
GENESIS,0,20101213,140535,223,154
GENESIS,0,20101213,140535,222,500
GENESIS,0,20101213,140535,221,42
GENESIS,0,20101213,140535,221,450
GENESIS,0,20101213,140535,221,100
GENESIS,0,20101213,140535,221,200
GENESIS,0,20101213,140535,221,1358
GENESIS,0,20101213,140535,220,250
GENESIS,0,20101213,140535,220,1946
OTP,0,20101213,140541,5295,2000
OTP,0,20101213,140550,5295,966
OTP,0,20101213,140550,5295,34
MTELEKOM,0,20101213,140554,532,1000
MTELEKOM,0,20101213,140554,532,1700
MTELEKOM,0,20101213,140554,532,220
MTELEKOM,0,20101213,140554,531,2080
MTELEKOM,0,20101213,140607,531,839
MTELEKOM,0,20101213,140607,531,300
MTELEKOM,0,20101213,140607,531,500
MTELEKOM,0,20101213,140607,531,400
MTELEKOM,0,20101213,140607,531,100
MTELEKOM,0,20101213,140607,531,1861
RICHTER,0,20101213,140614,43220,20
EGIS,0,20101213,140644,20400,2
RABA,0,20101213,140645,805,200
RABA,0,20101213,140649,805,75
MOL,0,20101213,140654,19650,8
MTELEKOM,0,20101213,140752,531,139
MTELEKOM,0,20101213,140752,531,1861
MOL,0,20101213,140808,19650,100
OTP,0,20101213,140809,5293,800
OTP,0,20101213,140809,5293,1600
MOL,0,20101213,140820,19655,15
MOL,0,20101213,140820,19655,19
MOL,0,20101213,140820,19655,16
MOL,0,20101213,140820,19655,21
MOL,0,20101213,140820,19655,18
OTP,0,20101213,140821,5293,144
OTP,0,20101213,140821,5292,1500
OTP,0,20101213,140821,5292,722
MTELEKOM,0,20101213,140821,531,1500
MOL,0,20101213,140840,19675,200
MOL,0,20101213,140840,19675,150
MOL,0,20101213,140840,19675,100
OTP,0,20101213,140841,5291,500
OTP,0,20101213,140841,5291,500
OTP,0,20101213,140844,5291,3000
OTP,0,20101213,140845,5291,50
OTP,0,20101213,140854,5291,63
OTP,0,20101213,140857,5291,450
OTP,0,20101213,140857,5291,550
OTP,0,20101213,140903,5291,950
OTP,0,20101213,140903,5291,100
RABA,0,20101213,140905,810,120
RABA,0,20101213,140905,810,200
RABA,0,20101213,140905,811,130
RABA,0,20101213,140905,811,616
RICHTER,0,20101213,140912,43150,1
EGIS,0,20101213,140918,20425,10
OTP,0,20101213,140949,5290,4
OTP,0,20101213,140949,5285,100
OTP,0,20101213,140949,5283,96
OTP,0,20101213,140949,5283,100
OTP,0,20101213,140949,5283,4
OTP,0,20101213,140949,5281,146
OTP,0,20101213,140949,5281,70
BUX1012,0,20101213,140958,21546,1
BUX1012,0,20101213,140958,21541,10
BUX1012,0,20101213,140958,21540,22
EGIS,0,20101213,141015,20430,6
EGIS,0,20101213,141015,20430,25
MTELEKOM,0,20101213,141025,531,6639
MTELEKOM,0,20101213,141025,531,853
MTELEKOM,0,20101213,141025,531,280
MTELEKOM,0,20101213,141025,531,500
MTELEKOM,0,20101213,141025,531,1728
MTELEKOM,0,20101213,141047,531,272
MTELEKOM,0,20101213,141047,531,1728
OTP,0,20101213,141058,5290,10
OTP,0,20101213,141058,5291,90
ORC,0,20101213,141100,2020,83
MOL,0,20101213,141102,19655,300
MTELEKOM,0,20101213,141107,532,1500
AAA,0,20101213,141132,202,496
AAA,0,20101213,141132,202,1000
RABA,0,20101213,141140,811,100
MTELEKOM,0,20101213,141142,532,2500
MTELEKOM,0,20101213,141142,532,1649
MTELEKOM,0,20101213,141142,532,851
MOL,0,20101213,141203,19655,100
MOL,0,20101213,141222,19655,41
MOL,0,20101213,141228,19650,153
MOL,0,20101213,141228,19650,300
MOL,0,20101213,141235,19650,47
MOL,0,20101213,141235,19650,21
AAA,0,20101213,141236,200,206
MOL,0,20101213,141238,19650,132
OTP,0,20101213,141240,5285,1
MOL,0,20101213,141242,19650,18
MOL,0,20101213,141247,19650,120
MOL,0,20101213,141247,19650,100
MTELEKOM,0,20101213,141315,532,149
MOL,0,20101213,141318,19650,262
MOL,0,20101213,141324,19650,138
MOL,0,20101213,141324,19650,19
MOL,0,20101213,141325,19650,200
EGIS,0,20101213,141325,20425,15
EGIS,0,20101213,141325,20425,33
AAA,0,20101213,141326,201,298
OTP,0,20101213,141329,5285,300
OTP,0,20101213,141349,5285,99
OTP,0,20101213,141349,5283,500
OTP,0,20101213,141349,5282,401
MOL,0,20101213,141350,19650,143
MOL,0,20101213,141350,19650,7
KEG,0,20101213,141408,144,350
OTP,0,20101213,141439,5286,320
OTP,0,20101213,141445,5282,1
MTELEKOM,0,20101213,141500,531,3272
MTELEKOM,0,20101213,141500,531,200
MTELEKOM,0,20101213,141500,531,250
MTELEKOM,0,20101213,141500,531,1040
MTELEKOM,0,20101213,141500,531,2238
OTP,0,20101213,141516,5282,72
MOL,0,20101213,141538,19650,231
MOL,0,20101213,141538,19650,499
MOL,0,20101213,141552,19650,1
MTELEKOM,0,20101213,141625,531,6791
MTELEKOM,0,20101213,141625,531,4965
MTELEKOM,0,20101213,141625,531,244
MTELEKOM,0,20101213,141632,531,256
MOL,0,20101213,141644,19650,99
MOL,0,20101213,141644,19650,19
MOL,0,20101213,141644,19650,300
MOL,0,20101213,141710,19650,82
MOL,0,20101213,141710,19650,415
MTELEKOM,0,20101213,141716,531,637
PHYLAXIA,0,20101213,141722,44,3900
MTELEKOM,0,20101213,141729,531,1000
MOL,0,20101213,141735,19650,85
MOL,0,20101213,141735,19650,115
MTELEKOM,0,20101213,141740,531,125
OTP,0,20101213,141747,5282,1000
OTP,0,20101213,141748,5282,20
MTELEKOM,0,20101213,141820,530,120
MTELEKOM,0,20101213,141820,530,5000
MTELEKOM,0,20101213,141820,530,525
MTELEKOM,0,20101213,141820,530,210
OTP,0,20101213,141839,5282,6
MTELEKOM,0,20101213,141844,530,6000
OTP,0,20101213,141847,5280,100
MTELEKOM,0,20101213,141848,530,2500
MTELEKOM,0,20101213,141853,530,15645
MTELEKOM,0,20101213,141853,530,406
MTELEKOM,0,20101213,141853,530,2000
MTELEKOM,0,20101213,141853,530,750
MTELEKOM,0,20101213,141853,530,1000
MTELEKOM,0,20101213,141853,530,300
MTELEKOM,0,20101213,141853,530,570
MTELEKOM,0,20101213,141853,530,50
MTELEKOM,0,20101213,141853,530,500
MTELEKOM,0,20101213,141853,530,292
MTELEKOM,0,20101213,141853,530,50
MTELEKOM,0,20101213,141853,530,1000
MTELEKOM,0,20101213,141853,530,7437
MTELEKOM,0,20101213,141853,530,925
MTELEKOM,0,20101213,141855,530,1638
MTELEKOM,0,20101213,141855,530,2000
MTELEKOM,0,20101213,141855,530,1000
MTELEKOM,0,20101213,141855,530,100
MTELEKOM,0,20101213,141855,530,150
MTELEKOM,0,20101213,141855,530,1000
MTELEKOM,0,20101213,141855,530,3000
MTELEKOM,0,20101213,141855,530,200
MTELEKOM,0,20101213,141855,530,912
MTELEKOM,0,20101213,141857,530,1088
MTELEKOM,0,20101213,141857,530,1000
MTELEKOM,0,20101213,141857,530,200
MTELEKOM,0,20101213,141857,530,200
MTELEKOM,0,20101213,141857,530,320
MTELEKOM,0,20101213,141857,530,37
MTELEKOM,0,20101213,141857,530,1500
MTELEKOM,0,20101213,141857,530,655
MOL,0,20101213,141858,19650,185
MOL,0,20101213,141858,19650,4
MOL,0,20101213,141858,19650,500
MTELEKOM,0,20101213,141859,530,345
MTELEKOM,0,20101213,141859,530,100
MTELEKOM,0,20101213,141859,530,1800
MTELEKOM,0,20101213,141859,530,5000
MTELEKOM,0,20101213,141859,530,1000
MTELEKOM,0,20101213,141859,530,155
MTELEKOM,0,20101213,141859,530,35
MTELEKOM,0,20101213,141859,530,700
MTELEKOM,0,20101213,141859,530,11032
MTELEKOM,0,20101213,141859,530,5000
MTELEKOM,0,20101213,141859,530,50
MTELEKOM,0,20101213,141859,530,1645
MTELEKOM,0,20101213,141859,530,1000
MTELEKOM,0,20101213,141859,530,150
MTELEKOM,0,20101213,141859,529,100
MTELEKOM,0,20101213,141859,529,189
MTELEKOM,0,20101213,141859,529,200
MTELEKOM,0,20101213,141859,529,1
MTELEKOM,0,20101213,141859,529,50
MTELEKOM,0,20101213,141859,529,500
MTELEKOM,0,20101213,141859,529,1000
MTELEKOM,0,20101213,141859,529,460
MTELEKOM,0,20101213,141859,529,540
MTELEKOM,0,20101213,141859,529,30
MTELEKOM,0,20101213,141859,528,110
MTELEKOM,0,20101213,141859,528,320
MTELEKOM,0,20101213,141859,528,116
MTELEKOM,0,20101213,141859,528,300
MTELEKOM,0,20101213,141859,528,524
MTELEKOM,0,20101213,141900,528,476
MTELEKOM,0,20101213,141900,528,600
MTELEKOM,0,20101213,141900,528,1998
MTELEKOM,0,20101213,141900,528,110
