<TICKER>,<PER>,<DTYYYYMMDD>,<TIME>,<CLOSE>,<VOLUME>
BOOK,0,20101230,090003,464,100
BOOK,0,20101230,090003,464,100
ECONET,0,20101230,090003,89,3000
ECONET,0,20101230,090003,89,3000
ECONET,0,20101230,090003,89,1336
FHB,0,20101230,090003,956,100
FHB,0,20101230,090003,956,200
FHB,0,20101230,090003,956,200
FHB,0,20101230,090003,956,181
GENESIS,0,20101230,090003,175,150
KEG,0,20101230,090003,140,40
KEG,0,20101230,090003,140,750
KEG,0,20101230,090003,140,10
MOL,0,20101230,090003,20500,40
MOL,0,20101230,090003,20500,15
MTELEKOM,0,20101230,090003,514,12244
MTELEKOM,0,20101230,090003,514,1500
MTELEKOM,0,20101230,090003,514,400
MTELEKOM,0,20101230,090003,514,100
MTELEKOM,0,20101230,090003,514,340
MTELEKOM,0,20101230,090003,514,1160
MTELEKOM,0,20101230,090003,514,840
MTELEKOM,0,20101230,090003,514,1000
MTELEKOM,0,20101230,090003,514,860
MTELEKOM,0,20101230,090003,514,140
MTELEKOM,0,20101230,090003,514,1000
MTELEKOM,0,20101230,090003,514,460
MTELEKOM,0,20101230,090003,514,200
OTP,0,20101230,090003,5100,24
OTP,0,20101230,090003,5100,122
OTP,0,20101230,090003,5100,1883
OTP,0,20101230,090003,5100,261
OTP,0,20101230,090003,5100,100
OTP,0,20101230,090003,5100,56
OTP,0,20101230,090003,5100,83
OTP,0,20101230,090003,5100,217
OTP,0,20101230,090003,5100,20
OTP,0,20101230,090003,5100,8
OTP,0,20101230,090003,5100,100
OTP,0,20101230,090003,5100,100
OTP,0,20101230,090003,5100,100
OTP,0,20101230,090003,5100,500
OTP,0,20101230,090003,5100,10
OTP,0,20101230,090003,5100,945
OTP,0,20101230,090003,5100,55
OTP,0,20101230,090003,5100,465
OTP,0,20101230,090003,5100,480
OTP,0,20101230,090003,5100,20
OTP,0,20101230,090003,5100,13
OTP,0,20101230,090003,5100,200
OTP,0,20101230,090003,5100,300
OTP,0,20101230,090003,5100,30
OTP,0,20101230,090003,5100,40
OTP,0,20101230,090003,5100,6
OTP,0,20101230,090003,5100,50
OTP,0,20101230,090003,5100,200
OTP,0,20101230,090003,5100,100
OTP,0,20101230,090003,5100,21
OTP,0,20101230,090003,5100,20
OTP,0,20101230,090003,5100,64
OTP,0,20101230,090003,5100,291
OTP,0,20101230,090003,5100,7
OTP,0,20101230,090003,5100,490
OTP,0,20101230,090003,5100,148
OTP,0,20101230,090003,5100,300
OTP,0,20101230,090003,5100,230
OTP,0,20101230,090003,5100,157
OTP,0,20101230,090003,5100,14
OTP,0,20101230,090003,5100,20
OTP,0,20101230,090003,5100,100
OTP,0,20101230,090003,5100,948
OTP,0,20101230,090003,5100,400
OTP,0,20101230,090003,5100,40
OTP,0,20101230,090003,5100,131
OTP,0,20101230,090003,5100,281
OTP,0,20101230,090003,5100,50
OTP,0,20101230,090003,5100,50
OTP,0,20101230,090003,5100,12
OTP,0,20101230,090003,5100,50
OTP,0,20101230,090003,5100,10
OTP,0,20101230,090003,5100,294
OTP,0,20101230,090003,5100,86
OTP,0,20101230,090003,5100,60
OTP,0,20101230,090003,5100,10
OTP,0,20101230,090003,5100,100
OTP,0,20101230,090003,5100,5
OTP,0,20101230,090003,5100,195
OTP,0,20101230,090003,5100,100
OTP,0,20101230,090003,5100,412
OTP,0,20101230,090003,5100,10
OTP,0,20101230,090003,5100,100
OTP,0,20101230,090003,5100,175
OTP,0,20101230,090003,5100,20
RABA,0,20101230,090003,803,2661
TVK,0,20101230,090003,3310,99
TVK,0,20101230,090003,3310,1
OTP,0,20101230,090200,5100,90
OTP,0,20101230,090200,5100,2715
OTP,0,20101230,090200,5100,15
OTP,0,20101230,090200,5100,200
OTP,0,20101230,090200,5100,30
OTP,0,20101230,090200,5100,725
OTP,0,20101230,090200,5100,65
OTP,0,20101230,090200,5100,70
OTP,0,20101230,090200,5100,10
OTP,0,20101230,090200,5100,1500
OTP,0,20101230,090200,5100,50
OTP,0,20101230,090200,5100,14
OTP,0,20101230,090200,5100,186
OTP,0,20101230,090200,5100,20
OTP,0,20101230,090200,5100,100
OTP,0,20101230,090200,5100,20
OTP,0,20101230,090200,5100,25
OTP,0,20101230,090200,5100,20
OTP,0,20101230,090200,5100,100
OTP,0,20101230,090200,5100,60
OTP,0,20101230,090200,5100,500
OTP,0,20101230,090200,5100,250
OTP,0,20101230,090200,5100,50
KEG,0,20101230,090203,139,3000
OTP,0,20101230,090208,5100,10
OTP,0,20101230,090209,5100,50
OTP,0,20101230,090210,5100,20
OTP,0,20101230,090227,5100,350
OTP,0,20101230,090243,5096,17
OTP,0,20101230,090243,5096,3
OTP,0,20101230,090243,5095,97
OTP,0,20101230,090243,5095,103
OTP,0,20101230,090243,5095,30
OTP,0,20101230,090243,5090,50
OTP,0,20101230,090243,5089,17
OTP,0,20101230,090243,5089,21
OTP,0,20101230,090243,5086,44
OTP,0,20101230,090243,5085,30
OTP,0,20101230,090243,5085,5
OTP,0,20101230,090243,5085,25
OTP,0,20101230,090243,5085,50
OTP,0,20101230,090243,5083,25
OTP,0,20101230,090243,5083,5
OTP,0,20101230,090243,5080,100
OTP,0,20101230,090243,5080,95
OTP,0,20101230,090243,5080,15
OTP,0,20101230,090243,5080,100
BUX1112,0,20101230,090248,21987,1
ORC,0,20101230,090249,1970,50
GENESIS,0,20101230,090253,175,50
GENESIS,0,20101230,090253,177,10
OTP,0,20101230,090257,5080,790
OTP,0,20101230,090257,5080,115
OTP,0,20101230,090257,5080,32
OTP,0,20101230,090257,5080,63
OTP,0,20101230,090301,5080,237
OTP,0,20101230,090301,5080,6
OTP,0,20101230,090301,5080,500
OTP,0,20101230,090301,5080,100
OTP,0,20101230,090301,5080,100
OTP,0,20101230,090301,5080,50
OTP,0,20101230,090301,5078,30
OTP,0,20101230,090301,5075,10
OTP,0,20101230,090301,5075,2
OTP,0,20101230,090301,5075,20
OTP,0,20101230,090301,5075,6
OTP,0,20101230,090301,5075,20
OTP,0,20101230,090301,5071,13
OTP,0,20101230,090301,5070,15
OTP,0,20101230,090301,5070,30
OTP,0,20101230,090301,5068,25
OTP,0,20101230,090301,5068,35
OTP,0,20101230,090301,5068,18
OTP,0,20101230,090301,5066,16
BUX1112,0,20101230,090306,21982,4
BUX1112,0,20101230,090306,21980.5,9
OTP,0,20101230,090310,5067,40
OTP,0,20101230,090310,5069,4
BUX1112,0,20101230,090318,21971,1
OTP,0,20101230,090326,5070,50
BUX1112,0,20101230,090327,21971,2
OTP,0,20101230,090333,5070,7
OTP,0,20101230,090425,5079,25
OTP,0,20101230,090425,5080,1000
OTP,0,20101230,090425,5080,30
OTP,0,20101230,090431,5080,20
OTP,0,20101230,090433,5080,1000
PFLAX,0,20101230,090445,599,251
OTP,0,20101230,090506,5083,30
OTP,0,20101230,090519,5085,7
MTELEKOM,0,20101230,090526,514,1000
OTP,0,20101230,090537,5090,50
OTP,0,20101230,090537,5090,135
OTP,0,20101230,090538,5090,120
OTP,0,20101230,090538,5085,13
OTP,0,20101230,090538,5085,20
OTP,0,20101230,090538,5085,67
MTELEKOM,0,20101230,090539,515,1000
MTELEKOM,0,20101230,090539,515,300
OTP,0,20101230,090546,5090,41
OTP,0,20101230,090559,5090,200
OTP,0,20101230,090608,5090,4
OTP,0,20101230,090608,5090,16
MTELEKOM,0,20101230,090633,516,300
MTELEKOM,0,20101230,090633,516,1790
MTELEKOM,0,20101230,090633,516,600
MTELEKOM,0,20101230,090633,516,2200
MTELEKOM,0,20101230,090633,517,200
MTELEKOM,0,20101230,090633,517,1000
MTELEKOM,0,20101230,090633,517,610
MOL,0,20101230,090640,20500,22
MOL,0,20101230,090640,20500,6
MOL,0,20101230,090640,20500,1
BUX1112,0,20101230,090640,21971,2
OTP,0,20101230,090641,5095,140
OTP,0,20101230,090641,5098,100
OTP,0,20101230,090641,5099,375
ZWACK,0,20101230,090700,13100,10
MTELEKOM,0,20101230,090710,515,5
RICHTER,0,20101230,090742,42900,10
RICHTER,0,20101230,090742,43000,53
RICHTER,0,20101230,090742,43100,26
RICHTER,0,20101230,090742,43100,11
OTP,0,20101230,090836,5097,325
OTP,0,20101230,090836,5098,50
OTP,0,20101230,090836,5098,500
OTP,0,20101230,090836,5099,150
OTP,0,20101230,090836,5099,50
OTP,0,20101230,090836,5099,50
OTP,0,20101230,090836,5100,845
OTP,0,20101230,090836,5100,100
OTP,0,20101230,090836,5100,1000
OTP,0,20101230,090836,5100,500
OTP,0,20101230,090836,5100,200
OTP,0,20101230,090836,5100,155
OTP,0,20101230,090839,5094,20
EBGOLD,0,20101230,090900,3001,33
OTP,0,20101230,090906,5098,200
OTP,0,20101230,090909,5099,60
OTP,0,20101230,090922,5099,100
OTP,0,20101230,090928,5099,15
MTELEKOM,0,20101230,090956,515,5
MTELEKOM,0,20101230,090956,514,1000
MTELEKOM,0,20101230,090956,513,285
MTELEKOM,0,20101230,090956,513,705
OTP,0,20101230,091002,5097,24
OTP,0,20101230,091002,5099,25
OTP,0,20101230,091012,5100,195
OTP,0,20101230,091012,5100,650
OTP,0,20101230,091012,5100,155
OTP,0,20101230,091012,5100,50
OTP,0,20101230,091012,5099,151
OTP,0,20101230,091012,5099,60
PFLAX,0,20101230,091054,599,19
PFLAX,0,20101230,091054,590,61
RFV,0,20101230,091108,8485,20
ZWACK,0,20101230,091143,13060,3
OTP,0,20101230,091221,5094,10
OTP,0,20101230,091221,5093,10
KEG,0,20101230,091222,139,750
OTP,0,20101230,091224,5099,50
OTP,0,20101230,091250,5100,15
PFLAX,0,20101230,091306,590,99
OTP,0,20101230,091307,5100,323
OTP,0,20101230,091311,5100,457
OTP,0,20101230,091311,5100,82
OTP,0,20101230,091311,5100,100
OTP,0,20101230,091316,5100,18
OTP,0,20101230,091316,5100,2
OTP,0,20101230,091327,5100,100
MTELEKOM,0,20101230,091416,514,6200
OTP,0,20101230,091418,5099,98
OTP,0,20101230,091423,5099,20
GENESIS,0,20101230,091429,175,45
GENESIS,0,20101230,091429,174,100
PFLAX,0,20101230,091443,590,140
OTP,0,20101230,091453,5100,20
KEG,0,20101230,091504,138,295
KEG,0,20101230,091504,138,500
KEG,0,20101230,091504,138,2000
KEG,0,20101230,091504,138,200
KEG,0,20101230,091504,138,600
KEG,0,20101230,091504,138,1855
OTP,0,20101230,091517,5099,432
OTP,0,20101230,091548,5099,60
GENESIS,0,20101230,091600,177,50
OTP,0,20101230,091757,5095,50
OTP,0,20101230,091757,5095,15
OTP,0,20101230,091757,5094,25
OTP,0,20101230,091814,5093,100
GENESIS,0,20101230,091816,171,145
GENESIS,0,20101230,091816,170,200
GENESIS,0,20101230,091816,170,95
EGIS,0,20101230,091832,20060,5
EGIS,0,20101230,091832,20085,30
EGIS,0,20101230,091832,20090,102
OTP,0,20101230,091837,5093,10
OTP,0,20101230,091841,5093,30
OTP,0,20101230,091841,5091,200
OTP,0,20101230,091841,5090,80
OTP,0,20101230,091841,5090,190
OTP,0,20101230,091857,5093,160
OTP,0,20101230,091857,5090,10
OTP,0,20101230,091857,5090,125
MTELEKOM,0,20101230,091908,513,500
MTELEKOM,0,20101230,091920,513,95
MTELEKOM,0,20101230,091920,513,3
MTELEKOM,0,20101230,091920,513,2000
MTELEKOM,0,20101230,091920,513,660
MTELEKOM,0,20101230,091920,513,5242
OTP,0,20101230,091922,5086,273
MTELEKOM,0,20101230,091925,513,4758
MTELEKOM,0,20101230,091925,513,100
MTELEKOM,0,20101230,091925,513,5290
MTELEKOM,0,20101230,091925,513,600
MTELEKOM,0,20101230,091925,513,1000
OTP,0,20101230,091935,5086,11
OTP,0,20101230,091935,5086,89
GENESIS,0,20101230,091948,177,50
MTELEKOM,0,20101230,091957,512,250
HUMET,0,20101230,092121,8,1
OTP,0,20101230,092144,5090,140
OTP,0,20101230,092144,5090,110
MOL,0,20101230,092150,20505,50
MOL,0,20101230,092150,20500,19
OTP,0,20101230,092201,5090,70
MTELEKOM,0,20101230,092238,514,1000
DANUBIUS,0,20101230,092251,4400,29
GENESIS,0,20101230,092310,172,3000
MTELEKOM,0,20101230,092310,514,300
RICHTER,0,20101230,092324,43050,21
KEG,0,20101230,092328,139,400
RICHTER,0,20101230,092344,43050,2
MTELEKOM,0,20101230,092347,514,800
OTP,0,20101230,092355,5086,11
TVK,0,20101230,092402,3305,1
TVK,0,20101230,092402,3300,29
DANUBIUS,0,20101230,092421,4400,21
ZWACK,0,20101230,092505,13060,5
DANUBIUS,0,20101230,092507,4400,22
MTELEKOM,0,20101230,092533,514,600
BUX1112,0,20101230,092551,21975,1
BUX1112,0,20101230,092551,21971,3
BUX1112,0,20101230,092551,21968,1
BUX1112,0,20101230,092551,21967,1
BUX1112,0,20101230,092551,21964,2
BUX1112,0,20101230,092551,21960.5,1
GENESIS,0,20101230,092552,176,30
ORC,0,20101230,092556,1965,200
MOL,0,20101230,092604,20505,3
MOL,0,20101230,092604,20500,30
MOL,0,20101230,092610,20500,67
OTP,0,20101230,092613,5082,15
BUX1112,0,20101230,092619,21955.5,1
BUX1112,0,20101230,092619,21953,4
PANNERGY,0,20101230,092624,910,380
GENESIS,0,20101230,092627,170,140
PVALTO,0,20101230,092630,1650,60
RICHTER,0,20101230,092655,42850,6
OTP,0,20101230,092700,5082,35
OTP,0,20101230,092708,5081,300
OTP,0,20101230,092708,5081,200
OTP,0,20101230,092708,5080,20
OTP,0,20101230,092708,5080,100
OTP,0,20101230,092708,5080,500
OTP,0,20101230,092736,5076,50
OTP,0,20101230,092736,5076,100
OTP,0,20101230,092736,5076,20
OTP,0,20101230,092736,5075,330
PFLAX,0,20101230,092739,576,100
PFLAX,0,20101230,092739,575,100
GENESIS,0,20101230,092751,176,60
GENESIS,0,20101230,092751,177,10
OTP,0,20101230,092752,5075,670
OTP,0,20101230,092752,5075,330
MOL,0,20101230,092752,20500,68
OTP,0,20101230,092757,5075,20
OTP,0,20101230,092757,5075,180
OTP,0,20101230,092758,5075,10
OTP,0,20101230,092758,5074,990
OTP,0,20101230,092802,5074,468
OTP,0,20101230,092807,5070,22
OTP,0,20101230,092807,5070,100
OTP,0,20101230,092807,5070,200
OTP,0,20101230,092807,5070,178
OTP,0,20101230,092814,5070,500
OTP,0,20101230,092816,5070,322
OTP,0,20101230,092816,5070,178
OTP,0,20101230,092820,5070,22
OTP,0,20101230,092820,5070,100
OTP,0,20101230,092820,5070,30
OTP,0,20101230,092838,5079,6
OTP,0,20101230,092855,5070,590
KEG,0,20101230,092858,139,500
OTP,0,20101230,092902,5070,410
OTP,0,20101230,092902,5070,100
OTP,0,20101230,092915,5070,500
OTP,0,20101230,092917,5075,300
OTP,0,20101230,092917,5075,300
OTP,0,20101230,092917,5070,354
OTP,0,20101230,092919,5070,146
OTP,0,20101230,092926,5079,4
OTP,0,20101230,092926,5079,392
BUX1112,0,20101230,092928,21955.5,1
OTP,0,20101230,092936,5070,30
OTP,0,20101230,092936,5070,20
OTP,0,20101230,092936,5070,250
OTP,0,20101230,092937,5070,40
MTELEKOM,0,20101230,092941,512,138
MTELEKOM,0,20101230,092941,512,362
OTP,0,20101230,092945,5070,100
OTP,0,20101230,092946,5070,10
OTP,0,20101230,092948,5070,50
OTP,0,20101230,093012,5070,100
OTP,0,20101230,093013,5070,40
OTP,0,20101230,093013,5070,49
BUX1112,0,20101230,093019,21957,2
OTP,0,20101230,093031,5070,50
BUX1112,0,20101230,093035,21956,1
BUX1112,0,20101230,093035,21956,1
FHB,0,20101230,093038,960,100
OTP,0,20101230,093044,5070,401
OTP,0,20101230,093044,5070,99
OTP,0,20101230,093049,5070,101
TVK,0,20101230,093101,3300,50
RICHTER,0,20101230,093113,42850,9
OTP,0,20101230,093117,5066,50
OTP,0,20101230,093117,5066,100
OTP,0,20101230,093117,5066,850
RICHTER,0,20101230,093118,42800,2
OTP,0,20101230,093119,5066,150
OTP,0,20101230,093123,5067,500
OTP,0,20101230,093128,5065,600
OTP,0,20101230,093128,5065,400
OTP,0,20101230,093132,5065,200
MOL,0,20101230,093142,20585,40
MOL,0,20101230,093142,20585,111
MOL,0,20101230,093142,20600,10
MOL,0,20101230,093142,20600,4
MOL,0,20101230,093142,20600,80
MOL,0,20101230,093142,20600,10
OTP,0,20101230,093144,5061,18
OTP,0,20101230,093144,5061,60
OTP,0,20101230,093144,5061,2
OTP,0,20101230,093144,5060,15
OTP,0,20101230,093144,5060,6
OTP,0,20101230,093144,5060,6
OTP,0,20101230,093144,5060,14
OTP,0,20101230,093144,5060,100
OTP,0,20101230,093144,5060,100
OTP,0,20101230,093144,5060,333
OTP,0,20101230,093144,5060,167
OTP,0,20101230,093144,5060,20
OTP,0,20101230,093144,5057,20
OTP,0,20101230,093144,5057,90
OTP,0,20101230,093144,5057,100
OTP,0,20101230,093144,5056,933
OTP,0,20101230,093144,5056,7
OTP,0,20101230,093144,5056,50
BUX1112,0,20101230,093159,21955,1
BUX1112,0,20101230,093159,21955,1
BUX1112,0,20101230,093159,21955,1
OTP,0,20101230,093201,5060,458
OTP,0,20101230,093202,5060,20
OTP,0,20101230,093206,5060,162
BUX1112,0,20101230,093219,21955,2
OTP,0,20101230,093220,5065,100
OTP,0,20101230,093224,5056,10000
OTP,0,20101230,093224,5060,500
OTP,0,20101230,093245,5056,10
OTP,0,20101230,093245,5056,15
OTP,0,20101230,093245,5056,50
OTP,0,20101230,093245,5056,100
OTP,0,20101230,093245,5056,159
OTP,0,20101230,093245,5056,20
OTP,0,20101230,093245,5056,946
OTP,0,20101230,093259,5060,10
MOL,0,20101230,093303,20600,300
RICHTER,0,20101230,093304,42800,15
OTP,0,20101230,093311,5060,60
ZWACK,0,20101230,093313,13060,4
MTELEKOM,0,20101230,093344,513,16
MTELEKOM,0,20101230,093344,512,138
MTELEKOM,0,20101230,093344,512,671
OTP,0,20101230,093357,5060,50
OTP,0,20101230,093405,5058,15
OTP,0,20101230,093405,5057,20
OTP,0,20101230,093405,5056,54
OTP,0,20101230,093405,5056,1000
OTP,0,20101230,093405,5056,50
OTP,0,20101230,093405,5056,500
OTP,0,20101230,093405,5056,100
OTP,0,20101230,093405,5055,55
OTP,0,20101230,093405,5055,200
OTP,0,20101230,093405,5055,200
OTP,0,20101230,093405,5055,1806
OTP,0,20101230,093405,5055,21
MOL,0,20101230,093413,20600,4
MOL,0,20101230,093413,20600,100
MOL,0,20101230,093413,20600,46
MOL,0,20101230,093421,20600,94
MTELEKOM,0,20101230,093423,512,1050
MOL,0,20101230,093425,20600,1
OTP,0,20101230,093427,5060,100
OTP,0,20101230,093429,5055,173
OTP,0,20101230,093429,5055,100
OTP,0,20101230,093429,5055,50
OTP,0,20101230,093429,5052,100
OTP,0,20101230,093429,5052,2000
OTP,0,20101230,093429,5052,50
OTP,0,20101230,093429,5051,50
OTP,0,20101230,093429,5051,50
OTP,0,20101230,093429,5051,1085
OTP,0,20101230,093429,5051,200
OTP,0,20101230,093429,5051,12
OTP,0,20101230,093429,5051,50
OTP,0,20101230,093429,5051,2080
OTP,0,20101230,093429,5051,100
GENESIS,0,20101230,093429,171,55
GENESIS,0,20101230,093429,171,595
OTP,0,20101230,093430,5060,67
OTP,0,20101230,093433,5051,320
OTP,0,20101230,093433,5051,15
OTP,0,20101230,093433,5051,100
OTP,0,20101230,093433,5050,25
OTP,0,20101230,093433,5050,50
OTP,0,20101230,093433,5050,25
OTP,0,20101230,093433,5050,50
OTP,0,20101230,093433,5050,124
OTP,0,20101230,093433,5050,30
OTP,0,20101230,093433,5050,37
OTP,0,20101230,093433,5050,125
OTP,0,20101230,093433,5050,100
OTP,0,20101230,093433,5050,200
OTP,0,20101230,093433,5050,50
OTP,0,20101230,093433,5050,100
OTP,0,20101230,093433,5050,240
OTP,0,20101230,093433,5050,200
OTP,0,20101230,093433,5050,6
OTP,0,20101230,093433,5050,403
OTP,0,20101230,093433,5050,200
OTP,0,20101230,093433,5050,117
OTP,0,20101230,093433,5050,33
OTP,0,20101230,093433,5050,221
MTELEKOM,0,20101230,093441,512,1279
MTELEKOM,0,20101230,093441,512,845
MTELEKOM,0,20101230,093441,512,2000
MTELEKOM,0,20101230,093441,512,1000
MTELEKOM,0,20101230,093441,512,100
MTELEKOM,0,20101230,093441,512,48
MTELEKOM,0,20101230,093441,512,855
MTELEKOM,0,20101230,093441,512,508
MTELEKOM,0,20101230,093441,512,2000
MTELEKOM,0,20101230,093441,512,220
MTELEKOM,0,20101230,093441,512,15000
MTELEKOM,0,20101230,093441,512,1000
MTELEKOM,0,20101230,093441,512,1200
MTELEKOM,0,20101230,093441,512,320
MTELEKOM,0,20101230,093441,512,600
MTELEKOM,0,20101230,093441,512,2200
MTELEKOM,0,20101230,093441,512,1000
MTELEKOM,0,20101230,093441,512,1000
MTELEKOM,0,20101230,093441,512,3000
MTELEKOM,0,20101230,093441,512,5000
MTELEKOM,0,20101230,093441,512,200
MTELEKOM,0,20101230,093441,512,600
MTELEKOM,0,20101230,093441,512,1350
RICHTER,0,20101230,093508,42800,3
OTP,0,20101230,093509,5055,100
OTP,0,20101230,093509,5051,100
OTP,0,20101230,093509,5051,10
OTP,0,20101230,093510,5056,3000
RICHTER,0,20101230,093541,42750,4
OTP,0,20101230,093545,5051,10
OTP,0,20101230,093545,5051,20
OTP,0,20101230,093545,5051,20
OTP,0,20101230,093546,5060,200
MTELEKOM,0,20101230,093548,512,1000
MTELEKOM,0,20101230,093602,512,5000
OTP,0,20101230,093613,5051,10
OTP,0,20101230,093635,5052,300
OTP,0,20101230,093635,5051,50
OTP,0,20101230,093635,5051,2000
OTP,0,20101230,093635,5050,16
OTP,0,20101230,093635,5050,122
OTP,0,20101230,093635,5050,1012
OTP,0,20101230,093638,5051,40
OTP,0,20101230,093647,5059,100
OTP,0,20101230,093647,5060,10
OTP,0,20101230,093647,5060,90
OTP,0,20101230,093647,5060,17
MOL,0,20101230,093704,20505,25
OTP,0,20101230,093705,5051,460
OTP,0,20101230,093705,5051,200
OTP,0,20101230,093705,5050,1340
OTP,0,20101230,093711,5051,500
OTP,0,20101230,093718,5050,2648
OTP,0,20101230,093718,5050,185
OTP,0,20101230,093718,5050,2370
OTP,0,20101230,093718,5050,150
OTP,0,20101230,093718,5050,150
OTP,0,20101230,093718,5050,800
OTP,0,20101230,093718,5050,270
OTP,0,20101230,093718,5050,10
OTP,0,20101230,093718,5050,30
OTP,0,20101230,093718,5050,83
OTP,0,20101230,093718,5050,784
OTP,0,20101230,093718,5050,20
DANUBIUS,0,20101230,093721,4355,20
OTP,0,20101230,093721,5050,18
OTP,0,20101230,093723,5050,82
OTP,0,20101230,093723,5050,200
OTP,0,20101230,093723,5050,10
OTP,0,20101230,093723,5050,70
OTP,0,20101230,093723,5050,100
BUX1112,0,20101230,093724,21955,1
BUX1112,0,20101230,093724,21953,6
BUX1112,0,20101230,093724,21952,5
BUX1112,0,20101230,093724,21950,1
BUX1112,0,20101230,093724,21950,4
OTP,0,20101230,093735,5050,38
OTP,0,20101230,093735,5050,52
OTP,0,20101230,093738,5050,1000
BUX1112,0,20101230,093755,21945,4
BUX1112,0,20101230,093755,21935,1
BUX1112,0,20101230,093755,21935,58
BUX1112,0,20101230,093755,21932,1
BUX1112,0,20101230,093755,21930.5,1
DANUBIUS,0,20101230,093759,4300,6
OTP,0,20101230,093815,5045,10
OTP,0,20101230,093815,5045,90
OTP,0,20101230,093815,5045,10
OTP,0,20101230,093815,5044,39
OTP,0,20101230,093815,5042,100
OTP,0,20101230,093815,5040,3
OTP,0,20101230,093815,5040,25
OTP,0,20101230,093815,5040,63
OTP,0,20101230,093815,5040,77
OTP,0,20101230,093815,5040,25
OTP,0,20101230,093815,5040,335
OTP,0,20101230,093815,5040,96
OTP,0,20101230,093815,5040,4
OTP,0,20101230,093815,5036,296
OTP,0,20101230,093827,5036,204
OTP,0,20101230,093827,5033,20
OTP,0,20101230,093827,5032,100
OTP,0,20101230,093827,5031,300
OTP,0,20101230,093827,5030,17
OTP,0,20101230,093827,5030,200
OTP,0,20101230,093827,5030,100
OTP,0,20101230,093827,5030,1000
OTP,0,20101230,093827,5030,215
OTP,0,20101230,093827,5030,500
OTP,0,20101230,093827,5028,11
OTP,0,20101230,093829,5030,344
KEG,0,20101230,093829,139,100
KEG,0,20101230,093829,138,1100
OTP,0,20101230,093831,5033,10
OTP,0,20101230,093831,5030,646
BUX1112,0,20101230,093835,21945,1
OTP,0,20101230,093837,5030,10
OTP,0,20101230,093837,5030,40
MTELEKOM,0,20101230,093843,512,600
OTP,0,20101230,093845,5028,250
OTP,0,20101230,093845,5036,10
FHB,0,20101230,093848,960,35
FHB,0,20101230,093848,956,105
FHB,0,20101230,093848,955,10
OTP,0,20101230,093849,5036,190
OTP,0,20101230,093908,5033,15
HUMET,0,20101230,093916,8,2300
OTP,0,20101230,093916,5033,5
MTELEKOM,0,20101230,093932,512,200
MTELEKOM,0,20101230,093934,512,500
EBGOLD,0,20101230,093934,3001,32
BUX1112,0,20101230,093935,21929,1
OTP,0,20101230,093939,5040,150
OTP,0,20101230,093942,5040,50
OTP,0,20101230,093956,5033,15
OTP,0,20101230,093956,5031,35
BUX1112,0,20101230,094002,21927.5,1
BUX1112,0,20101230,094009,21924,2
OTP,0,20101230,094030,5032,100
OTP,0,20101230,094035,5031,50
GENESIS,0,20101230,094053,175,50
MTELEKOM,0,20101230,094115,513,50
MTELEKOM,0,20101230,094115,514,200
OTP,0,20101230,094122,5044,90
OTP,0,20101230,094143,5044,44
EGIS,0,20101230,094150,20090,2
EGIS,0,20101230,094150,20090,4
OTP,0,20101230,094204,5044,166
OTP,0,20101230,094204,5044,234
OTP,0,20101230,094209,5044,66
OTP,0,20101230,094222,5044,333
OTP,0,20101230,094227,5045,50
OTP,0,20101230,094230,5045,14
MTELEKOM,0,20101230,094240,513,500
MTELEKOM,0,20101230,094240,514,100
MTELEKOM,0,20101230,094240,514,90
MTELEKOM,0,20101230,094240,514,200
MTELEKOM,0,20101230,094240,514,2000
MTELEKOM,0,20101230,094240,514,30
MTELEKOM,0,20101230,094240,514,2000
MTELEKOM,0,20101230,094240,514,300
MTELEKOM,0,20101230,094240,514,3000
MTELEKOM,0,20101230,094240,514,1350
MTELEKOM,0,20101230,094240,514,1000
MTELEKOM,0,20101230,094240,514,3248
MTELEKOM,0,20101230,094240,514,982
OTP,0,20101230,094246,5045,6
OTP,0,20101230,094255,5049,10
BUX1112,0,20101230,094256,21925,1
OTP,0,20101230,094317,5049,40
OTP,0,20101230,094321,5050,162
OTP,0,20101230,094321,5049,70
OTP,0,20101230,094322,5050,20
OTP,0,20101230,094341,5050,10
OTP,0,20101230,094341,5050,44
OTP,0,20101230,094402,5050,1212
OTP,0,20101230,094402,5050,500
OTP,0,20101230,094406,5050,178
OTP,0,20101230,094406,5045,100
OTP,0,20101230,094406,5040,50
OTP,0,20101230,094406,5037,100
OTP,0,20101230,094406,5036,272
OTP,0,20101230,094419,5050,150
BUX1112,0,20101230,094422,21935,1
OTP,0,20101230,094422,5036,28
OTP,0,20101230,094422,5032,300
OTP,0,20101230,094422,5031,215
OTP,0,20101230,094422,5031,23
MTELEKOM,0,20101230,094439,512,1700
MTELEKOM,0,20101230,094439,512,1000
MTELEKOM,0,20101230,094439,512,2000
MTELEKOM,0,20101230,094439,512,30
OTP,0,20101230,094445,5050,68
OTP,0,20101230,094450,5032,20
OTP,0,20101230,094450,5031,77
OTP,0,20101230,094450,5031,30
OTP,0,20101230,094450,5031,158
OTP,0,20101230,094502,5041,200
OTP,0,20101230,094517,5050,182
OTP,0,20101230,094517,5050,200
OTP,0,20101230,094520,5050,300
OTP,0,20101230,094522,5050,318
RABA,0,20101230,094645,800,40
RABA,0,20101230,094645,798,130
RABA,0,20101230,094645,795,130
OTP,0,20101230,094656,5050,50
OTP,0,20101230,094656,5050,50
OTP,0,20101230,094701,5040,15
OTP,0,20101230,094701,5036,165
MTELEKOM,0,20101230,094708,512,470
MTELEKOM,0,20101230,094708,512,60
MTELEKOM,0,20101230,094708,512,300
MTELEKOM,0,20101230,094708,512,100
MTELEKOM,0,20101230,094708,512,1000
MTELEKOM,0,20101230,094708,512,70
PHYLAXIA,0,20101230,094719,44,5000
OTP,0,20101230,094728,5049,40
GENESIS,0,20101230,094732,175,74
MTELEKOM,0,20101230,094734,512,930
MTELEKOM,0,20101230,094734,512,3000
MTELEKOM,0,20101230,094734,512,1350
MTELEKOM,0,20101230,094734,512,620
MTELEKOM,0,20101230,094734,512,100
MTELEKOM,0,20101230,094734,512,200
MTELEKOM,0,20101230,094734,512,200
ANY,0,20101230,094804,716,195
MTELEKOM,0,20101230,094807,512,400
MTELEKOM,0,20101230,094828,512,1000
MTELEKOM,0,20101230,094828,512,300
BUX1112,0,20101230,094844,21928,1
BUX1112,0,20101230,094844,21925,1
BUX1112,0,20101230,094844,21924,4
BUX1112,0,20101230,094844,21922,8
MTELEKOM,0,20101230,094844,512,10000
OTP,0,20101230,094852,5040,100
MTELEKOM,0,20101230,094853,512,5000
MTELEKOM,0,20101230,094856,512,500
MTELEKOM,0,20101230,094858,512,4496
OTP,0,20101230,094906,5045,60
OTP,0,20101230,094906,5040,62
MOL,0,20101230,094909,20505,15
MTELEKOM,0,20101230,094912,512,300
MOL,0,20101230,094916,20505,10
OTP,0,20101230,094921,5041,100
OTP,0,20101230,094927,5040,156
MTELEKOM,0,20101230,095017,513,4340
MTELEKOM,0,20101230,095017,513,360
OTP,0,20101230,095020,5040,130
OTP,0,20101230,095031,5036,35
OTP,0,20101230,095031,5036,10
OTP,0,20101230,095031,5035,20
OTP,0,20101230,095031,5035,20
OTP,0,20101230,095031,5035,215
OTP,0,20101230,095031,5035,600
OTP,0,20101230,095038,5035,100
OTP,0,20101230,095038,5040,50
OTP,0,20101230,095058,5035,108
OTP,0,20101230,095132,5035,192
OTP,0,20101230,095132,5035,8
OTP,0,20101230,095132,5035,12
OTP,0,20101230,095132,5040,8
OTP,0,20101230,095143,5035,30
OTP,0,20101230,095143,5035,10
OTP,0,20101230,095143,5035,460
MTELEKOM,0,20101230,095213,513,2640
MTELEKOM,0,20101230,095213,513,100
MTELEKOM,0,20101230,095213,514,2018
MTELEKOM,0,20101230,095213,514,242
OTP,0,20101230,095222,5035,400
OTP,0,20101230,095227,5040,200
OTP,0,20101230,095242,5040,56
OTP,0,20101230,095242,5040,30
MTELEKOM,0,20101230,095247,512,200
MTELEKOM,0,20101230,095247,512,400
MTELEKOM,0,20101230,095247,512,300
MTELEKOM,0,20101230,095247,512,100
OTP,0,20101230,095311,5040,14
OTP,0,20101230,095311,5040,500
MOL,0,20101230,095327,20515,5
OTP,0,20101230,095337,5040,30
OTP,0,20101230,095338,5044,50
BUX1112,0,20101230,095348,21921,1
OTP,0,20101230,095416,5040,45
DANUBIUS,0,20101230,095429,4305,24
DANUBIUS,0,20101230,095429,4300,14
OTP,0,20101230,095435,5037,65
DANUBIUS,0,20101230,095436,4300,62
PHYLAXIA,0,20101230,095442,44,600
MTELEKOM,0,20101230,095458,512,35
OTP,0,20101230,095506,5041,15
OTP,0,20101230,095522,5038,3
GENESIS,0,20101230,095552,175,196
GENESIS,0,20101230,095614,173,1000
GENESIS,0,20101230,095614,173,1000
DANUBIUS,0,20101230,095636,4305,100
DANUBIUS,0,20101230,095636,4300,60
MOL,0,20101230,095652,20515,135
MOL,0,20101230,095652,20510,28
MOL,0,20101230,095652,20505,39
MOL,0,20101230,095652,20500,68
MOL,0,20101230,095652,20500,50
MOL,0,20101230,095658,20500,180
OTP,0,20101230,095712,5040,13
OTP,0,20101230,095712,5045,300
OTP,0,20101230,095712,5045,37
OTP,0,20101230,095730,5045,75
OTP,0,20101230,095738,5040,20
OTP,0,20101230,095743,5040,500
FHB,0,20101230,095800,955,671
FHB,0,20101230,095800,955,100
FHB,0,20101230,095800,953,489
MOL,0,20101230,095811,20505,73
MOL,0,20101230,095811,20500,227
KEG,0,20101230,095815,139,200
OTP,0,20101230,095821,5045,100
OTP,0,20101230,095822,5045,23
RICHTER,0,20101230,095822,42950,22
OTP,0,20101230,095834,5040,80
OTP,0,20101230,095834,5040,185
OTP,0,20101230,095834,5040,35
OTP,0,20101230,095844,5045,500
MOL,0,20101230,095845,20500,1
MOL,0,20101230,095856,20500,22
OTP,0,20101230,095857,5045,5
MOL,0,20101230,095902,20500,128
ECONET,0,20101230,095938,89,2400
OTP,0,20101230,095948,5041,5
OTP,0,20101230,095948,5040,80
OTP,0,20101230,095948,5040,15
MOL,0,20101230,095949,20500,27
FOTEX,0,20101230,100000,378,300
FOTEX,0,20101230,100000,378,35
GENESIS,0,20101230,100007,176,50
MTELEKOM,0,20101230,100011,512,4865
MTELEKOM,0,20101230,100011,512,2000
MTELEKOM,0,20101230,100011,512,1000
MTELEKOM,0,20101230,100011,512,650
MTELEKOM,0,20101230,100011,512,1485
ZWACK,0,20101230,100018,13050,4
ZWACK,0,20101230,100018,13035,3
ZWACK,0,20101230,100018,13030,76
ZWACK,0,20101230,100018,13025,16
ZWACK,0,20101230,100018,13015,4
ZWACK,0,20101230,100018,13010,15
ZWACK,0,20101230,100018,13005,11
ZWACK,0,20101230,100018,13005,8
ZWACK,0,20101230,100018,13005,4
ZWACK,0,20101230,100018,13000,1
ZWACK,0,20101230,100018,13000,8
ZWACK,0,20101230,100018,13000,10
ZWACK,0,20101230,100018,13000,76
ZWACK,0,20101230,100018,13000,5
ZWACK,0,20101230,100018,13000,70
ZWACK,0,20101230,100018,12975,50
ZWACK,0,20101230,100018,12950,150
ZWACK,0,20101230,100018,12950,32
ZWACK,0,20101230,100018,12880,1
OTP,0,20101230,100050,5044,200
OTP,0,20101230,100050,5045,260
OTP,0,20101230,100050,5045,54
OTP,0,20101230,100058,5044,27
OTP,0,20101230,100103,5044,130
OTP,0,20101230,100104,5041,50
OTP,0,20101230,100104,5040,35
OTP,0,20101230,100104,5040,50
OTP,0,20101230,100104,5040,50
OTP,0,20101230,100104,5040,1000
OTP,0,20101230,100104,5040,500
OTP,0,20101230,100111,5038,2
OTP,0,20101230,100111,5038,198
OTP,0,20101230,100121,5040,500
OTP,0,20101230,100122,5040,500
OTP,0,20101230,100201,5044,53
ORC,0,20101230,100201,1970,8
PHYLAXIA,0,20101230,100216,44,4400
PHYLAXIA,0,20101230,100216,44,2000
PHYLAXIA,0,20101230,100216,44,600
FOTEX,0,20101230,100216,378,39
OTP,0,20101230,100233,5040,100
BUX1112,0,20101230,100233,21922,1
BUX1112,0,20101230,100233,21921,1
ZWACK,0,20101230,100234,12900,40
ZWACK,0,20101230,100235,12900,7
OTP,0,20101230,100242,5044,195
OTP,0,20101230,100308,5043,200
OTP,0,20101230,100321,5044,110
ZWACK,0,20101230,100328,12900,5
OTP,0,20101230,100338,5044,100
OTP,0,20101230,100351,5044,11
ZWACK,0,20101230,100400,12900,18
ZWACK,0,20101230,100400,12900,100
OTP,0,20101230,100424,5043,523
ZWACK,0,20101230,100454,12900,132
OTP,0,20101230,100515,5043,290
OTP,0,20101230,100524,5044,500
EGIS,0,20101230,100540,20090,1
EGIS,0,20101230,100540,20090,6
EGIS,0,20101230,100540,20090,1
OTP,0,20101230,100549,5044,124
KEG,0,20101230,100605,139,800
OTP,0,20101230,100628,5044,20
OTP,0,20101230,100634,5044,180
OTP,0,20101230,100634,5042,50
OTP,0,20101230,100634,5041,100
OTP,0,20101230,100634,5040,4900
GENESIS,0,20101230,100648,172,200
GENESIS,0,20101230,100648,171,5
GENESIS,0,20101230,100648,171,210
GENESIS,0,20101230,100648,171,200
GENESIS,0,20101230,100648,170,765
GENESIS,0,20101230,100648,170,1620
MTELEKOM,0,20101230,100651,513,1000
RABA,0,20101230,100655,799,26
OTP,0,20101230,100659,5038,302
OTP,0,20101230,100659,5036,100
OTP,0,20101230,100659,5036,120
OTP,0,20101230,100659,5036,10
OTP,0,20101230,100659,5035,24
OTP,0,20101230,100659,5035,304
OTP,0,20101230,100706,5035,196
OTP,0,20101230,100706,5035,280
OTP,0,20101230,100706,5035,150
OTP,0,20101230,100706,5035,50
OTP,0,20101230,100706,5035,1000
MOL,0,20101230,100711,20500,20
OTP,0,20101230,100718,5034,10
OTP,0,20101230,100718,5034,10
OTP,0,20101230,100718,5034,20
OTP,0,20101230,100718,5033,200
OTP,0,20101230,100718,5033,500
OTP,0,20101230,100718,5033,1000
OTP,0,20101230,100718,5033,120
OTP,0,20101230,100718,5032,500
OTP,0,20101230,100718,5032,10
OTP,0,20101230,100718,5031,1130
OTP,0,20101230,100726,5031,400
OTP,0,20101230,100741,5032,523
OTP,0,20101230,100741,5031,312
OTP,0,20101230,100741,5031,3
OTP,0,20101230,100741,5031,100
OTP,0,20101230,100741,5031,80
OTP,0,20101230,100741,5031,1627
PHYLAXIA,0,20101230,100744,44,1700
PHYLAXIA,0,20101230,100744,44,2000
PHYLAXIA,0,20101230,100744,44,10
PHYLAXIA,0,20101230,100744,44,2000
PHYLAXIA,0,20101230,100744,44,3
PHYLAXIA,0,20101230,100744,44,2287
BUX1112,0,20101230,100746,21921,1
BUX1112,0,20101230,100746,21921,2
BUX1112,0,20101230,100746,21920.5,1
BUX1112,0,20101230,100746,21920,18
BUX1112,0,20101230,100746,21917,1
BUX1112,0,20101230,100746,21916,2
RABA,0,20101230,100754,796,600
RABA,0,20101230,100815,799,7
RABA,0,20101230,100815,803,12
RABA,0,20101230,100815,804,75
RABA,0,20101230,100815,805,125
RABA,0,20101230,100815,805,151
RFV,0,20101230,100822,8485,20
RFV,0,20101230,100822,8465,15
OTP,0,20101230,100833,5032,160
OTP,0,20101230,100833,5031,373
OTP,0,20101230,100833,5031,150
OTP,0,20101230,100833,5031,500
OTP,0,20101230,100833,5030,100
OTP,0,20101230,100833,5030,1000
OTP,0,20101230,100833,5030,60
OTP,0,20101230,100833,5030,560
OTP,0,20101230,100833,5030,237
OTP,0,20101230,100835,5030,263
OTP,0,20101230,100835,5030,161
GENESIS,0,20101230,100853,175,30
OTP,0,20101230,100854,5031,25
OTP,0,20101230,100854,5030,839
OTP,0,20101230,100854,5030,4136
MOL,0,20101230,100856,20505,100
OTP,0,20101230,100857,5030,64
OTP,0,20101230,100857,5030,100
OTP,0,20101230,100857,5030,50
OTP,0,20101230,100857,5030,800
OTP,0,20101230,100857,5030,1986
OTP,0,20101230,100900,5030,814
OTP,0,20101230,100900,5030,20
OTP,0,20101230,100900,5030,83
OTP,0,20101230,100900,5030,13
OTP,0,20101230,100900,5030,12
OTP,0,20101230,100900,5030,767
OTP,0,20101230,100900,5030,10
BUX1112,0,20101230,100906,21915,1
OTP,0,20101230,100908,5030,2000
OTP,0,20101230,100919,5030,100
OTP,0,20101230,100936,5030,1
OTP,0,20101230,100951,5030,100
OTP,0,20101230,101002,5037,59
OTP,0,20101230,101005,5031,50
OTP,0,20101230,101005,5031,26
OTP,0,20101230,101005,5030,182
OTP,0,20101230,101006,5030,117
OTP,0,20101230,101006,5030,100
OTP,0,20101230,101006,5030,5
OTP,0,20101230,101006,5030,21
BUX1112,0,20101230,101006,21915.5,1
OTP,0,20101230,101007,5030,2
OTP,0,20101230,101014,5030,10
OTP,0,20101230,101024,5030,1000
OTP,0,20101230,101030,5030,14
OTP,0,20101230,101031,5029,10
OTP,0,20101230,101031,5029,50
OTP,0,20101230,101031,5029,10
OTP,0,20101230,101031,5028,530
ANY,0,20101230,101047,720,674
OTP,0,20101230,101116,5028,63
OTP,0,20101230,101116,5028,50
OTP,0,20101230,101116,5028,30
OTP,0,20101230,101118,5028,57
OTP,0,20101230,101118,5030,662
OTP,0,20101230,101123,5030,69
OTP,0,20101230,101123,5030,300
OTP,0,20101230,101140,5030,100
OTP,0,20101230,101158,5033,165
MTELEKOM,0,20101230,101211,513,433
OTP,0,20101230,101215,5033,60
MOL,0,20101230,101225,20505,20
BUX1112,0,20101230,101300,21916,1
MOL,0,20101230,101353,20505,75
OTP,0,20101230,101404,5034,13
OTP,0,20101230,101404,5033,25
BUX1112,0,20101230,101406,21916,1
PFLAX,0,20101230,101411,607,1
OTP,0,20101230,101421,5033,5
MOL,0,20101230,101451,20545,30
OTP,0,20101230,101454,5033,4
RABA,0,20101230,101454,796,100
MTELEKOM,0,20101230,101456,513,567
MTELEKOM,0,20101230,101456,513,200
MTELEKOM,0,20101230,101456,513,733
OTP,0,20101230,101458,5033,23
OTP,0,20101230,101458,5035,30
OTP,0,20101230,101458,5035,137
OTP,0,20101230,101522,5032,2000
OTP,0,20101230,101522,5032,200
MOL,0,20101230,101528,20505,20
OTP,0,20101230,101534,5035,63
OTP,0,20101230,101534,5035,37
OTP,0,20101230,101549,5031,40
OTP,0,20101230,101549,5031,100
OTP,0,20101230,101549,5031,200
OTP,0,20101230,101549,5031,60
MTELEKOM,0,20101230,101616,512,140
RABA,0,20101230,101617,795,38
RABA,0,20101230,101617,795,14
PHYLAXIA,0,20101230,101620,44,213
PHYLAXIA,0,20101230,101620,44,262
OTP,0,20101230,101654,5035,463
OTP,0,20101230,101654,5035,1568
PHYLAXIA,0,20101230,101659,44,333
OTP,0,20101230,101706,5035,432
OTP,0,20101230,101706,5035,521
OTP,0,20101230,101706,5037,441
OTP,0,20101230,101706,5037,200
OTP,0,20101230,101706,5040,1250
OTP,0,20101230,101706,5040,371
OTP,0,20101230,101706,5040,500
OTP,0,20101230,101706,5040,800
OTP,0,20101230,101706,5044,485
OTP,0,20101230,101717,5035,2000
RABA,0,20101230,101757,795,55
OTP,0,20101230,101804,5035,20
RICHTER,0,20101230,101811,42900,23
OTP,0,20101230,101815,5035,16
HUMET,0,20101230,101821,8,1200
OTP,0,20101230,101833,5033,20
OTP,0,20101230,101833,5033,10
OTP,0,20101230,101857,5035,100
OTP,0,20101230,101904,5035,50
PANNERGY,0,20101230,101917,905,250
PANNERGY,0,20101230,101917,905,1000
PANNERGY,0,20101230,101917,905,109
HUMET,0,20101230,101925,8,590
OTP,0,20101230,101925,5035,76
MTELEKOM,0,20101230,101945,513,500
OTP,0,20101230,101950,5035,500
OTP,0,20101230,102020,5033,4
PANNERGY,0,20101230,102025,905,1000
OTP,0,20101230,102028,5035,240
OTP,0,20101230,102042,5035,400
OTP,0,20101230,102043,5035,50
OTP,0,20101230,102044,5035,10
OTP,0,20101230,102045,5035,390
MTELEKOM,0,20101230,102052,513,120
OTP,0,20101230,102054,5035,100
EMASZ,0,20101230,102059,21300,30
OTP,0,20101230,102104,5035,44
OTP,0,20101230,102107,5035,4
MOL,0,20101230,102119,20540,60
MOL,0,20101230,102119,20540,132
MOL,0,20101230,102119,20550,1000
MOL,0,20101230,102119,20550,779
MOL,0,20101230,102119,20590,5
MOL,0,20101230,102119,20595,29
MOL,0,20101230,102119,20595,5
MOL,0,20101230,102119,20595,10
MOL,0,20101230,102119,20600,100
MOL,0,20101230,102119,20600,113
MOL,0,20101230,102119,20600,51
MOL,0,20101230,102119,20600,20
MOL,0,20101230,102119,20600,4
MOL,0,20101230,102119,20600,1000
MOL,0,20101230,102119,20600,39
MOL,0,20101230,102119,20600,100
MOL,0,20101230,102119,20600,100
OTP,0,20101230,102120,5035,176
MTELEKOM,0,20101230,102145,513,1647
MTELEKOM,0,20101230,102145,513,2153
MOL,0,20101230,102200,20600,20
OTP,0,20101230,102211,5035,2
OTP,0,20101230,102214,5035,822
OTP,0,20101230,102214,5040,464
MOL,0,20101230,102219,20600,15
OTP,0,20101230,102233,5040,10
OTP,0,20101230,102236,5035,792
OTP,0,20101230,102238,5035,100
OTP,0,20101230,102242,5035,20
MTELEKOM,0,20101230,102253,512,8375
MTELEKOM,0,20101230,102253,512,300
MTELEKOM,0,20101230,102253,512,130
MTELEKOM,0,20101230,102253,512,300
MTELEKOM,0,20101230,102253,512,123
MTELEKOM,0,20101230,102253,512,20
MTELEKOM,0,20101230,102253,512,200
MTELEKOM,0,20101230,102253,512,200
MTELEKOM,0,20101230,102253,512,118
MTELEKOM,0,20101230,102253,512,100
MTELEKOM,0,20101230,102253,512,5000
MTELEKOM,0,20101230,102253,512,3000
MTELEKOM,0,20101230,102253,512,10000
MTELEKOM,0,20101230,102253,512,2714
OTP,0,20101230,102258,5035,50
MTELEKOM,0,20101230,102301,512,8888
MTELEKOM,0,20101230,102301,512,300
MTELEKOM,0,20101230,102301,512,1500
MTELEKOM,0,20101230,102301,512,250
MTELEKOM,0,20101230,102301,512,300
OTP,0,20101230,102301,5035,38
OTP,0,20101230,102304,5040,26
OTP,0,20101230,102304,5040,74
MTELEKOM,0,20101230,102305,512,5000
OTP,0,20101230,102315,5040,12
OTP,0,20101230,102334,5035,60
OTP,0,20101230,102334,5035,854
OTP,0,20101230,102348,5040,300
OTP,0,20101230,102359,5040,155
OTP,0,20101230,102411,5040,18
OTP,0,20101230,102424,5040,200
OTP,0,20101230,102433,5040,20
MTELEKOM,0,20101230,102513,513,847
MTELEKOM,0,20101230,102513,513,153
OTP,0,20101230,102528,5038,658
MTELEKOM,0,20101230,102544,513,347
MTELEKOM,0,20101230,102544,513,1653
MTELEKOM,0,20101230,102548,512,100
MTELEKOM,0,20101230,102548,512,400
MTELEKOM,0,20101230,102557,512,272
MOL,0,20101230,102558,20620,20
MOL,0,20101230,102558,20620,61
MOL,0,20101230,102558,20620,99
ORC,0,20101230,102610,1960,5
ORC,0,20101230,102610,1960,30
KEG,0,20101230,102612,139,25
KEG,0,20101230,102612,139,2150
KEG,0,20101230,102612,140,170
KEG,0,20101230,102612,140,2655
EMASZ,0,20101230,102621,21300,50
BUX1112,0,20101230,102702,21940,6
MOL,0,20101230,102703,20620,1
MOL,0,20101230,102703,20630,2
MOL,0,20101230,102703,20630,10
MOL,0,20101230,102703,20630,10
MOL,0,20101230,102703,20630,15
MOL,0,20101230,102703,20640,110
MOL,0,20101230,102703,20645,5
MOL,0,20101230,102703,20645,30
MOL,0,20101230,102703,20645,30
MOL,0,20101230,102703,20650,5
MOL,0,20101230,102703,20650,50
MOL,0,20101230,102703,20650,20
MOL,0,20101230,102703,20650,10
MOL,0,20101230,102703,20650,145
MOL,0,20101230,102703,20650,50
MOL,0,20101230,102703,20650,107
MOL,0,20101230,102713,20650,303
MOL,0,20101230,102713,20650,30
MOL,0,20101230,102713,20650,100
MOL,0,20101230,102713,20650,20
MOL,0,20101230,102713,20650,50
MOL,0,20101230,102713,20650,5
MOL,0,20101230,102713,20650,50
MOL,0,20101230,102713,20650,3
KEG,0,20101230,102737,140,150
BUX1112,0,20101230,102750,21940,2
BUX1112,0,20101230,102755,21940,6
BUX1112,0,20101230,102758,21940,3
MOL,0,20101230,102759,20650,4
MOL,0,20101230,102759,20655,15
MOL,0,20101230,102759,20660,25
MOL,0,20101230,102759,20670,15
MOL,0,20101230,102759,20675,4
MOL,0,20101230,102759,20680,29
OTP,0,20101230,102807,5040,507
OTP,0,20101230,102807,5040,200
OTP,0,20101230,102807,5040,12
OTP,0,20101230,102807,5040,281
OTP,0,20101230,102811,5040,135
OTP,0,20101230,102820,5040,80
BUX1112,0,20101230,102856,21940,1
RICHTER,0,20101230,102901,42900,12
OTP,0,20101230,102905,5037,4
OTP,0,20101230,102905,5036,500
OTP,0,20101230,102905,5036,100
OTP,0,20101230,102905,5036,2
OTP,0,20101230,102905,5036,290
OTP,0,20101230,102905,5035,1604
OTP,0,20101230,102906,5040,4
OTP,0,20101230,102906,5040,50
OTP,0,20101230,102906,5043,100
OTP,0,20101230,102906,5044,15
OTP,0,20101230,102906,5044,831
OTP,0,20101230,102919,5040,20
OTP,0,20101230,102933,5040,50
EBGOLD,0,20101230,102949,2999,30
OTP,0,20101230,102955,5040,100
MTELEKOM,0,20101230,103008,512,228
MTELEKOM,0,20101230,103008,512,300
MTELEKOM,0,20101230,103008,512,500
MTELEKOM,0,20101230,103008,512,300
MTELEKOM,0,20101230,103008,512,400
MTELEKOM,0,20101230,103008,512,200
MTELEKOM,0,20101230,103008,512,72
MTELEKOM,0,20101230,103012,513,48
OTP,0,20101230,103047,5040,50
RICHTER,0,20101230,103106,42945,21
MTELEKOM,0,20101230,103114,512,428
OTP,0,20101230,103115,5038,500
MTELEKOM,0,20101230,103121,512,100
MTELEKOM,0,20101230,103126,512,500
OTP,0,20101230,103146,5040,280
OTP,0,20101230,103146,5040,200
MTELEKOM,0,20101230,103157,512,3271
OTP,0,20101230,103219,5040,500
OTP,0,20101230,103238,5042,100
OTP,0,20101230,103238,5044,100
MTELEKOM,0,20101230,103252,512,200
MTELEKOM,0,20101230,103312,513,17
MTELEKOM,0,20101230,103319,513,113
MTELEKOM,0,20101230,103319,513,300
MTELEKOM,0,20101230,103319,513,87
OTP,0,20101230,103405,5044,10
RFV,0,20101230,103421,8500,5
OTP,0,20101230,103440,5040,20
OTP,0,20101230,103440,5040,50
OTP,0,20101230,103440,5040,22
OTP,0,20101230,103500,5040,28
OTP,0,20101230,103500,5040,72
GSPARK,0,20101230,103506,777,320
MOL,0,20101230,103551,20600,145
OTP,0,20101230,103605,5042,50
OTP,0,20101230,103605,5040,28
OTP,0,20101230,103605,5040,100
OTP,0,20101230,103605,5040,310
OTP,0,20101230,103605,5040,100
OTP,0,20101230,103605,5038,47
BOOK,0,20101230,103620,470,60
OTP,0,20101230,103649,5040,20
MOL,0,20101230,103651,20600,475
OTP,0,20101230,103709,5043,300
PANNERGY,0,20101230,103731,905,1500
MOL,0,20101230,103739,20600,50
MOL,0,20101230,103741,20600,100
MOL,0,20101230,103747,20600,20
SYNERGON,0,20101230,103824,474,593
TVK,0,20101230,103909,3315,20
RFV,0,20101230,103912,8480,40
RFV,0,20101230,103912,8460,50
RFV,0,20101230,103912,8450,10
KEG,0,20101230,103918,139,25
MTELEKOM,0,20101230,103920,512,4000
OTP,0,20101230,103945,5043,3
OTP,0,20101230,104008,5040,30
OTP,0,20101230,104008,5040,8
OTP,0,20101230,104008,5040,10
OTP,0,20101230,104008,5040,13
OTP,0,20101230,104008,5040,30
OTP,0,20101230,104008,5040,100
OTP,0,20101230,104008,5040,275
OTP,0,20101230,104008,5040,50
OTP,0,20101230,104008,5040,100
OTP,0,20101230,104008,5040,214
PFLAX,0,20101230,104012,600,250
RICHTER,0,20101230,104017,42995,24
OTP,0,20101230,104025,5040,176
OTP,0,20101230,104104,5040,20
OTP,0,20101230,104119,5040,13
MOL,0,20101230,104122,20600,30
MOL,0,20101230,104127,20600,20
MOL,0,20101230,104143,20600,150
OTP,0,20101230,104152,5040,10
OTP,0,20101230,104155,5040,200
PHYLAXIA,0,20101230,104217,44,1405
OTP,0,20101230,104224,5040,81
OTP,0,20101230,104224,5040,300
OTP,0,20101230,104224,5040,50
BOOK,0,20101230,104241,474,208
FOTEX,0,20101230,104248,378,126
FOTEX,0,20101230,104248,377,232
GENESIS,0,20101230,104249,174,200
OTP,0,20101230,104302,5040,75
OTP,0,20101230,104317,5043,30
OTP,0,20101230,104339,5040,494
OTP,0,20101230,104347,5040,21
OTP,0,20101230,104352,5040,97
OTP,0,20101230,104353,5040,3
MTELEKOM,0,20101230,104354,512,5150
OTP,0,20101230,104357,5040,100
RICHTER,0,20101230,104400,42900,27
MOL,0,20101230,104407,20575,50
MOL,0,20101230,104407,20570,120
OTP,0,20101230,104413,5040,99
OTP,0,20101230,104414,5040,50
OTP,0,20101230,104416,5039,200
HUMET,0,20101230,104422,9,15139
HUMET,0,20101230,104422,9,17088
HUMET,0,20101230,104422,9,2300
HUMET,0,20101230,104422,9,426
HUMET,0,20101230,104422,9,1699
HUMET,0,20101230,104422,9,3348
MOL,0,20101230,104427,20570,30
OTP,0,20101230,104430,5040,15
MOL,0,20101230,104432,20600,5
MOL,0,20101230,104432,20600,75
OTP,0,20101230,104442,5038,75
BOOK,0,20101230,104442,470,100
EMASZ,0,20101230,104446,21300,42
FOTEX,0,20101230,104449,377,145
FOTEX,0,20101230,104449,377,200
FOTEX,0,20101230,104449,376,1500
FOTEX,0,20101230,104449,376,1500
FOTEX,0,20101230,104449,376,500
FOTEX,0,20101230,104449,376,250
FOTEX,0,20101230,104449,376,400
FOTEX,0,20101230,104449,376,20
FOTEX,0,20101230,104449,375,485
OTP,0,20101230,104457,5040,50
MTELEKOM,0,20101230,104501,512,2379
MTELEKOM,0,20101230,104501,512,5621
OTP,0,20101230,104515,5040,25
PANNUNION,0,20101230,104524,150,11
MTELEKOM,0,20101230,104529,512,329
MTELEKOM,0,20101230,104529,512,300
MTELEKOM,0,20101230,104529,512,400
MTELEKOM,0,20101230,104529,512,100
MTELEKOM,0,20101230,104529,512,3871
OTP,0,20101230,104535,5040,15
OTP,0,20101230,104606,5040,50
OTP,0,20101230,104611,5040,93
OTP,0,20101230,104611,5040,45
PFLAX,0,20101230,104614,600,100
PFLAX,0,20101230,104614,606,20
PFLAX,0,20101230,104614,607,39
PFLAX,0,20101230,104614,608,99
PFLAX,0,20101230,104614,609,145
PFLAX,0,20101230,104614,610,170
PFLAX,0,20101230,104614,610,3100
SYNERGON,0,20101230,104633,475,200
PFLAX,0,20101230,104715,610,250
PFLAX,0,20101230,104730,610,77
PANNERGY,0,20101230,104733,904,500
OTP,0,20101230,104806,5043,50
OTP,0,20101230,104808,5043,30
SYNERGON,0,20101230,104809,475,650
OTP,0,20101230,104831,5043,87
OTP,0,20101230,104831,5045,63
BUX1112,0,20101230,104838,21940,1
OTP,0,20101230,104839,5045,20
OTP,0,20101230,105015,5044,50
MOL,0,20101230,105026,20555,8
MTELEKOM,0,20101230,105030,513,153
OTP,0,20101230,105034,5044,750
OTP,0,20101230,105034,5045,250
OTP,0,20101230,105035,5045,567
OTP,0,20101230,105035,5045,519
OTP,0,20101230,105035,5045,500
OTP,0,20101230,105035,5045,12
OTP,0,20101230,105035,5045,51
OTP,0,20101230,105035,5045,1000
OTP,0,20101230,105036,5045,100
OTP,0,20101230,105049,5047,110
OTP,0,20101230,105059,5048,20
OTP,0,20101230,105059,5048,20
OTP,0,20101230,105059,5048,20
OTP,0,20101230,105059,5049,435
OTP,0,20101230,105123,5047,50
FOTEX,0,20101230,105132,376,255
PANNERGY,0,20101230,105142,904,500
OTP,0,20101230,105158,5047,50
KEG,0,20101230,105210,139,300
OTP,0,20101230,105210,5049,50
ECONET,0,20101230,105224,89,1200
MOL,0,20101230,105245,20580,23
MOL,0,20101230,105245,20600,70
MOL,0,20101230,105245,20600,200
OTP,0,20101230,105256,5049,515
OTP,0,20101230,105256,5050,85
OTP,0,20101230,105313,5048,176
OTP,0,20101230,105313,5047,290
OTP,0,20101230,105315,5045,500
OTP,0,20101230,105318,5047,5
OTP,0,20101230,105320,5045,500
RICHTER,0,20101230,105334,42900,20
OTP,0,20101230,105339,5047,690
RICHTER,0,20101230,105347,42800,5
ZWACK,0,20101230,105400,12900,4
ZWACK,0,20101230,105400,12900,2
ZWACK,0,20101230,105400,12900,30
OTP,0,20101230,105410,5047,25
PHYLAXIA,0,20101230,105413,44,1815
PHYLAXIA,0,20101230,105413,44,2000
FHB,0,20101230,105446,954,20
FHB,0,20101230,105446,954,100
FHB,0,20101230,105446,954,400
FHB,0,20101230,105446,953,511
FHB,0,20101230,105446,952,100
FHB,0,20101230,105446,952,500
FHB,0,20101230,105446,952,200
FHB,0,20101230,105446,951,5
FHB,0,20101230,105446,951,120
FHB,0,20101230,105446,951,100
FHB,0,20101230,105446,951,150
FHB,0,20101230,105446,950,938
ANY,0,20101230,105452,721,550
OTP,0,20101230,105500,5045,110
MTELEKOM,0,20101230,105617,512,5000
RABA,0,20101230,105652,796,150
RABA,0,20101230,105652,796,50
MTELEKOM,0,20101230,105658,513,760
MTELEKOM,0,20101230,105658,513,1530
MTELEKOM,0,20101230,105658,513,813
OTP,0,20101230,105707,5045,20
ZWACK,0,20101230,105729,12865,1
OTP,0,20101230,105742,5045,121
OTP,0,20101230,105742,5045,20
MTELEKOM,0,20101230,105749,513,2187
MTELEKOM,0,20101230,105749,513,500
MTELEKOM,0,20101230,105749,513,272
MTELEKOM,0,20101230,105749,513,41
PFLAX,0,20101230,105754,600,250
PFLAX,0,20101230,105754,584,99
PFLAX,0,20101230,105754,583,80
PFLAX,0,20101230,105754,563,100
PFLAX,0,20101230,105754,562,90
PFLAX,0,20101230,105754,561,81
OTP,0,20101230,105806,5044,23
FHB,0,20101230,105806,951,100
FHB,0,20101230,105806,951,50
FHB,0,20101230,105806,950,62
FHB,0,20101230,105806,950,100
FHB,0,20101230,105806,950,20
FHB,0,20101230,105806,950,500
OTP,0,20101230,105839,5044,7
OTP,0,20101230,105903,5044,43
OTP,0,20101230,105903,5045,57
FHB,0,20101230,105907,950,50
OTP,0,20101230,105908,5042,3
PANNERGY,0,20101230,105919,904,230
FHB,0,20101230,105924,950,118
BUX1112,0,20101230,105929,21940.5,1
BUX1112,0,20101230,105929,21940,1
OTP,0,20101230,105932,5044,50
SYNERGON,0,20101230,105958,473,100
OTP,0,20101230,110002,5042,50
OTP,0,20101230,110015,5043,4000
OTP,0,20101230,110015,5044,10
OTP,0,20101230,110027,5042,447
OTP,0,20101230,110027,5041,20
OTP,0,20101230,110027,5041,500
OTP,0,20101230,110027,5041,100
OTP,0,20101230,110027,5041,500
OTP,0,20101230,110027,5040,1648
OTP,0,20101230,110027,5040,785
PANNERGY,0,20101230,110040,904,100
OTP,0,20101230,110043,5040,215
OTP,0,20101230,110043,5040,3
OTP,0,20101230,110043,5040,81
OTP,0,20101230,110043,5040,310
OTP,0,20101230,110043,5040,110
MOL,0,20101230,110044,20600,3
MTELEKOM,0,20101230,110306,513,479
MTELEKOM,0,20101230,110306,513,300
MTELEKOM,0,20101230,110306,513,200
MTELEKOM,0,20101230,110306,513,300
MTELEKOM,0,20101230,110306,513,2000
PANNERGY,0,20101230,110307,904,50
MTELEKOM,0,20101230,110315,513,621
OTP,0,20101230,110326,5041,20
OTP,0,20101230,110326,5040,105
RICHTER,0,20101230,110347,42800,20
OTP,0,20101230,110412,5043,5
OTP,0,20101230,110412,5044,30
OTP,0,20101230,110421,5044,385
OTP,0,20101230,110434,5040,115
MTELEKOM,0,20101230,110436,513,100
OTP,0,20101230,110448,5040,20
OTP,0,20101230,110448,5040,60
OTP,0,20101230,110448,5040,20
OTP,0,20101230,110448,5040,100
OTP,0,20101230,110448,5040,10
OTP,0,20101230,110448,5040,1
OTP,0,20101230,110517,5040,183
OTP,0,20101230,110526,5040,40
FHB,0,20101230,110611,950,200
MTELEKOM,0,20101230,110631,513,1279
PANNERGY,0,20101230,110637,904,120
PANNERGY,0,20101230,110637,903,110
OTP,0,20101230,110643,5040,66
OTP,0,20101230,110643,5045,1
ANY,0,20101230,110701,725,78
OTP,0,20101230,110710,5045,60
ZWACK,0,20101230,110735,12870,1
OTP,0,20101230,110736,5045,2
FHB,0,20101230,110737,950,100
TVK,0,20101230,110823,3315,27
MOL,0,20101230,110833,20600,2
MOL,0,20101230,110833,20600,4
MOL,0,20101230,110833,20600,4
MOL,0,20101230,110833,20600,50
OTP,0,20101230,110850,5038,378
OTP,0,20101230,110850,5038,622
MTELEKOM,0,20101230,110902,513,3000
RICHTER,0,20101230,110909,42800,22
FHB,0,20101230,110925,950,50
ZWACK,0,20101230,110926,12870,4
OTP,0,20101230,110939,5040,21
FHB,0,20101230,110952,950,10
FHB,0,20101230,110952,950,2
OTP,0,20101230,110952,5040,243
EBGOLD,0,20101230,110957,2999,500
OTP,0,20101230,111010,5040,195
PHYLAXIA,0,20101230,111023,44,200
OTP,0,20101230,111040,5040,41
OTP,0,20101230,111040,5045,239
OTP,0,20101230,111040,5045,220
FHB,0,20101230,111052,952,88
MTELEKOM,0,20101230,111054,513,8
OTP,0,20101230,111057,5045,80
OTP,0,20101230,111057,5045,200
OTP,0,20101230,111057,5045,25
OTP,0,20101230,111057,5045,100
OTP,0,20101230,111057,5047,595
OTP,0,20101230,111125,5038,7
OTP,0,20101230,111151,5038,80
TVK,0,20101230,111212,3315,27
ANY,0,20101230,111221,725,200
OTP,0,20101230,111241,5045,34
OTP,0,20101230,111243,5045,100
OTP,0,20101230,111300,5045,366
ZWACK,0,20101230,111335,12865,5
ECONET,0,20101230,111336,89,5064
ECONET,0,20101230,111336,89,484
ECONET,0,20101230,111336,89,1200
ECONET,0,20101230,111336,89,2000
MTELEKOM,0,20101230,111406,513,713
MTELEKOM,0,20101230,111406,513,110
MTELEKOM,0,20101230,111406,513,120
ZWACK,0,20101230,111407,12865,4
ZWACK,0,20101230,111407,12860,5
OTP,0,20101230,111417,5040,20
MTELEKOM,0,20101230,111420,513,1057
ZWACK,0,20101230,111435,12855,10
MOL,0,20101230,111438,20600,59
OTP,0,20101230,111447,5038,291
OTP,0,20101230,111447,5037,22
MTELEKOM,0,20101230,111455,513,3943
MTELEKOM,0,20101230,111455,512,1129
MTELEKOM,0,20101230,111455,512,200
MTELEKOM,0,20101230,111455,512,300
MTELEKOM,0,20101230,111455,512,10000
MTELEKOM,0,20101230,111455,512,300
MTELEKOM,0,20101230,111455,512,800
MTELEKOM,0,20101230,111455,512,800
MTELEKOM,0,20101230,111455,512,1000
MTELEKOM,0,20101230,111455,512,3950
MTELEKOM,0,20101230,111455,511,10578
OTP,0,20101230,111507,5043,20
MOL,0,20101230,111611,20565,22
MOL,0,20101230,111611,20560,8
MOL,0,20101230,111611,20560,6
KEG,0,20101230,111621,139,100
PFLAX,0,20101230,111656,608,99
PFLAX,0,20101230,111656,609,93
PFLAX,0,20101230,111656,610,8
PFLAX,0,20101230,111719,610,82
PFLAX,0,20101230,111719,610,18
MTELEKOM,0,20101230,111732,512,17000
OTP,0,20101230,111750,5040,1000
OTP,0,20101230,111803,5037,7
BUX1112,0,20101230,111821,21940,1
OTP,0,20101230,111824,5040,100
TVK,0,20101230,111828,3315,27
PANNERGY,0,20101230,111856,903,39
PANNERGY,0,20101230,111856,905,41
PANNERGY,0,20101230,111856,908,1
OTP,0,20101230,111905,5040,100
MOL,0,20101230,111910,20600,6
MOL,0,20101230,111910,20635,10
MOL,0,20101230,111910,20635,129
MOL,0,20101230,111910,20640,20
MOL,0,20101230,111910,20640,10
MOL,0,20101230,111910,20640,40
MOL,0,20101230,111910,20640,20
MOL,0,20101230,111910,20645,500
MOL,0,20101230,111910,20645,10
MOL,0,20101230,111910,20645,200
MOL,0,20101230,111910,20650,23
MOL,0,20101230,111910,20650,782
OTP,0,20101230,111913,5040,4
OTP,0,20101230,111913,5040,1000
OTP,0,20101230,111913,5043,980
OTP,0,20101230,111913,5044,963
OTP,0,20101230,111913,5045,53
TVK,0,20101230,111955,3320,27
RICHTER,0,20101230,111957,42900,6
RICHTER,0,20101230,111957,42900,3
RICHTER,0,20101230,111957,42900,11
RICHTER,0,20101230,111957,42990,20
RICHTER,0,20101230,111957,42995,75
RICHTER,0,20101230,111957,42995,65
RICHTER,0,20101230,111957,43000,55
RICHTER,0,20101230,111957,43000,15
OTP,0,20101230,112018,5045,277
OTP,0,20101230,112018,5045,61
OTP,0,20101230,112018,5045,200
MTELEKOM,0,20101230,112054,513,120
OTP,0,20101230,112122,5045,10
OTP,0,20101230,112122,5040,52
ANY,0,20101230,112129,725,2
RABA,0,20101230,112226,799,65
OTP,0,20101230,112318,5040,48
OTP,0,20101230,112318,5040,23
PHYLAXIA,0,20101230,112342,44,4500
OTP,0,20101230,112346,5045,500
MTELEKOM,0,20101230,112349,513,120
OTP,0,20101230,112404,5046,22
OTP,0,20101230,112447,5045,315
ZWACK,0,20101230,112515,12870,30
RICHTER,0,20101230,112542,43000,22
OTP,0,20101230,112555,5045,10
OTP,0,20101230,112600,5041,72
FHB,0,20101230,112623,950,70
FHB,0,20101230,112625,950,200
OTP,0,20101230,112846,5042,10
ZWACK,0,20101230,112927,12895,4
ZWACK,0,20101230,112927,12900,238
MTELEKOM,0,20101230,112928,513,260
MTELEKOM,0,20101230,112928,513,3000
MTELEKOM,0,20101230,112928,513,1600
MTELEKOM,0,20101230,112928,514,1758
MTELEKOM,0,20101230,112928,514,4732
MTELEKOM,0,20101230,112928,514,500
MTELEKOM,0,20101230,112928,514,1000
MTELEKOM,0,20101230,112928,514,2000
MTELEKOM,0,20101230,112928,514,4915
MTELEKOM,0,20101230,112928,514,200
MTELEKOM,0,20101230,112928,514,12435
FREESOFT,0,20101230,113007,1950,100
OTP,0,20101230,113007,5044,50
CSEPEL,0,20101230,113046,259,160
OTP,0,20101230,113414,5045,100
MTELEKOM,0,20101230,113433,513,5000
MTELEKOM,0,20101230,113434,513,115
RICHTER,0,20101230,113436,42760,20
OTP,0,20101230,113437,5045,75
OTP,0,20101230,113437,5045,25
OTP,0,20101230,113440,5045,56
SYNERGON,0,20101230,113442,472,99
MTELEKOM,0,20101230,113512,513,2000
OTP,0,20101230,113532,5045,74
BUX1112,0,20101230,113610,21940.5,1
BUX1112,0,20101230,113610,21940,1
BUX1112,0,20101230,113610,21940,3
BUX1112,0,20101230,113610,21940,1
MTELEKOM,0,20101230,113617,512,400
MTELEKOM,0,20101230,113617,512,842
OTP,0,20101230,113622,5045,200
OTP,0,20101230,113623,5045,95
OTP,0,20101230,113623,5045,35
OTP,0,20101230,113623,5045,20
OTP,0,20101230,113623,5045,25
OTP,0,20101230,113627,5045,100
FHB,0,20101230,113630,950,610
OTP,0,20101230,113631,5045,200
OTP,0,20101230,113641,5045,175
OTP,0,20101230,113654,5045,3
ZWACK,0,20101230,113658,12900,10
OTP,0,20101230,113712,5045,125
OTP,0,20101230,113739,5045,372
FREESOFT,0,20101230,113750,1922,774
OTP,0,20101230,113759,5046,25
OTP,0,20101230,113815,5046,25
OTP,0,20101230,113815,5046,20
OTP,0,20101230,113859,5046,58
HUMET,0,20101230,113904,9,6652
HUMET,0,20101230,113904,9,3348
OTP,0,20101230,113911,5047,169
OTP,0,20101230,113911,5048,360
OTP,0,20101230,113911,5049,50
OTP,0,20101230,113911,5050,21
OTP,0,20101230,113953,5050,94
OTP,0,20101230,113953,5050,249
OTP,0,20101230,113953,5050,611
OTP,0,20101230,113953,5050,88
OTP,0,20101230,113953,5050,200
OTP,0,20101230,113953,5050,3758
OTP,0,20101230,114014,5050,1048
OTP,0,20101230,114038,5050,15
OTP,0,20101230,114039,5046,37
OTP,0,20101230,114045,5048,963
OTP,0,20101230,114107,5050,400
PANNERGY,0,20101230,114113,908,499
PANNERGY,0,20101230,114113,909,472
PANNERGY,0,20101230,114113,909,400
PANNERGY,0,20101230,114113,909,469
MTELEKOM,0,20101230,114121,513,600
OTP,0,20101230,114139,5050,650
OTP,0,20101230,114202,5050,1000
RABA,0,20101230,114212,799,31
MTELEKOM,0,20101230,114213,512,9158
MTELEKOM,0,20101230,114213,512,400
MTELEKOM,0,20101230,114213,512,4742
OTP,0,20101230,114246,5050,195
MTELEKOM,0,20101230,114352,513,3860
ZWACK,0,20101230,114551,12850,14
ZWACK,0,20101230,114551,12850,10
ZWACK,0,20101230,114551,12850,24
OTP,0,20101230,114554,5048,500
OTP,0,20101230,114559,5050,333
OTP,0,20101230,114610,5050,196
FHB,0,20101230,114616,955,30
FHB,0,20101230,114616,955,170
FHB,0,20101230,114616,955,155
OTP,0,20101230,114618,5050,100
MTELEKOM,0,20101230,114649,513,2000
MTELEKOM,0,20101230,114708,513,12425
MTELEKOM,0,20101230,114708,513,1805
MTELEKOM,0,20101230,114708,512,8195
KEG,0,20101230,114711,139,160
OTP,0,20101230,114721,5048,300
OTP,0,20101230,114721,5048,178
OTP,0,20101230,114721,5048,10
OTP,0,20101230,114721,5045,568
OTP,0,20101230,114721,5045,164
KEG,0,20101230,114736,139,200
OTP,0,20101230,114751,5050,605
OTP,0,20101230,114751,5050,1291
OTP,0,20101230,114751,5050,500
OTP,0,20101230,114751,5050,254
OTP,0,20101230,114751,5050,1000
OTP,0,20101230,114751,5050,200
OTP,0,20101230,114816,5045,800
MOL,0,20101230,114831,20635,5
MOL,0,20101230,114831,20635,9
OTP,0,20101230,114831,5042,100
OTP,0,20101230,114831,5042,165
OTP,0,20101230,114831,5040,135
KEG,0,20101230,114851,139,15
KEG,0,20101230,114851,139,365
OTP,0,20101230,114900,5050,1000
OTP,0,20101230,114900,5050,1000
OTP,0,20101230,114906,5050,47
KEG,0,20101230,114911,139,400
OTP,0,20101230,114924,5050,750
GENESIS,0,20101230,114932,175,200
OTP,0,20101230,114948,5050,203
MTELEKOM,0,20101230,114951,513,1000
MOL,0,20101230,115037,20590,50
OTP,0,20101230,115056,5046,162
FOTEX,0,20101230,115216,379,415
FOTEX,0,20101230,115216,380,385
ANY,0,20101230,115223,720,120
OTP,0,20101230,115231,5053,500
OTP,0,20101230,115231,5054,50
OTP,0,20101230,115231,5054,35
OTP,0,20101230,115247,5055,100
OTP,0,20101230,115247,5056,150
OTP,0,20101230,115247,5059,10
OTP,0,20101230,115247,5059,190
OTP,0,20101230,115247,5060,893
OTP,0,20101230,115247,5060,50
OTP,0,20101230,115247,5060,475
OTP,0,20101230,115247,5060,232
MTELEKOM,0,20101230,115301,513,40
BUX1112,0,20101230,115312,21940,1
OTP,0,20101230,115321,5055,45
OTP,0,20101230,115436,5051,30
ZWACK,0,20101230,115444,12880,5
ZWACK,0,20101230,115446,12850,6
ZWACK,0,20101230,115446,12845,3
ZWACK,0,20101230,115446,12840,5
ZWACK,0,20101230,115446,12805,5
ZWACK,0,20101230,115446,12800,5
ZWACK,0,20101230,115446,12800,71
RFV,0,20101230,115510,8450,11
RICHTER,0,20101230,115516,42935,21
OTP,0,20101230,115536,5058,500
OTP,0,20101230,115536,5060,268
OTP,0,20101230,115536,5060,243
OTP,0,20101230,115536,5060,37
OTP,0,20101230,115605,5060,80
FHB,0,20101230,115606,950,100
FHB,0,20101230,115626,955,100
MOL,0,20101230,115652,20610,2
ZWACK,0,20101230,115654,12875,8
ZWACK,0,20101230,115708,12800,29
ZWACK,0,20101230,115708,12800,14
ZWACK,0,20101230,115708,12800,1
ZWACK,0,20101230,115708,12800,6
OTP,0,20101230,115716,5060,40
ZWACK,0,20101230,115720,12800,14
ZWACK,0,20101230,115725,12820,6
OTP,0,20101230,115736,5051,11
MTELEKOM,0,20101230,115736,513,325
MOL,0,20101230,115751,20635,85
MOL,0,20101230,115751,20640,40
MOL,0,20101230,115751,20645,50
MOL,0,20101230,115751,20650,125
MOL,0,20101230,115828,20650,93
MOL,0,20101230,115828,20650,500
MOL,0,20101230,115828,20650,25
MOL,0,20101230,115828,20650,18
MOL,0,20101230,115828,20650,70
MOL,0,20101230,115828,20650,7
MOL,0,20101230,115828,20650,150
MOL,0,20101230,115828,20650,47
BUX1112,0,20101230,115836,21940,1
BUX1112,0,20101230,115854,21965,1
BUX1112,0,20101230,115854,21965,1
OTP,0,20101230,115915,5051,297
OTP,0,20101230,115915,5051,160
OTP,0,20101230,115915,5051,500
OTP,0,20101230,115915,5050,43
OTP,0,20101230,120024,5060,100
HUMET,0,20101230,120056,8,1901
MTELEKOM,0,20101230,120107,513,1710
MTELEKOM,0,20101230,120114,513,1000
PFLAX,0,20101230,120229,585,99
PFLAX,0,20101230,120229,583,101
OTP,0,20101230,120240,5055,15
KEG,0,20101230,120253,139,35
KEG,0,20101230,120253,139,965
MOL,0,20101230,120305,20650,90
MOL,0,20101230,120305,20610,29
KEG,0,20101230,120308,139,145
GENESIS,0,20101230,120356,173,500
MOL,0,20101230,120414,20660,10
OTP,0,20101230,120421,5060,78
RFV,0,20101230,120424,8401,29
OTP,0,20101230,120433,5060,5
FOTEX,0,20101230,120448,380,115
FOTEX,0,20101230,120448,380,1085
OTP,0,20101230,120451,5051,65
MOL,0,20101230,120452,20670,54
MOL,0,20101230,120452,20675,15
MOL,0,20101230,120452,20675,5
MOL,0,20101230,120452,20675,50
MOL,0,20101230,120452,20680,171
MOL,0,20101230,120452,20680,300
MOL,0,20101230,120452,20680,51
MOL,0,20101230,120452,20680,500
MOL,0,20101230,120452,20680,10
MOL,0,20101230,120452,20680,237
BUX1112,0,20101230,120534,21965,2
MOL,0,20101230,120548,20680,10
MOL,0,20101230,120619,20685,5
MOL,0,20101230,120619,20685,10
MOL,0,20101230,120619,20690,50
MOL,0,20101230,120619,20690,100
MOL,0,20101230,120619,20690,27
MOL,0,20101230,120619,20690,290
MOL,0,20101230,120619,20695,48
MOL,0,20101230,120619,20695,20
MOL,0,20101230,120619,20695,31
MOL,0,20101230,120619,20695,250
MOL,0,20101230,120619,20695,20
MOL,0,20101230,120619,20695,30
MOL,0,20101230,120619,20700,50
MOL,0,20101230,120619,20700,41
MOL,0,20101230,120619,20700,460
MOL,0,20101230,120619,20700,30
MOL,0,20101230,120619,20700,264
MOL,0,20101230,120619,20700,20
MOL,0,20101230,120619,20700,10
MOL,0,20101230,120619,20700,5
MOL,0,20101230,120619,20700,13
MOL,0,20101230,120619,20700,10
MOL,0,20101230,120619,20700,23
MOL,0,20101230,120619,20700,193
OTP,0,20101230,120743,5051,35
OTP,0,20101230,120743,5051,65
OTP,0,20101230,120745,5059,215
OTP,0,20101230,120745,5060,660
OTP,0,20101230,120745,5060,15
OTP,0,20101230,120745,5060,844
MOL,0,20101230,120807,20660,7
OTP,0,20101230,120817,5051,50
BUX1112,0,20101230,120854,21969,1
BUX1112,0,20101230,120854,21969,1
ZWACK,0,20101230,120858,12710,3
ZWACK,0,20101230,120858,12705,10
ZWACK,0,20101230,120858,12700,4
ZWACK,0,20101230,120858,12700,33
ZWACK,0,20101230,120925,12700,50
BUX1112,0,20101230,120931,21970,2
MOL,0,20101230,120931,20695,150
MOL,0,20101230,120931,20695,50
MOL,0,20101230,120940,20695,98
OTP,0,20101230,121051,5060,5
BUX1112,0,20101230,121120,21950.5,1
BUX1112,0,20101230,121120,21950,5
MTELEKOM,0,20101230,121127,512,50
BUX1112,0,20101230,121129,21970,5
PANNERGY,0,20101230,121139,909,200
PHYLAXIA,0,20101230,121151,44,5000
MOL,0,20101230,121159,20700,40
MOL,0,20101230,121159,20700,45
MOL,0,20101230,121159,20700,995
MTELEKOM,0,20101230,121226,512,250
BUX1112,0,20101230,121226,21950,10
KEG,0,20101230,121228,138,255
OTP,0,20101230,121243,5057,60
OTP,0,20101230,121306,5059,826
OTP,0,20101230,121306,5060,151
OTP,0,20101230,121311,5060,1000
OTP,0,20101230,121317,5060,50
MTELEKOM,0,20101230,121319,513,250
OTP,0,20101230,121321,5060,200
OTP,0,20101230,121327,5060,100
MOL,0,20101230,121332,20695,2
OTP,0,20101230,121341,5065,200
OTP,0,20101230,121341,5065,800
MOL,0,20101230,121343,20690,298
MOL,0,20101230,121343,20700,5
MOL,0,20101230,121343,20700,224
MOL,0,20101230,121343,20700,11
MOL,0,20101230,121343,20700,115
MOL,0,20101230,121343,20700,1
MOL,0,20101230,121343,20700,103
MOL,0,20101230,121343,20700,100
MOL,0,20101230,121343,20700,50
MOL,0,20101230,121343,20700,100
BUX1112,0,20101230,121345,21950.5,1
BUX1112,0,20101230,121345,21950,10
MOL,0,20101230,121351,20700,73
OTP,0,20101230,121400,5065,45
OTP,0,20101230,121404,5061,20
OTP,0,20101230,121424,5065,16
PANNERGY,0,20101230,121427,903,400
PANNERGY,0,20101230,121427,903,100
PANNERGY,0,20101230,121427,903,420
PANNERGY,0,20101230,121427,902,1150
PANNERGY,0,20101230,121427,901,800
PANNERGY,0,20101230,121427,901,75
PANNERGY,0,20101230,121427,901,1500
PANNERGY,0,20101230,121427,900,50
PANNERGY,0,20101230,121427,900,200
PANNERGY,0,20101230,121427,900,180
PANNERGY,0,20101230,121427,900,500
BUX1112,0,20101230,121445,21950,10
OTP,0,20101230,121455,5061,180
OTP,0,20101230,121455,5061,25
OTP,0,20101230,121455,5060,1873
BUX1112,0,20101230,121459,21950,2
MTELEKOM,0,20101230,121518,513,675
MTELEKOM,0,20101230,121518,513,200
MTELEKOM,0,20101230,121518,513,500
MTELEKOM,0,20101230,121518,513,2325
BUX1112,0,20101230,121545,21950,2
BUX1112,0,20101230,121545,21950,10
OTP,0,20101230,121554,5053,20
OTP,0,20101230,121554,5052,80
MOL,0,20101230,121603,20660,100
MOL,0,20101230,121612,20690,4
PHYLAXIA,0,20101230,121619,44,10000
MOL,0,20101230,121624,20660,100
RICHTER,0,20101230,121629,42900,10
BUX1112,0,20101230,121638,21950,40
PANNERGY,0,20101230,121716,900,500
OTP,0,20101230,121717,5052,30
OTP,0,20101230,121717,5052,5
BUX1112,0,20101230,121722,21950,10
BUX1112,0,20101230,121729,21940,1
MOL,0,20101230,121740,20660,200
BUX1112,0,20101230,121802,21950,10
OTP,0,20101230,121812,5052,15
OTP,0,20101230,121812,5051,55
BUX1112,0,20101230,121839,21950,40
TVK,0,20101230,121842,3320,33
TVK,0,20101230,121842,3320,67
MOL,0,20101230,121900,20660,100
MOL,0,20101230,121906,20670,10
MTELEKOM,0,20101230,121919,513,600
OTP,0,20101230,121920,5055,35
BUX1112,0,20101230,121921,21940,1
MOL,0,20101230,121932,20670,7
OTP,0,20101230,121938,5052,200
OTP,0,20101230,121938,5052,25
OTP,0,20101230,121938,5051,830
OTP,0,20101230,121938,5051,945
OTP,0,20101230,122012,5051,22
MOL,0,20101230,122027,20660,100
OTP,0,20101230,122110,5055,886
BUX1112,0,20101230,122157,21940,7
OTP,0,20101230,122200,5055,5
MOL,0,20101230,122207,20610,49
MOL,0,20101230,122207,20610,10
MOL,0,20101230,122207,20605,21
MOL,0,20101230,122223,20605,479
MOL,0,20101230,122223,20600,1
ZWACK,0,20101230,122225,12715,3
ZWACK,0,20101230,122225,12700,17
ZWACK,0,20101230,122225,12700,14
ZWACK,0,20101230,122225,12700,5
ZWACK,0,20101230,122225,12700,1
ZWACK,0,20101230,122225,12700,5
ZWACK,0,20101230,122225,12650,5
BUX1112,0,20101230,122246,21940,20
RICHTER,0,20101230,122323,42900,29
RICHTER,0,20101230,122323,42900,8
FHB,0,20101230,122323,950,50
FHB,0,20101230,122323,950,400
FHB,0,20101230,122323,949,360
FHB,0,20101230,122323,947,32
FHB,0,20101230,122323,946,358
BUX1112,0,20101230,122335,21940,20
ANY,0,20101230,122406,725,598
ANY,0,20101230,122406,726,700
ANY,0,20101230,122406,727,66
ANY,0,20101230,122406,727,160
ANY,0,20101230,122406,728,76
MOL,0,20101230,122419,20610,135
OTP,0,20101230,122441,5055,74
OTP,0,20101230,122441,5058,350
OTP,0,20101230,122441,5059,176
GENESIS,0,20101230,122513,172,400
GENESIS,0,20101230,122513,172,300
GENESIS,0,20101230,122513,172,300
GENESIS,0,20101230,122513,171,330
GENESIS,0,20101230,122513,171,670
OTP,0,20101230,122611,5055,1000
OTP,0,20101230,122611,5055,20
BUX1112,0,20101230,122628,21940,35
ECONET,0,20101230,122639,89,17500
MOL,0,20101230,122701,20650,323
OTP,0,20101230,122740,5055,78
OTP,0,20101230,122753,5052,78
OTP,0,20101230,122758,5052,222
OTP,0,20101230,122758,5052,27
OTP,0,20101230,122814,5055,27
GENESIS,0,20101230,122848,174,100
GENESIS,0,20101230,122848,174,3
GENESIS,0,20101230,122848,175,570
GENESIS,0,20101230,122848,175,1000
GENESIS,0,20101230,122848,175,200
GENESIS,0,20101230,122848,175,218
GENESIS,0,20101230,122848,175,9
MTELEKOM,0,20101230,122855,513,75
MTELEKOM,0,20101230,122855,513,11
EMASZ,0,20101230,122938,21305,5
FREESOFT,0,20101230,122941,1950,100
MTELEKOM,0,20101230,122942,513,239
MTELEKOM,0,20101230,122942,513,761
OTP,0,20101230,122943,5055,3
MOL,0,20101230,123028,20650,150
OTP,0,20101230,123030,5055,127
OTP,0,20101230,123030,5055,32
RICHTER,0,20101230,123053,42930,23
FHB,0,20101230,123100,947,31
FHB,0,20101230,123100,947,73
OTP,0,20101230,123145,5056,60
OTP,0,20101230,123154,5058,73
OTP,0,20101230,123154,5056,118
OTP,0,20101230,123154,5055,382
OTP,0,20101230,123209,5055,14
BUX1112,0,20101230,123229,21940,35
MOL,0,20101230,123237,20650,25
MOL,0,20101230,123237,20650,300
MOL,0,20101230,123237,20660,15
MOL,0,20101230,123237,20660,154
MOL,0,20101230,123237,20670,983
MOL,0,20101230,123248,20670,23
OTP,0,20101230,123314,5054,870
MTELEKOM,0,20101230,123324,512,1763
MTELEKOM,0,20101230,123324,512,1000
MTELEKOM,0,20101230,123324,512,1000
MTELEKOM,0,20101230,123324,512,380
MTELEKOM,0,20101230,123324,512,857
BUX1112,0,20101230,123428,21935,1
ANY,0,20101230,123430,720,625
OTP,0,20101230,123439,5053,50
MOL,0,20101230,123442,20650,192
MOL,0,20101230,123445,20650,185
TVK,0,20101230,123509,3320,13
TVK,0,20101230,123557,3315,2
MOL,0,20101230,123559,20650,35
OTP,0,20101230,123621,5053,400
OTP,0,20101230,123622,5053,150
OTP,0,20101230,123727,5053,200
OTP,0,20101230,123728,5053,12
OTP,0,20101230,123732,5053,68
OTP,0,20101230,123735,5053,10
OTP,0,20101230,123742,5052,100
OTP,0,20101230,123801,5053,110
OTP,0,20101230,123801,5054,25
OTP,0,20101230,123801,5055,365
BOOK,0,20101230,123852,470,100
MOL,0,20101230,123858,20620,50
MOL,0,20101230,123858,20615,100
MOL,0,20101230,123858,20610,50
MOL,0,20101230,123858,20610,200
PHYLAXIA,0,20101230,123900,44,4074
ANY,0,20101230,123915,720,81
ANY,0,20101230,123915,715,150
RFV,0,20101230,123916,8400,12
BOOK,0,20101230,123932,470,200
RICHTER,0,20101230,123950,42800,30
RICHTER,0,20101230,123950,42800,7
RICHTER,0,20101230,123950,42770,10
RICHTER,0,20101230,123950,42770,14
KEG,0,20101230,123951,139,480
OTP,0,20101230,123951,5055,80
OTP,0,20101230,123953,5055,4
BOOK,0,20101230,123953,470,120
RABA,0,20101230,124004,798,5000
RICHTER,0,20101230,124005,42975,3
ZWACK,0,20101230,124007,12870,13
BUX1112,0,20101230,124028,21940,4
BUX1112,0,20101230,124028,21936,1
BUX1112,0,20101230,124028,21935,5
OTP,0,20101230,124034,5053,37
EGIS,0,20101230,124037,20000,2
MTELEKOM,0,20101230,124046,512,325
OTP,0,20101230,124055,5053,20
MTELEKOM,0,20101230,124056,512,818
MTELEKOM,0,20101230,124056,512,160
MTELEKOM,0,20101230,124056,512,400
MTELEKOM,0,20101230,124056,512,3622
OTP,0,20101230,124113,5053,25
ZWACK,0,20101230,124137,12870,1
ECONET,0,20101230,124153,89,2000
MTELEKOM,0,20101230,124228,513,1500
OTP,0,20101230,124243,5055,240
OTP,0,20101230,124307,5055,35
EGIS,0,20101230,124433,20000,13
KEG,0,20101230,124442,139,520
KEG,0,20101230,124442,139,190
TVK,0,20101230,124506,3315,24
KEG,0,20101230,124532,139,10
RFV,0,20101230,124535,8400,17
MOL,0,20101230,124649,20610,10
OTP,0,20101230,124816,5055,25
OTP,0,20101230,124816,5055,40
OTP,0,20101230,124817,5055,38
OTP,0,20101230,124817,5056,30
OTP,0,20101230,124817,5056,20
OTP,0,20101230,124817,5057,12
FOTEX,0,20101230,124826,379,10000
PHYLAXIA,0,20101230,124934,44,5265
OTP,0,20101230,124957,5055,140
OTP,0,20101230,125016,5054,826
OTP,0,20101230,125205,5052,20
OTP,0,20101230,125228,5052,11
OTP,0,20101230,125228,5051,33
OTP,0,20101230,125228,5051,20
OTP,0,20101230,125228,5051,136
MTELEKOM,0,20101230,125230,513,739
MTELEKOM,0,20101230,125230,513,1000
MTELEKOM,0,20101230,125230,513,5000
MTELEKOM,0,20101230,125230,513,5000
MTELEKOM,0,20101230,125237,513,13261
OTP,0,20101230,125322,5051,14
OTP,0,20101230,125349,5052,25
OTP,0,20101230,125400,5052,60
OTP,0,20101230,125400,5051,850
OTP,0,20101230,125400,5051,1000
OTP,0,20101230,125400,5051,100
OTP,0,20101230,125400,5050,57
OTP,0,20101230,125400,5050,2170
OTP,0,20101230,125400,5050,200
OTP,0,20101230,125400,5050,12
OTP,0,20101230,125403,5050,543
OTP,0,20101230,125403,5050,100
OTP,0,20101230,125403,5050,20
OTP,0,20101230,125403,5050,430
OTP,0,20101230,125403,5050,100
EGIS,0,20101230,125446,19955,37
MOL,0,20101230,125456,20610,70
MOL,0,20101230,125456,20610,29
OTP,0,20101230,125512,5053,181
OTP,0,20101230,125512,5054,174
OTP,0,20101230,125512,5054,285
BUX1112,0,20101230,125724,21935,20
BUX1112,0,20101230,125724,21935,4
OTP,0,20101230,125737,5050,50
OTP,0,20101230,125737,5047,10
OTP,0,20101230,125835,5053,30
OTP,0,20101230,125835,5054,522
OTP,0,20101230,125835,5055,860
OTP,0,20101230,125835,5055,588
ECONET,0,20101230,125842,89,1882
ECONET,0,20101230,125842,89,118
OTP,0,20101230,130015,5049,130
OTP,0,20101230,130015,5047,10
MOL,0,20101230,130052,20610,25
OTP,0,20101230,130145,5053,30
OTP,0,20101230,130152,5053,151
OTP,0,20101230,130200,5047,30
OTP,0,20101230,130200,5047,10
MOL,0,20101230,130203,20620,5000
OTP,0,20101230,130214,5053,30
OTP,0,20101230,130214,5054,30
OTP,0,20101230,130214,5055,40
OTP,0,20101230,130217,5047,55
AAA,0,20101230,130244,221,40
MTELEKOM,0,20101230,130835,512,5739
OTP,0,20101230,130910,5048,79
OTP,0,20101230,130913,5047,100
OTP,0,20101230,130958,5047,21
RICHTER,0,20101230,131055,42935,7
RABA,0,20101230,131105,798,150
OTP,0,20101230,131150,5047,814
OTP,0,20101230,131150,5047,21
OTP,0,20101230,131150,5045,765
RABA,0,20101230,131210,799,150
BUX1112,0,20101230,131312,21922,5
OTP,0,20101230,131316,5047,22
OTP,0,20101230,131316,5048,21
OTP,0,20101230,131316,5048,18
OTP,0,20101230,131329,5045,235
OTP,0,20101230,131329,5045,94
OTP,0,20101230,131329,5045,45
OTP,0,20101230,131329,5045,10
OTP,0,20101230,131329,5045,20
OTP,0,20101230,131329,5045,596
OTP,0,20101230,131333,5045,404
OTP,0,20101230,131333,5045,66
OTP,0,20101230,131356,5047,50
BUX1112,0,20101230,131404,21921.5,1
OTP,0,20101230,131406,5045,134
OTP,0,20101230,131406,5041,366
OTP,0,20101230,131411,5041,634
OTP,0,20101230,131411,5041,66
BUX1112,0,20101230,131417,21921.5,1
BUX1112,0,20101230,131417,21921,3
OTP,0,20101230,131417,5041,64
GENESIS,0,20101230,131422,172,111
FOTEX,0,20101230,131432,377,114
MOL,0,20101230,131432,20610,126
MOL,0,20101230,131432,20610,25
MOL,0,20101230,131432,20605,500
MOL,0,20101230,131432,20600,50
MOL,0,20101230,131432,20600,299
MTELEKOM,0,20101230,131448,512,545
MTELEKOM,0,20101230,131448,512,265
MOL,0,20101230,131453,20600,10
RICHTER,0,20101230,131454,42935,4
BUX1112,0,20101230,131456,21920,3
OTP,0,20101230,131526,5041,20
OTP,0,20101230,131526,5040,55
OTP,0,20101230,131526,5040,200
OTP,0,20101230,131526,5040,100
OTP,0,20101230,131526,5040,141
OTP,0,20101230,131526,5040,15
OTP,0,20101230,131526,5040,1500
OTP,0,20101230,131526,5040,19
OTP,0,20101230,131526,5040,11
OTP,0,20101230,131526,5040,1000
OTP,0,20101230,131526,5040,200
OTP,0,20101230,131526,5040,400
OTP,0,20101230,131526,5040,100
OTP,0,20101230,131526,5040,48
OTP,0,20101230,131526,5040,110
OTP,0,20101230,131526,5040,81
OTP,0,20101230,131526,5040,19
OTP,0,20101230,131526,5040,20
OTP,0,20101230,131532,5040,461
OTP,0,20101230,131532,5040,230
OTP,0,20101230,131532,5045,1309
MOL,0,20101230,131535,20600,191
BUX1112,0,20101230,131536,21919,5
MTELEKOM,0,20101230,131554,512,385
MTELEKOM,0,20101230,131554,512,325
FHB,0,20101230,131617,950,70
OTP,0,20101230,131619,5039,360
OTP,0,20101230,131619,5038,20
OTP,0,20101230,131619,5038,2620
OTP,0,20101230,131645,5040,500
OTP,0,20101230,131645,5040,250
OTP,0,20101230,131649,5040,250
OTP,0,20101230,131649,5038,380
OTP,0,20101230,131649,5038,370
OTP,0,20101230,131653,5038,130
OTP,0,20101230,131653,5038,370
OTP,0,20101230,131712,5040,500
OTP,0,20101230,131725,5040,100
FHB,0,20101230,131733,950,430
OTP,0,20101230,131736,5038,100
MTELEKOM,0,20101230,131928,512,4500
OTP,0,20101230,131935,5040,400
OTP,0,20101230,131945,5041,100
MTELEKOM,0,20101230,131953,513,879
RICHTER,0,20101230,131957,42935,11
MTELEKOM,0,20101230,132018,512,175
MTELEKOM,0,20101230,132018,512,500
MTELEKOM,0,20101230,132018,512,400
MTELEKOM,0,20101230,132018,512,200
MTELEKOM,0,20101230,132018,512,3000
MTELEKOM,0,20101230,132018,512,2725
RFV,0,20101230,132042,8401,50
ECONET,0,20101230,132052,89,1382
ECONET,0,20101230,132052,89,1618
OTP,0,20101230,132140,5041,161
OTP,0,20101230,132140,5042,100
OTP,0,20101230,132140,5043,239
OTP,0,20101230,132208,5042,400
MTELEKOM,0,20101230,132325,512,400
MTELEKOM,0,20101230,132358,512,500
MOL,0,20101230,132415,20590,50
MOL,0,20101230,132415,20590,40
MOL,0,20101230,132415,20600,309
MOL,0,20101230,132415,20600,50
MTELEKOM,0,20101230,132443,512,446
MTELEKOM,0,20101230,132443,512,3000
MTELEKOM,0,20101230,132443,512,800
MTELEKOM,0,20101230,132443,512,1000
MTELEKOM,0,20101230,132443,512,900
MTELEKOM,0,20101230,132443,512,975
MTELEKOM,0,20101230,132443,512,1500
MTELEKOM,0,20101230,132443,512,200
MTELEKOM,0,20101230,132443,512,1179
MTELEKOM,0,20101230,132515,512,8281
MTELEKOM,0,20101230,132515,512,1719
OTP,0,20101230,132519,5041,185
OTP,0,20101230,132519,5040,600
OTP,0,20101230,132519,5040,121
BUX1112,0,20101230,132557,21917.5,1
BUX1112,0,20101230,132557,21917,1
BUX1112,0,20101230,132557,21916,1
BUX1112,0,20101230,132557,21916,1
BUX1112,0,20101230,132557,21916,1
BUX1112,0,20101230,132557,21916,3
BUX1112,0,20101230,132557,21915,10
BUX1112,0,20101230,132557,21915,1
MOL,0,20101230,132610,20600,5
OTP,0,20101230,132614,5040,500
OTP,0,20101230,132614,5040,785
MTELEKOM,0,20101230,132621,512,3281
MTELEKOM,0,20101230,132621,512,600
MTELEKOM,0,20101230,132621,512,16119
MTELEKOM,0,20101230,132621,513,9117
MTELEKOM,0,20101230,132621,513,883
HUMET,0,20101230,132621,9,60
MOL,0,20101230,132643,20565,15
GENESIS,0,20101230,132655,173,6000
OTP,0,20101230,132719,5040,500
OTP,0,20101230,132719,5038,30
OTP,0,20101230,132719,5037,10
OTP,0,20101230,132719,5036,100
OTP,0,20101230,132719,5036,50
OTP,0,20101230,132719,5036,100
OTP,0,20101230,132719,5036,50
OTP,0,20101230,132719,5036,100
OTP,0,20101230,132719,5036,94
OTP,0,20101230,132719,5036,100
OTP,0,20101230,132719,5036,500
OTP,0,20101230,132719,5035,6
MTELEKOM,0,20101230,132735,512,1338
BUX1112,0,20101230,132744,21913,1
BUX1112,0,20101230,132744,21912,1
BUX1112,0,20101230,132744,21911,1
BUX1112,0,20101230,132744,21910,2
BUX1112,0,20101230,132759,21909,1
MOL,0,20101230,132803,20595,50
OTP,0,20101230,132826,5036,500
OTP,0,20101230,132827,5035,80
OTP,0,20101230,132857,5041,100
OTP,0,20101230,132857,5042,219
OTP,0,20101230,132857,5043,261
OTP,0,20101230,132857,5043,100
OTP,0,20101230,132857,5044,100
OTP,0,20101230,132857,5045,491
OTP,0,20101230,132857,5047,50
OTP,0,20101230,132857,5047,100
OTP,0,20101230,132857,5048,82
OTP,0,20101230,132857,5049,100
OTP,0,20101230,132857,5049,37
RABA,0,20101230,132912,799,154
RABA,0,20101230,132912,800,31
BUX1112,0,20101230,132921,21910,5
BUX1112,0,20101230,132921,21910,2
BUX1112,0,20101230,132922,21908,1
BUX1112,0,20101230,132922,21908,1
BUX1112,0,20101230,132936,21908,1
BUX1112,0,20101230,132936,21910,1
RFV,0,20101230,133016,8420,15
RFV,0,20101230,133016,8440,35
OTP,0,20101230,133035,5040,2
OTP,0,20101230,133049,5040,398
OTP,0,20101230,133049,5036,2
OTP,0,20101230,133049,5036,98
OTP,0,20101230,133049,5035,132
OTP,0,20101230,133112,5040,500
OTP,0,20101230,133129,5035,3
BUX1112,0,20101230,133157,21915,3
FHB,0,20101230,133242,950,820
FHB,0,20101230,133242,950,100
BUX1112,0,20101230,133248,21910.5,1
BUX1112,0,20101230,133248,21910,3
BUX1112,0,20101230,133248,21907.5,1
OTP,0,20101230,133315,5040,197
OTP,0,20101230,133317,5040,3
OTP,0,20101230,133317,5045,27
MTELEKOM,0,20101230,133353,512,2543
MTELEKOM,0,20101230,133353,512,1000
MTELEKOM,0,20101230,133353,512,1457
SYNERGON,0,20101230,133424,472,485
OTP,0,20101230,133515,5045,150
RFV,0,20101230,133548,8500,18
OTP,0,20101230,133612,5045,310
OTP,0,20101230,133625,5040,100
MOL,0,20101230,133638,20565,30
BUX1112,0,20101230,133707,21911,5
OTP,0,20101230,133728,5040,370
BUX1112,0,20101230,133747,21910,7
OTP,0,20101230,133749,5040,189
OTP,0,20101230,133749,5040,23
OTP,0,20101230,133804,5040,10
BUX1112,0,20101230,133904,21912,1
PANNERGY,0,20101230,133932,909,145
BUX1112,0,20101230,133956,21915,4
OTP,0,20101230,134008,5037,5
OTP,0,20101230,134008,5037,100
OTP,0,20101230,134008,5037,300
OTP,0,20101230,134008,5036,1200
OTP,0,20101230,134008,5035,321
OTP,0,20101230,134008,5035,74
OTP,0,20101230,134019,5040,57
PHYLAXIA,0,20101230,134037,44,3000
OTP,0,20101230,134102,5041,173
OTP,0,20101230,134212,5035,90
OTP,0,20101230,134316,5040,290
OTP,0,20101230,134318,5040,160
OTP,0,20101230,134326,5040,50
OTP,0,20101230,134354,5036,30
OTP,0,20101230,134354,5036,397
OTP,0,20101230,134354,5035,336
OTP,0,20101230,134354,5035,137
BUX1112,0,20101230,134427,21915,2
OTP,0,20101230,134437,5035,363
OTP,0,20101230,134437,5035,1000
OTP,0,20101230,134437,5035,110
OTP,0,20101230,134437,5035,19
OTP,0,20101230,134437,5035,20
OTP,0,20101230,134437,5035,1000
OTP,0,20101230,134437,5035,620
OTP,0,20101230,134437,5035,100
OTP,0,20101230,134437,5035,200
OTP,0,20101230,134437,5035,3000
OTP,0,20101230,134437,5035,50
OTP,0,20101230,134437,5035,170
GENESIS,0,20101230,134448,174,650
RABA,0,20101230,134458,798,2000
BUX1112,0,20101230,134519,21910,3
BUX1112,0,20101230,134519,21910,3
OTP,0,20101230,134530,5035,1500
OTP,0,20101230,134543,5035,1000
OTP,0,20101230,134621,5035,440
OTP,0,20101230,134628,5035,300
OTP,0,20101230,134641,5035,657
OTP,0,20101230,134646,5035,103
OTP,0,20101230,134646,5035,47
SYNERGON,0,20101230,134708,474,75
KEG,0,20101230,134713,139,20
MTELEKOM,0,20101230,134720,512,1200
BUX1112,0,20101230,134805,21915,2
OTP,0,20101230,134839,5035,30
OTP,0,20101230,134850,5039,100
MTELEKOM,0,20101230,134853,512,250
OTP,0,20101230,134912,5035,5
ORC,0,20101230,134921,1960,68
OTP,0,20101230,134937,5036,50
OTP,0,20101230,134949,5036,120
OTP,0,20101230,135002,5036,50
MTELEKOM,0,20101230,135041,513,417
MTELEKOM,0,20101230,135041,513,533
OTP,0,20101230,135045,5036,10
MTELEKOM,0,20101230,135117,512,93
MTELEKOM,0,20101230,135117,512,60
MTELEKOM,0,20101230,135117,512,1147
MOL,0,20101230,135215,20590,1
MOL,0,20101230,135215,20590,60
MOL,0,20101230,135215,20590,39
MTELEKOM,0,20101230,135238,512,170
MTELEKOM,0,20101230,135238,512,2685
OTP,0,20101230,135303,5040,150
OTP,0,20101230,135303,5040,50
OTP,0,20101230,135326,5036,50
ANY,0,20101230,135501,719,475
OTP,0,20101230,135502,5040,150
OTP,0,20101230,135502,5044,100
OTP,0,20101230,135502,5045,13
OTP,0,20101230,135502,5046,86
OTP,0,20101230,135502,5046,101
ECONET,0,20101230,135513,89,500
OTP,0,20101230,135525,5045,20
BUX1112,0,20101230,135548,21910.5,1
BUX1112,0,20101230,135548,21910,1
OTP,0,20101230,135549,5036,420
MTELEKOM,0,20101230,135621,512,2315
MTELEKOM,0,20101230,135712,512,10
MTELEKOM,0,20101230,135712,513,1290
OTP,0,20101230,135750,5040,100
OTP,0,20101230,135750,5045,317
ANY,0,20101230,135803,719,550
TVK,0,20101230,140008,3315,150
OTP,0,20101230,140022,5040,500
FOTEX,0,20101230,140140,378,800
OTP,0,20101230,140147,5041,170
ANY,0,20101230,140214,712,50
ANY,0,20101230,140214,712,25
ANY,0,20101230,140235,725,34
ANY,0,20101230,140235,725,41
MOL,0,20101230,140236,20575,5
SYNERGON,0,20101230,140308,472,122
SYNERGON,0,20101230,140308,472,68
OTP,0,20101230,140312,5038,40
OTP,0,20101230,140312,5037,10
OTP,0,20101230,140312,5036,100
OTP,0,20101230,140312,5036,200
OTP,0,20101230,140312,5036,137
OTP,0,20101230,140317,5036,63
OTP,0,20101230,140317,5036,86
OTP,0,20101230,140317,5036,500
OTP,0,20101230,140317,5035,351
MOL,0,20101230,140323,20575,9
OTP,0,20101230,140342,5035,67
OTP,0,20101230,140342,5035,100
OTP,0,20101230,140342,5035,52
OTP,0,20101230,140342,5035,1800
OTP,0,20101230,140342,5035,981
RICHTER,0,20101230,140342,42935,21
MTELEKOM,0,20101230,140347,513,950
KEG,0,20101230,140354,139,260
MTELEKOM,0,20101230,140358,512,430
OTP,0,20101230,140403,5035,19
OTP,0,20101230,140403,5034,10
OTP,0,20101230,140403,5034,14
PANNERGY,0,20101230,140430,903,44
PANNERGY,0,20101230,140430,903,6
MTELEKOM,0,20101230,140445,511,24882
MTELEKOM,0,20101230,140445,511,1000
MTELEKOM,0,20101230,140445,511,1000
MTELEKOM,0,20101230,140445,511,330
MTELEKOM,0,20101230,140445,511,60
MTELEKOM,0,20101230,140445,511,75
MTELEKOM,0,20101230,140445,511,3733
MTELEKOM,0,20101230,140445,511,800
MTELEKOM,0,20101230,140445,511,1500
MTELEKOM,0,20101230,140445,511,1960
MTELEKOM,0,20101230,140445,511,227
MTELEKOM,0,20101230,140445,511,450
MTELEKOM,0,20101230,140445,511,1000
MTELEKOM,0,20101230,140445,511,70
MTELEKOM,0,20101230,140445,511,1000
MTELEKOM,0,20101230,140445,511,600
MTELEKOM,0,20101230,140445,511,2000
MTELEKOM,0,20101230,140445,511,59313
MTELEKOM,0,20101230,140523,512,6000
MTELEKOM,0,20101230,140553,512,1860
OTP,0,20101230,140603,5034,86
OTP,0,20101230,140603,5033,67
OTP,0,20101230,140603,5033,60
OTP,0,20101230,140607,5033,20
OTP,0,20101230,140607,5033,124
OTP,0,20101230,140607,5032,51
OTP,0,20101230,140622,5032,49
OTP,0,20101230,140622,5032,500
OTP,0,20101230,140622,5032,20
OTP,0,20101230,140622,5031,340
OTP,0,20101230,140622,5031,100
OTP,0,20101230,140622,5031,40
OTP,0,20101230,140622,5031,50
OTP,0,20101230,140622,5031,100
OTP,0,20101230,140622,5031,100
OTP,0,20101230,140622,5031,31
OTP,0,20101230,140622,5031,69
OTP,0,20101230,140622,5031,20
OTP,0,20101230,140622,5031,411
MTELEKOM,0,20101230,140623,512,20
OTP,0,20101230,140643,5035,2000
OTP,0,20101230,140643,5035,700
OTP,0,20101230,140650,5035,1300
MOL,0,20101230,140735,20575,86
MOL,0,20101230,140735,20565,5
MOL,0,20101230,140735,20565,100
MOL,0,20101230,140735,20560,109
OTP,0,20101230,140748,5035,100
OTP,0,20101230,140749,5031,589
OTP,0,20101230,140749,5031,20
OTP,0,20101230,140749,5031,500
OTP,0,20101230,140749,5031,500
OTP,0,20101230,140749,5030,60
OTP,0,20101230,140749,5030,270
OTP,0,20101230,140749,5030,59
OTP,0,20101230,140749,5030,476
OTP,0,20101230,140749,5030,25
OTP,0,20101230,140749,5030,400
OTP,0,20101230,140749,5030,5000
OTP,0,20101230,140749,5030,23
OTP,0,20101230,140749,5030,30
OTP,0,20101230,140749,5030,40
OTP,0,20101230,140749,5030,41
OTP,0,20101230,140749,5030,50
OTP,0,20101230,140749,5030,250
OTP,0,20101230,140749,5030,130
OTP,0,20101230,140749,5030,150
OTP,0,20101230,140749,5030,100
OTP,0,20101230,140749,5030,70
OTP,0,20101230,140749,5030,182
OTP,0,20101230,140749,5030,80
OTP,0,20101230,140749,5030,50
OTP,0,20101230,140749,5030,905
OTP,0,20101230,140749,5030,50
OTP,0,20101230,140749,5030,165
OTP,0,20101230,140756,5030,80
OTP,0,20101230,140756,5030,202
OTP,0,20101230,140756,5030,2
OTP,0,20101230,140809,5030,716
OTP,0,20101230,140821,5030,434
ECONET,0,20101230,140834,88,96
ECONET,0,20101230,140834,88,4904
ORC,0,20101230,141039,1960,27
ORC,0,20101230,141039,1970,5
MOL,0,20101230,141140,20560,5
OTP,0,20101230,141203,5028,100
OTP,0,20101230,141203,5028,1138
OTP,0,20101230,141203,5028,163
OTP,0,20101230,141212,5026,73
BUX1112,0,20101230,141225,21912,1
BUX1112,0,20101230,141225,21911,1
BUX1112,0,20101230,141225,21910,13
BUX1112,0,20101230,141225,21908,1
BUX1112,0,20101230,141225,21906,1
BUX1112,0,20101230,141225,21906,1
BUX1112,0,20101230,141225,21905,1
BUX1112,0,20101230,141225,21905,1
BUX1112,0,20101230,141225,21905,1
BUX1112,0,20101230,141225,21905,8
BUX1112,0,20101230,141225,21903,1
BUX1112,0,20101230,141225,21902,1
BUX1112,0,20101230,141225,21902,5
BUX1112,0,20101230,141225,21902,1
BUX1112,0,20101230,141225,21901,1
BUX1112,0,20101230,141225,21901,3
BUX1112,0,20101230,141225,21901,5
BUX1112,0,20101230,141225,21900.5,2
BUX1112,0,20101230,141225,21900.5,1
BUX1112,0,20101230,141225,21900,5
BUX1112,0,20101230,141225,21891,4
BUX1112,0,20101230,141225,21891,1
BUX1112,0,20101230,141225,21888,6
BUX1112,0,20101230,141225,21888,2
OTP,0,20101230,141227,5028,50
ZWACK,0,20101230,141231,12870,3
OTP,0,20101230,141233,5025,16
OTP,0,20101230,141233,5025,30
OTP,0,20101230,141233,5025,1000
OTP,0,20101230,141233,5025,150
OTP,0,20101230,141233,5025,100
OTP,0,20101230,141233,5025,131
OTP,0,20101230,141233,5025,29
OTP,0,20101230,141233,5025,200
OTP,0,20101230,141233,5025,91
OTP,0,20101230,141233,5025,242
OTP,0,20101230,141233,5025,258
OTP,0,20101230,141233,5025,100
OTP,0,20101230,141233,5025,142
OTP,0,20101230,141233,5025,20
OTP,0,20101230,141239,5024,11
OTP,0,20101230,141239,5024,100
OTP,0,20101230,141239,5023,189
OTP,0,20101230,141239,5023,150
OTP,0,20101230,141243,5025,100
OTP,0,20101230,141245,5025,38
OTP,0,20101230,141245,5025,12
OTP,0,20101230,141248,5023,61
OTP,0,20101230,141256,5022,50
OTP,0,20101230,141256,5022,100
OTP,0,20101230,141256,5022,100
OTP,0,20101230,141256,5021,1000
OTP,0,20101230,141256,5021,5
OTP,0,20101230,141256,5021,16
OTP,0,20101230,141256,5020,3000
OTP,0,20101230,141256,5020,50
OTP,0,20101230,141256,5020,15
OTP,0,20101230,141256,5020,500
OTP,0,20101230,141256,5020,100
OTP,0,20101230,141256,5020,160
OTP,0,20101230,141256,5020,50
OTP,0,20101230,141256,5020,35
OTP,0,20101230,141256,5020,200
OTP,0,20101230,141256,5020,200
OTP,0,20101230,141256,5020,120
OTP,0,20101230,141256,5020,990
OTP,0,20101230,141256,5020,600
OTP,0,20101230,141256,5020,30
OTP,0,20101230,141256,5020,300
OTP,0,20101230,141256,5020,316
OTP,0,20101230,141305,5018,150
OTP,0,20101230,141311,5020,200
OTP,0,20101230,141317,5017,15
MTELEKOM,0,20101230,141328,512,2980
MTELEKOM,0,20101230,141328,512,20
MTELEKOM,0,20101230,141328,512,1000
OTP,0,20101230,141336,5020,1
OTP,0,20101230,141343,5020,1000
OTP,0,20101230,141344,5020,100
OTP,0,20101230,141350,5016,1
OTP,0,20101230,141350,5015,1
EGIS,0,20101230,141355,19950,17
OTP,0,20101230,141409,5015,199
OTP,0,20101230,141409,5015,118
OTP,0,20101230,141409,5015,50
OTP,0,20101230,141409,5015,45
OTP,0,20101230,141409,5015,116
OTP,0,20101230,141424,5015,24
FHB,0,20101230,141434,950,100
MTELEKOM,0,20101230,141437,512,15530
FHB,0,20101230,141452,951,800
OTP,0,20101230,141503,5015,10
OTP,0,20101230,141503,5015,90
OTP,0,20101230,141510,5015,100
RABA,0,20101230,141521,797,50
OTP,0,20101230,141600,5015,10
OTP,0,20101230,141600,5015,22
OTP,0,20101230,141622,5015,13
OTP,0,20101230,141622,5015,15
OTP,0,20101230,141659,5015,15
KEG,0,20101230,141706,139,2100
MTELEKOM,0,20101230,141728,512,4500
OTP,0,20101230,141736,5014,20
OTP,0,20101230,141736,5014,30
RICHTER,0,20101230,141756,42900,33
MOL,0,20101230,141759,20560,9
OTP,0,20101230,141816,5025,17
OTP,0,20101230,141816,5027,8
MTELEKOM,0,20101230,141831,512,20
OTP,0,20101230,141843,5016,400
FOTEX,0,20101230,141849,378,700
RICHTER,0,20101230,141853,42800,150
BUX1112,0,20101230,141926,21881,1
BUX1112,0,20101230,141926,21880,2
BUX1112,0,20101230,141926,21880,1
BUX1112,0,20101230,141926,21880,5
BUX1112,0,20101230,141926,21880,1
MOL,0,20101230,141933,20560,27
MOL,0,20101230,141933,20560,8
MTELEKOM,0,20101230,141949,512,250
BOOK,0,20101230,141959,470,80
OTP,0,20101230,142011,5020,60
OTP,0,20101230,142033,5020,140
OTP,0,20101230,142049,5020,200
OTP,0,20101230,142051,5024,679
OTP,0,20101230,142051,5025,500
OTP,0,20101230,142051,5028,49
OTP,0,20101230,142051,5030,500
OTP,0,20101230,142051,5035,600
OTP,0,20101230,142051,5035,672
OTP,0,20101230,142058,5016,2
OTP,0,20101230,142118,5020,55663
OTP,0,20101230,142152,5020,50
OTP,0,20101230,142226,5029,50
OTP,0,20101230,142236,5020,250
OTP,0,20101230,142248,5020,26
FOTEX,0,20101230,142256,379,5000
ORC,0,20101230,142308,1970,33
ORC,0,20101230,142308,1970,27
FHB,0,20101230,142324,951,2000
EBGOLD,0,20101230,142345,2995,500
MOL,0,20101230,142347,20560,10
RABA,0,20101230,142357,797,50
OTP,0,20101230,142405,5021,200
OTP,0,20101230,142405,5020,174
OTP,0,20101230,142405,5020,100
OTP,0,20101230,142421,5020,26
BUX1112,0,20101230,142433,21900,1
OTP,0,20101230,142446,5022,4275
KEG,0,20101230,142506,140,570
OTP,0,20101230,142551,5022,2
OTP,0,20101230,142619,5025,50
MTELEKOM,0,20101230,142639,511,11382
OTP,0,20101230,142650,5025,175
OTP,0,20101230,142659,5025,100
OTP,0,20101230,142704,5025,325
MTELEKOM,0,20101230,142715,512,1000
OTP,0,20101230,142745,5025,8
MTELEKOM,0,20101230,142803,511,500
OTP,0,20101230,142832,5025,25
OTP,0,20101230,142845,5025,1500
MTELEKOM,0,20101230,142912,512,150
MOL,0,20101230,142925,20560,5
MTELEKOM,0,20101230,142945,511,650
OTP,0,20101230,143002,5023,500
OTP,0,20101230,143012,5025,142
MOL,0,20101230,143022,20560,5
MTELEKOM,0,20101230,143027,512,600
MTELEKOM,0,20101230,143044,511,600
BUX1112,0,20101230,143044,21900,5
OTP,0,20101230,143104,5025,58
OTP,0,20101230,143200,5021,7000
RICHTER,0,20101230,143203,42865,20
OTP,0,20101230,143209,5022,110
MTELEKOM,0,20101230,143210,511,3070
SYNERGON,0,20101230,143223,472,62
SYNERGON,0,20101230,143223,471,308
OTP,0,20101230,143241,5025,59
OTP,0,20101230,143241,5024,2741
OTP,0,20101230,143247,5025,1435
OTP,0,20101230,143259,5030,500
OTP,0,20101230,143309,5030,1000
OTP,0,20101230,143343,5035,200
OTP,0,20101230,143344,5035,3
MOL,0,20101230,143403,20560,30
MOL,0,20101230,143421,20590,31
MOL,0,20101230,143421,20590,100
FHB,0,20101230,143425,952,80
BUX1112,0,20101230,143432,21930,10
OTP,0,20101230,143434,5035,90
MOL,0,20101230,143437,20600,500
MOL,0,20101230,143445,20600,190
MOL,0,20101230,143445,20600,57
OTP,0,20101230,143450,5035,110
MTELEKOM,0,20101230,143456,511,200
BUX1112,0,20101230,143519,21939,1
BUX1112,0,20101230,143519,21939.5,1
BUX1112,0,20101230,143519,21940,2
OTP,0,20101230,143535,5035,925
RICHTER,0,20101230,143535,42850,10
OTP,0,20101230,143536,5035,75
OTP,0,20101230,143536,5031,20
OTP,0,20101230,143536,5030,266
OTP,0,20101230,143543,5033,1500
MTELEKOM,0,20101230,143546,512,3070
FOTEX,0,20101230,143551,378,500
MTELEKOM,0,20101230,143608,512,1000
BUX1112,0,20101230,143610,21940,7
OTP,0,20101230,143624,5031,180
MTELEKOM,0,20101230,143649,512,200
GENESIS,0,20101230,143649,175,491
GENESIS,0,20101230,143649,175,249
PHYLAXIA,0,20101230,143657,44,4146
PHYLAXIA,0,20101230,143657,44,3000
PHYLAXIA,0,20101230,143657,44,1567
PHYLAXIA,0,20101230,143657,44,787
OTP,0,20101230,143720,5031,20
OTP,0,20101230,143720,5030,480
OTP,0,20101230,143720,5030,500
RABA,0,20101230,143733,797,400
OTP,0,20101230,143734,5030,183
OTP,0,20101230,143809,5030,71
OTP,0,20101230,143809,5030,400
OTP,0,20101230,143809,5030,29
MTELEKOM,0,20101230,143818,512,600
GENESIS,0,20101230,143822,175,751
OTP,0,20101230,143833,5030,71
MOL,0,20101230,143921,20600,3
BUX1112,0,20101230,144003,21939.5,1
BUX1112,0,20101230,144030,21930,5
OTP,0,20101230,144106,5028,200
OTP,0,20101230,144106,5028,200
PHYLAXIA,0,20101230,144111,44,3
ECONET,0,20101230,144112,89,1882
ECONET,0,20101230,144112,89,600
ECONET,0,20101230,144112,89,2518
ECONET,0,20101230,144122,89,2000
MTELEKOM,0,20101230,144122,511,5000
OTP,0,20101230,144136,5029,65
OTP,0,20101230,144155,5029,935
OTP,0,20101230,144320,5030,929
OTP,0,20101230,144320,5030,136
OTP,0,20101230,144418,5029,500
OTP,0,20101230,144422,5029,1500
PHYLAXIA,0,20101230,144459,44,2000
OTP,0,20101230,144502,5029,500
OTP,0,20101230,144510,5030,200
OTP,0,20101230,144531,5030,50
OTP,0,20101230,144555,5026,60
KEG,0,20101230,144628,139,450
KEG,0,20101230,144628,138,420
KEG,0,20101230,144628,138,5000
KEG,0,20101230,144628,138,1000
KEG,0,20101230,144628,138,140
KEG,0,20101230,144628,138,500
KEG,0,20101230,144628,138,2000
KEG,0,20101230,144628,138,29
KEG,0,20101230,144628,138,260
KEG,0,20101230,144628,137,2000
KEG,0,20101230,144628,137,4750
KEG,0,20101230,144628,137,2900
KEG,0,20101230,144628,137,750
KEG,0,20101230,144628,137,200
KEG,0,20101230,144628,137,421
KEG,0,20101230,144628,137,733
KEG,0,20101230,144628,137,250
KEG,0,20101230,144628,137,18197
OTP,0,20101230,144659,5030,68
OTP,0,20101230,144752,5030,18
MTELEKOM,0,20101230,144800,511,10
OTP,0,20101230,144822,5028,1
OTP,0,20101230,144822,5026,38
OTP,0,20101230,144822,5025,2
OTP,0,20101230,144843,5025,18
OTP,0,20101230,144843,5025,11
MTELEKOM,0,20101230,144854,511,150
OTP,0,20101230,144906,5026,100
OTP,0,20101230,144906,5025,204
OTP,0,20101230,144906,5025,196
OTP,0,20101230,144936,5030,15
OTP,0,20101230,144953,5025,4
OTP,0,20101230,144953,5025,6
ZWACK,0,20101230,145015,12850,5
OTP,0,20101230,145016,5025,424
OTP,0,20101230,145016,5025,60
OTP,0,20101230,145016,5024,16
OTP,0,20101230,145026,5024,43
OTP,0,20101230,145026,5024,32
OTP,0,20101230,145026,5023,20
OTP,0,20101230,145026,5023,400
OTP,0,20101230,145026,5022,5
OTP,0,20101230,145029,5030,50
OTP,0,20101230,145041,5030,30
OTP,0,20101230,145058,5023,20
OTP,0,20101230,145058,5022,630
MTELEKOM,0,20101230,145206,512,200
OTP,0,20101230,145244,5028,24
OTP,0,20101230,145244,5029,65
OTP,0,20101230,145258,5029,200
MOL,0,20101230,145307,20630,20
MOL,0,20101230,145307,20640,50
MOL,0,20101230,145307,20645,3
MOL,0,20101230,145307,20645,126
MOL,0,20101230,145307,20650,500
MOL,0,20101230,145307,20650,100
MOL,0,20101230,145307,20650,182
MOL,0,20101230,145307,20650,100
MOL,0,20101230,145307,20650,1000
MOL,0,20101230,145318,20680,100
ZWACK,0,20101230,145320,12850,2
ZWACK,0,20101230,145320,12800,4
BUX1112,0,20101230,145322,21902,5
BUX1112,0,20101230,145322,21901,4
BUX1112,0,20101230,145322,21900.5,1
MOL,0,20101230,145324,20690,5
MOL,0,20101230,145324,20690,30
MOL,0,20101230,145324,20690,10
MOL,0,20101230,145324,20690,5
MOL,0,20101230,145334,20695,3
MOL,0,20101230,145334,20695,5
MOL,0,20101230,145334,20695,50
MOL,0,20101230,145334,20695,50
MOL,0,20101230,145334,20695,10
OTP,0,20101230,145336,5029,2735
OTP,0,20101230,145336,5030,783
OTP,0,20101230,145336,5030,15
OTP,0,20101230,145336,5030,700
OTP,0,20101230,145336,5030,1150
OTP,0,20101230,145336,5030,473
GENESIS,0,20101230,145338,172,489
MOL,0,20101230,145343,20700,60
MOL,0,20101230,145343,20700,15
MOL,0,20101230,145343,20700,5
MOL,0,20101230,145343,20700,10
MOL,0,20101230,145343,20700,160
MOL,0,20101230,145343,20700,10
MOL,0,20101230,145344,20700,10
MOL,0,20101230,145344,20700,61
OTP,0,20101230,145458,5039,100
OTP,0,20101230,145503,5031,100
OTP,0,20101230,145513,5040,90
OTP,0,20101230,145547,5035,310
BUX1112,0,20101230,145548,21925,1
BUX1112,0,20101230,145548,21929.5,1
BUX1112,0,20101230,145548,21930,3
MTELEKOM,0,20101230,145552,511,300
OTP,0,20101230,145618,5040,60
OTP,0,20101230,145618,5040,40
MOL,0,20101230,145710,20655,30
RICHTER,0,20101230,145807,42870,3
OTP,0,20101230,145827,5037,18
OTP,0,20101230,145827,5035,16
OTP,0,20101230,145827,5035,66
OTP,0,20101230,145848,5035,22
MTELEKOM,0,20101230,145852,512,1000
FOTEX,0,20101230,145958,377,186
FOTEX,0,20101230,145958,377,114
MOL,0,20101230,150045,20660,18
MOL,0,20101230,150052,20680,40
MOL,0,20101230,150054,20680,65
MOL,0,20101230,150111,20680,30
RICHTER,0,20101230,150152,42870,17
RICHTER,0,20101230,150152,42900,10
OTP,0,20101230,150200,5040,555
OTP,0,20101230,150218,5035,9
OTP,0,20101230,150218,5032,91
OTP,0,20101230,150231,5040,400
OTP,0,20101230,150235,5040,5
MOL,0,20101230,150237,20660,28
OTP,0,20101230,150248,5041,3000
OTP,0,20101230,150316,5040,100
OTP,0,20101230,150320,5042,200
OTP,0,20101230,150320,5044,1200
OTP,0,20101230,150320,5044,500
OTP,0,20101230,150320,5045,93
OTP,0,20101230,150320,5045,500
OTP,0,20101230,150320,5045,1000
ECONET,0,20101230,150322,89,18
ECONET,0,20101230,150322,89,400
OTP,0,20101230,150327,5045,7
MTELEKOM,0,20101230,150338,512,80
OTP,0,20101230,150343,5040,500
MOL,0,20101230,150359,20660,5
BUX1112,0,20101230,150407,21928.5,1
BUX1112,0,20101230,150407,21929,5
BUX1112,0,20101230,150407,21930,2
FREESOFT,0,20101230,150445,1960,74
MTELEKOM,0,20101230,150506,512,8830
MTELEKOM,0,20101230,150506,512,500
MTELEKOM,0,20101230,150506,512,807
OTP,0,20101230,150510,5045,300
ECONET,0,20101230,150514,89,1582
ECONET,0,20101230,150514,89,14418
FHB,0,20101230,150518,951,100
FHB,0,20101230,150518,950,3
FHB,0,20101230,150518,950,100
FHB,0,20101230,150518,950,48
MTELEKOM,0,20101230,150522,512,4893
MTELEKOM,0,20101230,150522,512,5000
MTELEKOM,0,20101230,150522,512,2000
MTELEKOM,0,20101230,150522,512,60
MTELEKOM,0,20101230,150522,512,20
MTELEKOM,0,20101230,150522,512,3800
MTELEKOM,0,20101230,150539,512,14227
FHB,0,20101230,150540,950,52
OTP,0,20101230,150703,5040,37
PANNERGY,0,20101230,150729,903,494
PANNERGY,0,20101230,150729,902,750
PANNERGY,0,20101230,150729,902,1000
PANNERGY,0,20101230,150729,902,1000
MTELEKOM,0,20101230,150742,512,2500
MOL,0,20101230,150756,20665,100
FHB,0,20101230,150813,949,234
MTELEKOM,0,20101230,150829,512,200
FHB,0,20101230,150835,950,50
BUX1112,0,20101230,150931,21930,10
OTP,0,20101230,150944,5040,559
OTP,0,20101230,150944,5040,300
OTP,0,20101230,150944,5040,100
OTP,0,20101230,150951,5040,41
OTP,0,20101230,150951,5045,93
OTP,0,20101230,150951,5045,50
OTP,0,20101230,150951,5045,116
BUX1112,0,20101230,151003,21930,10
BUX1112,0,20101230,151005,21930,15
OTP,0,20101230,151015,5035,125
BUX1112,0,20101230,151020,21930,4
FOTEX,0,20101230,151029,377,391
OTP,0,20101230,151048,5040,500
OTP,0,20101230,151052,5045,50
FHB,0,20101230,151054,950,498
FHB,0,20101230,151054,950,2
OTP,0,20101230,151059,5040,40
MOL,0,20101230,151103,20680,2
OTP,0,20101230,151103,5045,20
RICHTER,0,20101230,151103,42895,11
MOL,0,20101230,151110,20690,13
FHB,0,20101230,151110,950,84
MOL,0,20101230,151113,20695,3
MOL,0,20101230,151113,20695,23
MOL,0,20101230,151113,20695,47
MOL,0,20101230,151120,20695,10
EGIS,0,20101230,151123,20000,1
OTP,0,20101230,151214,5044,15
OTP,0,20101230,151214,5045,14
OTP,0,20101230,151214,5045,15
OTP,0,20101230,151214,5045,156
AAA,0,20101230,151241,221,350
SYNERGON,0,20101230,151311,472,150
PANNERGY,0,20101230,151320,902,350
OTP,0,20101230,151331,5045,2
FHB,0,20101230,151349,951,2000
