<TICKER>,<PER>,<DTYYYYMMDD>,<TIME>,<CLOSE>,<VOLUME>
ANY,0,20101216,090041,726,66
ANY,0,20101216,090041,726,429
EMASZ,0,20101216,090041,21510,3
FHB,0,20101216,090041,973,100
FHB,0,20101216,090041,973,100
FHB,0,20101216,090041,973,118
FHB,0,20101216,090041,973,200
FHB,0,20101216,090041,973,6
GENESIS,0,20101216,090041,205,267
GENESIS,0,20101216,090041,205,250
HUMET,0,20101216,090041,9,3551
HUMET,0,20101216,090041,9,10000
HUMET,0,20101216,090041,9,10000
HUMET,0,20101216,090041,9,5000
HUMET,0,20101216,090041,9,5000
HUMET,0,20101216,090041,9,1049
HUMET,0,20101216,090041,9,8951
HUMET,0,20101216,090041,9,10000
HUMET,0,20101216,090041,9,6000
HUMET,0,20101216,090041,9,600
HUMET,0,20101216,090041,9,7049
MOL,0,20101216,090041,19540,16
MOL,0,20101216,090041,19540,9
MOL,0,20101216,090041,19540,16
MOL,0,20101216,090041,19540,35
MOL,0,20101216,090041,19540,25
MOL,0,20101216,090041,19540,25
MTELEKOM,0,20101216,090041,514,1
MTELEKOM,0,20101216,090041,514,87
MTELEKOM,0,20101216,090041,514,87
MTELEKOM,0,20101216,090041,514,66
MTELEKOM,0,20101216,090041,514,139
MTELEKOM,0,20101216,090041,514,450
MTELEKOM,0,20101216,090041,514,100
MTELEKOM,0,20101216,090041,514,311
MTELEKOM,0,20101216,090041,514,2689
MTELEKOM,0,20101216,090041,514,300
MTELEKOM,0,20101216,090041,514,700
MTELEKOM,0,20101216,090041,514,808
MTELEKOM,0,20101216,090041,514,1444
OTP,0,20101216,090041,5250,1
OTP,0,20101216,090041,5250,15
OTP,0,20101216,090041,5250,4
OTP,0,20101216,090041,5250,7
OTP,0,20101216,090041,5250,68
OTP,0,20101216,090041,5250,10
OTP,0,20101216,090041,5250,500
OTP,0,20101216,090041,5250,422
OTP,0,20101216,090041,5250,78
OTP,0,20101216,090041,5250,65
OTP,0,20101216,090041,5250,210
OTP,0,20101216,090041,5250,1000
OTP,0,20101216,090041,5250,347
PHYLAXIA,0,20101216,090041,45,678
PHYLAXIA,0,20101216,090041,45,172
PHYLAXIA,0,20101216,090041,45,3000
PHYLAXIA,0,20101216,090041,45,1200
PHYLAXIA,0,20101216,090041,45,2200
PHYLAXIA,0,20101216,090041,45,3428
PHYLAXIA,0,20101216,090041,45,11572
PHYLAXIA,0,20101216,090041,45,3000
PHYLAXIA,0,20101216,090041,45,2000
PHYLAXIA,0,20101216,090041,45,3428
PHYLAXIA,0,20101216,090041,45,6250
PHYLAXIA,0,20101216,090041,45,322
PHYLAXIA,0,20101216,090041,45,1000
PHYLAXIA,0,20101216,090041,45,1678
RABA,0,20101216,090041,804,60
RICHTER,0,20101216,090041,42500,2
RICHTER,0,20101216,090041,42500,3
RICHTER,0,20101216,090041,42500,1
RICHTER,0,20101216,090041,42500,6
RICHTER,0,20101216,090041,42500,3
BUX1012,0,20101216,090049,21320,10
BUX1012,0,20101216,090049,21320,9
BUX1012,0,20101216,090049,21320,3
BUX1012,0,20101216,090049,21320,9
BUX1012,0,20101216,090049,21320,1
BUX1012,0,20101216,090049,21320,2
BUX1012,0,20101216,090049,21320,1
BUX1012,0,20101216,090049,21320,6
BUX1012,0,20101216,090049,21320,10
BUX1112,0,20101216,090049,21929,1
MOL,0,20101216,090200,19500,20
CSEPEL,0,20101216,090204,280,101
OTP,0,20101216,090205,5230,20
OTP,0,20101216,090206,5230,130
OTP,0,20101216,090206,5225,35
OTP,0,20101216,090206,5220,240
PHYLAXIA,0,20101216,090207,46,3296
PHYLAXIA,0,20101216,090207,46,1000
PHYLAXIA,0,20101216,090207,46,3204
OTP,0,20101216,090207,5220,30
DANUBIUS,0,20101216,090209,4000,242
DANUBIUS,0,20101216,090209,4000,30
ETFBUXOTP,0,20101216,090212,896,500
MTELEKOM,0,20101216,090213,514,1000
EGIS,0,20101216,090213,20250,1
MTELEKOM,0,20101216,090214,514,108
OTP,0,20101216,090214,5249,27
MOL,0,20101216,090214,19540,7
RICHTER,0,20101216,090214,42690,2
MTELEKOM,0,20101216,090214,513,200
MTELEKOM,0,20101216,090214,513,110
MTELEKOM,0,20101216,090214,513,489
HUMET,0,20101216,090216,9,8951
HUMET,0,20101216,090216,9,1049
PHYLAXIA,0,20101216,090217,46,1796
PHYLAXIA,0,20101216,090217,46,10000
PHYLAXIA,0,20101216,090217,46,6000
PHYLAXIA,0,20101216,090217,46,2000
PHYLAXIA,0,20101216,090217,46,70
PHYLAXIA,0,20101216,090217,46,134
MTELEKOM,0,20101216,090220,513,511
OTP,0,20101216,090220,5227,40
BUX1112,0,20101216,090220,21897,3
PHYLAXIA,0,20101216,090221,46,2866
PHYLAXIA,0,20101216,090221,46,1500
PHYLAXIA,0,20101216,090221,46,20000
PHYLAXIA,0,20101216,090221,46,1500
PHYLAXIA,0,20101216,090221,46,4134
PHYLAXIA,0,20101216,090223,46,866
PHYLAXIA,0,20101216,090223,46,16557
PHYLAXIA,0,20101216,090223,46,2577
PHYLAXIA,0,20101216,090225,46,5000
PHYLAXIA,0,20101216,090226,46,423
PHYLAXIA,0,20101216,090226,46,1200
PHYLAXIA,0,20101216,090226,46,1527
PHYLAXIA,0,20101216,090226,46,2300
PHYLAXIA,0,20101216,090226,46,550
PHYLAXIA,0,20101216,090227,46,1950
PHYLAXIA,0,20101216,090227,46,1000
MTELEKOM,0,20101216,090232,513,1000
OTP,0,20101216,090244,5240,200
ZWACK,0,20101216,090245,13900,20
MTELEKOM,0,20101216,090249,513,489
MTELEKOM,0,20101216,090249,513,1511
PHYLAXIA,0,20101216,090252,47,600
PHYLAXIA,0,20101216,090252,47,1000
PHYLAXIA,0,20101216,090252,47,3100
PHYLAXIA,0,20101216,090252,47,1300
MTELEKOM,0,20101216,090257,513,674
MTELEKOM,0,20101216,090257,513,326
MTELEKOM,0,20101216,090303,512,157
MOL,0,20101216,090303,19500,12
MTELEKOM,0,20101216,090303,512,1870
OTP,0,20101216,090303,5232,100
RICHTER,0,20101216,090303,42500,1
ECONET,0,20101216,090305,90,413
ECONET,0,20101216,090305,90,587
ECONET,0,20101216,090305,91,350
MTELEKOM,0,20101216,090305,513,174
PHYLAXIA,0,20101216,090307,47,2000
BUX1012,0,20101216,090318,21290,2
HUMET,0,20101216,090322,9,8951
HUMET,0,20101216,090322,9,2000
HUMET,0,20101216,090322,9,2049
PHYLAXIA,0,20101216,090327,46,200
GENESIS,0,20101216,090330,205,1483
BUX1112,0,20101216,090333,21930,1
BUX1112,0,20101216,090338,21930,1
OTP,0,20101216,090345,5231,5
OTP,0,20101216,090345,5230,500
OTP,0,20101216,090352,5227,20
BUX1012,0,20101216,090352,21290,48
BUX1112,0,20101216,090352,21930,48
PHYLAXIA,0,20101216,090358,46,6850
PHYLAXIA,0,20101216,090358,46,2200
PHYLAXIA,0,20101216,090358,46,5000
PHYLAXIA,0,20101216,090358,46,5950
PHYLAXIA,0,20101216,090401,46,4050
PHYLAXIA,0,20101216,090401,46,2000
OTP,0,20101216,090413,5230,100
RABA,0,20101216,090415,804,15
RABA,0,20101216,090415,802,300
MTELEKOM,0,20101216,090418,513,230
PHYLAXIA,0,20101216,090419,46,5000
PHYLAXIA,0,20101216,090420,46,3950
PHYLAXIA,0,20101216,090420,46,2200
PHYLAXIA,0,20101216,090420,46,5000
PHYLAXIA,0,20101216,090426,46,8850
PHYLAXIA,0,20101216,090426,46,1000
PHYLAXIA,0,20101216,090439,46,3500
MOL,0,20101216,090440,19500,18
MOL,0,20101216,090440,19500,100
EGIS,0,20101216,090442,20150,10
MTELEKOM,0,20101216,090446,513,4770
MTELEKOM,0,20101216,090446,513,230
MTELEKOM,0,20101216,090450,513,415
PHYLAXIA,0,20101216,090452,46,2000
PHYLAXIA,0,20101216,090454,46,2000
PHYLAXIA,0,20101216,090454,46,4328
MOL,0,20101216,090503,19450,10
MOL,0,20101216,090503,19420,14
MOL,0,20101216,090503,19400,10
MOL,0,20101216,090503,19400,15
MOL,0,20101216,090503,19400,29
OTP,0,20101216,090505,5230,20
MOL,0,20101216,090507,19400,21
MOL,0,20101216,090507,19400,10
MOL,0,20101216,090507,19400,10
MOL,0,20101216,090507,19400,20
MOL,0,20101216,090507,19400,13
ANY,0,20101216,090516,726,66
ANY,0,20101216,090516,724,40
ANY,0,20101216,090516,723,269
BUX1012,0,20101216,090522,21280,1
EGIS,0,20101216,090524,20150,76
ECONET,0,20101216,090526,91,800
BUX1012,0,20101216,090536,21271,3
OTP,0,20101216,090542,5230,180
BUX1012,0,20101216,090543,21271,1
MTELEKOM,0,20101216,090604,512,2973
MTELEKOM,0,20101216,090604,512,13027
MTELEKOM,0,20101216,090610,512,2000
BUX1012,0,20101216,090610,21271,6
BUX1012,0,20101216,090610,21271,5
BUX1012,0,20101216,090610,21270,19
ECONET,0,20101216,090612,90,1000
MTELEKOM,0,20101216,090618,513,1000
MTELEKOM,0,20101216,090620,512,4573
MTELEKOM,0,20101216,090620,512,427
BUX1012,0,20101216,090622,21270,1
OTP,0,20101216,090633,5230,100
OTP,0,20101216,090643,5230,13
MTELEKOM,0,20101216,090643,512,173
MTELEKOM,0,20101216,090643,512,1827
PHYLAXIA,0,20101216,090654,47,700
PHYLAXIA,0,20101216,090654,47,1300
MOL,0,20101216,090656,19420,50
MTELEKOM,0,20101216,090700,512,460
MTELEKOM,0,20101216,090707,512,99
MTELEKOM,0,20101216,090707,512,217
OTP,0,20101216,090708,5230,187
MOL,0,20101216,090722,19400,37
MOL,0,20101216,090722,19400,50
MOL,0,20101216,090722,19400,200
MOL,0,20101216,090722,19400,50
MOL,0,20101216,090722,19395,50
MOL,0,20101216,090722,19390,5
MOL,0,20101216,090722,19385,17
MOL,0,20101216,090722,19355,50
MOL,0,20101216,090722,19350,18
MOL,0,20101216,090722,19350,15
MOL,0,20101216,090722,19350,8
MOL,0,20101216,090722,19350,3
RICHTER,0,20101216,090744,42550,20
MTELEKOM,0,20101216,090749,512,1000
OTP,0,20101216,090751,5230,65
MTELEKOM,0,20101216,090752,512,1784
MTELEKOM,0,20101216,090752,512,500
MTELEKOM,0,20101216,090754,512,233
MOL,0,20101216,090754,19355,50
MOL,0,20101216,090754,19355,91
OTP,0,20101216,090800,5230,235
RICHTER,0,20101216,090811,42500,4
BUX1012,0,20101216,090814,21256,16
BUX1012,0,20101216,090814,21254,12
BUX1012,0,20101216,090814,21253,1
BUX1012,0,20101216,090814,21253,22
BUX1012,0,20101216,090814,21252.5,2
BUX1012,0,20101216,090814,21252,140
BUX1012,0,20101216,090814,21252,1
BUX1012,0,20101216,090814,21250,6
RICHTER,0,20101216,090818,42500,2
RICHTER,0,20101216,090818,42500,24
BUX1012,0,20101216,090822,21250,25
RICHTER,0,20101216,090826,42475,2
OTP,0,20101216,090828,5227,70
OTP,0,20101216,090828,5226,100
OTP,0,20101216,090828,5225,80
BUX1012,0,20101216,090828,21250,19
BUX1012,0,20101216,090828,21250,1
BUX1012,0,20101216,090833,21250,1
BUX1012,0,20101216,090833,21250,1
OTP,0,20101216,090900,5225,120
OTP,0,20101216,090900,5225,40
PANNERGY,0,20101216,090905,870,1200
BUX1012,0,20101216,090929,21230,2
PHYLAXIA,0,20101216,090931,46,672
PHYLAXIA,0,20101216,090931,46,528
BUX1012,0,20101216,090934,21211.5,2
RICHTER,0,20101216,090943,42400,1
RICHTER,0,20101216,090943,42400,3
RICHTER,0,20101216,090943,42400,93
MTELEKOM,0,20101216,090949,512,545
RICHTER,0,20101216,090956,42300,1
RICHTER,0,20101216,090956,42300,7
MTELEKOM,0,20101216,090957,511,120
MTELEKOM,0,20101216,090957,511,1234
RICHTER,0,20101216,090957,42300,1
MTELEKOM,0,20101216,091001,512,222
MTELEKOM,0,20101216,091001,512,1525
MTELEKOM,0,20101216,091001,512,3000
MTELEKOM,0,20101216,091001,512,1000
MTELEKOM,0,20101216,091001,512,1000
MTELEKOM,0,20101216,091001,512,420
MTELEKOM,0,20101216,091002,512,230
MTELEKOM,0,20101216,091002,512,3716
MTELEKOM,0,20101216,091002,512,887
MOL,0,20101216,091005,19360,4
OTP,0,20101216,091006,5225,40
MTELEKOM,0,20101216,091010,512,113
MTELEKOM,0,20101216,091010,512,387
MTELEKOM,0,20101216,091014,512,2613
MTELEKOM,0,20101216,091017,512,193
BUX1012,0,20101216,091027,21211.5,1
BUX1012,0,20101216,091027,21211.5,2
BUX1012,0,20101216,091027,21211,5
BUX1012,0,20101216,091027,21211,10
RICHTER,0,20101216,091034,42400,3
RICHTER,0,20101216,091034,42400,9
RICHTER,0,20101216,091034,42400,50
RICHTER,0,20101216,091034,42410,33
BUX1012,0,20101216,091042,21229,20
RICHTER,0,20101216,091043,42395,3
BUX1012,0,20101216,091053,21215,82
BUX1012,0,20101216,091058,21212,3
BUX1012,0,20101216,091058,21210,17
BUX1112,0,20101216,091109,21860,3
BUX1012,0,20101216,091110,21210,33
BUX1012,0,20101216,091110,21210,13
BUX1012,0,20101216,091110,21210,3
BUX1112,0,20101216,091113,21860,1
MTELEKOM,0,20101216,091119,513,1000
BUX1012,0,20101216,091120,21210,6
MOL,0,20101216,091126,19360,96
MOL,0,20101216,091126,19360,14
MOL,0,20101216,091126,19355,9
MOL,0,20101216,091126,19355,125
MOL,0,20101216,091126,19355,50
MOL,0,20101216,091126,19350,94
BUX1012,0,20101216,091132,21206,18
OTP,0,20101216,091138,5225,93
OTP,0,20101216,091138,5222,200
OTP,0,20101216,091138,5221,227
BUX1012,0,20101216,091140,21210,20
BUX1112,0,20101216,091141,21860,6
MTELEKOM,0,20101216,091143,513,1525
MTELEKOM,0,20101216,091143,513,475
MOL,0,20101216,091145,19350,395
MOL,0,20101216,091152,19350,105
OTP,0,20101216,091154,5221,60
MTELEKOM,0,20101216,091206,513,4525
MTELEKOM,0,20101216,091206,513,394
MTELEKOM,0,20101216,091207,513,196
BUX1012,0,20101216,091207,21209,20
BUX1012,0,20101216,091211,21206,2
BUX1012,0,20101216,091211,21202,1
BUX1012,0,20101216,091211,21200,1
BUX1012,0,20101216,091211,21200,2
BUX1012,0,20101216,091211,21200,3
BUX1012,0,20101216,091211,21200,2
BUX1012,0,20101216,091211,21200,2
BUX1012,0,20101216,091211,21200,5
BUX1012,0,20101216,091211,21200,5
BUX1012,0,20101216,091211,21200,1
BUX1012,0,20101216,091211,21200,2
BUX1012,0,20101216,091211,21200,2
BUX1012,0,20101216,091218,21208,3
RICHTER,0,20101216,091222,42400,123
BUX1012,0,20101216,091232,21200,20
BUX1012,0,20101216,091238,21200,2
MTELEKOM,0,20101216,091239,513,4804
MTELEKOM,0,20101216,091239,513,92
BUX1012,0,20101216,091244,21200,3
OTP,0,20101216,091251,5225,100
PHYLAXIA,0,20101216,091254,47,1500
BUX1112,0,20101216,091304,21859,19
OTP,0,20101216,091304,5225,30
PHYLAXIA,0,20101216,091308,47,600
PHYLAXIA,0,20101216,091308,47,70
PHYLAXIA,0,20101216,091308,47,1580
ECONET,0,20101216,091312,91,100
ECONET,0,20101216,091312,91,1500
OTP,0,20101216,091316,5225,100
OTP,0,20101216,091316,5225,30
BUX1012,0,20101216,091318,21208,2
BUX1012,0,20101216,091318,21209,30
MTELEKOM,0,20101216,091322,513,219
EGIS,0,20101216,091327,20250,2
EGIS,0,20101216,091327,20250,60
PHYLAXIA,0,20101216,091330,47,1420
PHYLAXIA,0,20101216,091330,47,80
MTELEKOM,0,20101216,091331,513,1000
BUX1012,0,20101216,091336,21229,2
BUX1012,0,20101216,091336,21230,18
MTELEKOM,0,20101216,091344,513,2781
PHYLAXIA,0,20101216,091355,47,891
PHYLAXIA,0,20101216,091355,47,3109
BUX1012,0,20101216,091358,21230,20
BUX1112,0,20101216,091402,21859.5,5
BUX1112,0,20101216,091416,21859,5
PHYLAXIA,0,20101216,091420,47,3000
BUX1112,0,20101216,091434,21859.5,1
BUX1112,0,20101216,091434,21860,1
OTP,0,20101216,091437,5226,30
OTP,0,20101216,091437,5225,45
BUX1112,0,20101216,091445,21860,2
BUX1012,0,20101216,091446,21230,20
BUX1012,0,20101216,091457,21230,26
BUX1112,0,20101216,091457,21859,26
MTELEKOM,0,20101216,091500,514,1300
PHYLAXIA,0,20101216,091502,47,520
BUX1012,0,20101216,091502,21230,2
BUX1012,0,20101216,091503,21230,12
ECONET,0,20101216,091509,92,1
MTELEKOM,0,20101216,091512,514,600
MOL,0,20101216,091517,19385,30
MOL,0,20101216,091517,19385,51
MOL,0,20101216,091530,19390,300
OTP,0,20101216,091536,5229,800
OTP,0,20101216,091536,5230,200
MOL,0,20101216,091538,19400,100
MOL,0,20101216,091538,19400,243
MOL,0,20101216,091545,19400,238
MOL,0,20101216,091553,19400,19
MOL,0,20101216,091553,19400,100
OTP,0,20101216,091555,5230,100
BUX1112,0,20101216,091558,21860,1
MTELEKOM,0,20101216,091559,514,200
MTELEKOM,0,20101216,091559,513,219
MTELEKOM,0,20101216,091559,513,73
MOL,0,20101216,091602,19400,100
MTELEKOM,0,20101216,091608,513,292
BUX1112,0,20101216,091608,21860,1
BUX1112,0,20101216,091608,21860,10
RICHTER,0,20101216,091621,42495,30
RICHTER,0,20101216,091621,42495,71
PHYLAXIA,0,20101216,091624,47,560
MTELEKOM,0,20101216,091624,514,348
MTELEKOM,0,20101216,091624,514,4652
MOL,0,20101216,091625,19400,5
OTP,0,20101216,091626,5230,195
BUX1012,0,20101216,091628,21230,2
BUX1012,0,20101216,091628,21230,3
RICHTER,0,20101216,091633,42500,3
RICHTER,0,20101216,091633,42500,50
MOL,0,20101216,091640,19400,195
MTELEKOM,0,20101216,091643,514,348
MTELEKOM,0,20101216,091643,514,120
MTELEKOM,0,20101216,091643,514,1135
RICHTER,0,20101216,091647,42600,1
PHYLAXIA,0,20101216,091648,47,800
BUX1012,0,20101216,091648,21265,1
BUX1012,0,20101216,091648,21265,1
BUX1012,0,20101216,091648,21267,2
BUX1012,0,20101216,091651,21267,1
OTP,0,20101216,091702,5230,105
OTP,0,20101216,091702,5230,150
OTP,0,20101216,091704,5230,245
RICHTER,0,20101216,091706,42500,70
BUX1012,0,20101216,091713,21230,3
OTP,0,20101216,091714,5230,300
OTP,0,20101216,091717,5230,455
OTP,0,20101216,091717,5230,245
OTP,0,20101216,091718,5230,50
BUX1012,0,20101216,091724,21230,2
FHB,0,20101216,091736,985,100
RICHTER,0,20101216,091830,42550,10
BUX1112,0,20101216,091842,21870,1
OTP,0,20101216,091848,5235,1000
MOL,0,20101216,091851,19400,5
OTP,0,20101216,091852,5235,486
MTELEKOM,0,20101216,091857,514,235
MTELEKOM,0,20101216,091857,514,120
MOL,0,20101216,091901,19400,10
FOTEX,0,20101216,091907,397,65
FOTEX,0,20101216,091907,397,65
FOTEX,0,20101216,091907,397,65
FOTEX,0,20101216,091907,393,5
OTP,0,20101216,091908,5239,35
OTP,0,20101216,091908,5240,500
OTP,0,20101216,091908,5240,5
OTP,0,20101216,091908,5240,30
MTELEKOM,0,20101216,091909,514,355
MOL,0,20101216,091911,19400,35
BUX1012,0,20101216,091913,21269,5
BUX1012,0,20101216,091913,21270,7
PHYLAXIA,0,20101216,091914,47,1211
PHYLAXIA,0,20101216,091914,47,1500
PHYLAXIA,0,20101216,091914,47,1500
PHYLAXIA,0,20101216,091914,47,1200
PHYLAXIA,0,20101216,091914,47,9740
PHYLAXIA,0,20101216,091914,47,437
PHYLAXIA,0,20101216,091914,47,6612
BUX1112,0,20101216,091914,21870,3
PHYLAXIA,0,20101216,091921,47,3388
PHYLAXIA,0,20101216,091921,47,1350
PHYLAXIA,0,20101216,091921,47,5262
EBGOLD,0,20101216,091923,2891,70
PHYLAXIA,0,20101216,091927,47,10000
PHYLAXIA,0,20101216,091929,47,10000
PHYLAXIA,0,20101216,091932,47,20000
RABA,0,20101216,091932,800,685
PHYLAXIA,0,20101216,091934,47,10293
PHYLAXIA,0,20101216,091934,47,850
PHYLAXIA,0,20101216,091934,47,2001
PHYLAXIA,0,20101216,091934,47,6856
PHYLAXIA,0,20101216,091934,47,3144
PHYLAXIA,0,20101216,091934,47,100
MTELEKOM,0,20101216,091938,515,1000
RICHTER,0,20101216,091943,42600,99
RICHTER,0,20101216,091943,42600,50
BUX1112,0,20101216,091949,21870,1
OTP,0,20101216,091952,5244,1000
OTP,0,20101216,091952,5245,1000
RICHTER,0,20101216,091958,42600,20
MTELEKOM,0,20101216,091959,515,1000
BUX1012,0,20101216,092000,21269.5,2
OTP,0,20101216,092000,5246,270
OTP,0,20101216,092000,5247,450
OTP,0,20101216,092000,5248,200
OTP,0,20101216,092000,5248,60
OTP,0,20101216,092000,5248,200
OTP,0,20101216,092000,5249,373
OTP,0,20101216,092000,5249,500
OTP,0,20101216,092000,5249,100
OTP,0,20101216,092000,5250,153
OTP,0,20101216,092000,5250,30
OTP,0,20101216,092000,5250,1000
OTP,0,20101216,092000,5250,5
OTP,0,20101216,092000,5250,50
EGIS,0,20101216,092001,20250,2
PANNERGY,0,20101216,092002,875,53
MTELEKOM,0,20101216,092003,515,806
MTELEKOM,0,20101216,092003,515,8245
MTELEKOM,0,20101216,092003,515,500
MTELEKOM,0,20101216,092006,515,3255
MTELEKOM,0,20101216,092006,515,819
MOL,0,20101216,092008,19445,10
MTELEKOM,0,20101216,092009,516,200
MOL,0,20101216,092012,19445,90
MOL,0,20101216,092012,19445,100
MOL,0,20101216,092012,19450,445
BUX1112,0,20101216,092018,21865,1
OTP,0,20101216,092026,5259,65
OTP,0,20101216,092026,5259,30
OTP,0,20101216,092026,5260,390
OTP,0,20101216,092026,5260,92
RICHTER,0,20101216,092027,42600,29
BUX1012,0,20101216,092031,21270,93
OTP,0,20101216,092043,5260,40
OTP,0,20101216,092043,5260,10
OTP,0,20101216,092043,5268,30
OTP,0,20101216,092046,5250,1
BUX1012,0,20101216,092053,21265,3
OTP,0,20101216,092054,5250,999
OTP,0,20101216,092058,5240,1
BUX1012,0,20101216,092100,21265,1
BUX1012,0,20101216,092105,21265,1
MOL,0,20101216,092108,19450,51
PANNERGY,0,20101216,092110,875,5
BUX1112,0,20101216,092113,21889,2
BUX1012,0,20101216,092120,21250,1
BUX1012,0,20101216,092128,21250,1
MTELEKOM,0,20101216,092159,515,286
BUX1012,0,20101216,092203,21249,45
BUX1012,0,20101216,092203,21250,55
EGIS,0,20101216,092204,20250,10
EGIS,0,20101216,092204,20205,28
FHB,0,20101216,092204,976,200
FHB,0,20101216,092204,973,94
FHB,0,20101216,092204,973,5
MOL,0,20101216,092204,19400,40
MOL,0,20101216,092204,19400,100
MOL,0,20101216,092204,19375,15
MOL,0,20101216,092204,19370,163
MTELEKOM,0,20101216,092204,515,640
MTELEKOM,0,20101216,092204,515,2000
MTELEKOM,0,20101216,092204,514,2123
OTP,0,20101216,092204,5241,65
OTP,0,20101216,092204,5240,479
OTP,0,20101216,092204,5240,744
RICHTER,0,20101216,092204,42405,20
RICHTER,0,20101216,092204,42400,20
RICHTER,0,20101216,092204,42360,3
RICHTER,0,20101216,092204,42360,50
RICHTER,0,20101216,092204,42305,6
MTELEKOM,0,20101216,092209,514,286
BUX1012,0,20101216,092219,21250,43
BUX1012,0,20101216,092224,21250,7
BUX1012,0,20101216,092226,21250,50
BUX1012,0,20101216,092242,21250,4
BUX1112,0,20101216,092242,21880,4
BUX1012,0,20101216,092242,21250,46
BUX1112,0,20101216,092242,21880,46
EGIS,0,20101216,092301,20345,10
EGIS,0,20101216,092301,20350,50
EGIS,0,20101216,092301,20400,26
MOL,0,20101216,092302,19440,20
RICHTER,0,20101216,092303,42350,46
OTP,0,20101216,092306,5240,100
EGIS,0,20101216,092309,20400,13
MOL,0,20101216,092310,19400,30
PANNERGY,0,20101216,092312,885,100
PANNERGY,0,20101216,092312,887,50
PANNERGY,0,20101216,092312,887,180
PHYLAXIA,0,20101216,092323,47,2756
PHYLAXIA,0,20101216,092323,47,2244
PHYLAXIA,0,20101216,092324,47,2756
PHYLAXIA,0,20101216,092324,47,2244
MTELEKOM,0,20101216,092330,515,300
MTELEKOM,0,20101216,092343,516,30
MTELEKOM,0,20101216,092343,516,960
MTELEKOM,0,20101216,092343,516,3300
MTELEKOM,0,20101216,092343,516,619
MTELEKOM,0,20101216,092343,516,91
MTELEKOM,0,20101216,092343,516,379
OTP,0,20101216,092350,5241,200
MOL,0,20101216,092355,19440,100
PHYLAXIA,0,20101216,092359,47,1000
PHYLAXIA,0,20101216,092359,47,1000
PHYLAXIA,0,20101216,092411,47,1000
PHYLAXIA,0,20101216,092411,47,1200
MOL,0,20101216,092413,19405,2
MTELEKOM,0,20101216,092414,517,100
PHYLAXIA,0,20101216,092415,47,2800
PHYLAXIA,0,20101216,092415,47,3200
BUX1012,0,20101216,092420,21250,50
MTELEKOM,0,20101216,092428,516,152
PHYLAXIA,0,20101216,092433,47,16800
PHYLAXIA,0,20101216,092438,47,1000
MOL,0,20101216,092444,19410,20
BUX1012,0,20101216,092445,21250,10
BUX1012,0,20101216,092445,21250,40
BUX1012,0,20101216,092446,21268,2
BUX1012,0,20101216,092446,21268,3
OTP,0,20101216,092449,5241,1
MOL,0,20101216,092456,19450,4
MOL,0,20101216,092456,19450,20
MTELEKOM,0,20101216,092502,516,1000
BUX1112,0,20101216,092505,21897,2
BUX1012,0,20101216,092505,21268,2
BUX1112,0,20101216,092505,21897,2
MTELEKOM,0,20101216,092509,516,2806
OTP,0,20101216,092519,5250,300
OTP,0,20101216,092519,5250,300
OTP,0,20101216,092519,5250,331
MTELEKOM,0,20101216,092520,516,5000
PHYLAXIA,0,20101216,092524,47,1200
OTP,0,20101216,092527,5255,300
BUX1012,0,20101216,092528,21270,100
PHYLAXIA,0,20101216,092530,47,5000
PHYLAXIA,0,20101216,092530,47,1000
PHYLAXIA,0,20101216,092530,47,5000
EGIS,0,20101216,092531,20250,38
FHB,0,20101216,092531,974,299
MOL,0,20101216,092531,19455,50
MOL,0,20101216,092531,19450,268
MTELEKOM,0,20101216,092531,516,663
MTELEKOM,0,20101216,092531,516,992
MTELEKOM,0,20101216,092531,515,3108
OTP,0,20101216,092532,5255,200
OTP,0,20101216,092532,5250,1088
RICHTER,0,20101216,092532,42500,99
OTP,0,20101216,092602,5250,300
EGIS,0,20101216,092614,20255,10
PHYLAXIA,0,20101216,092619,47,2000
OTP,0,20101216,092621,5251,300
OTP,0,20101216,092621,5250,57
PHYLAXIA,0,20101216,092624,47,1820
PHYLAXIA,0,20101216,092624,48,2000
PHYLAXIA,0,20101216,092624,48,2180
MTELEKOM,0,20101216,092640,516,150
BUX1112,0,20101216,092647,21898,4
BUX1112,0,20101216,092657,21898,5
RICHTER,0,20101216,092716,42650,50
RICHTER,0,20101216,092716,42650,71
RICHTER,0,20101216,092719,42650,2
OTP,0,20101216,092744,5245,250
MTELEKOM,0,20101216,092749,515,82
BUX1012,0,20101216,092753,21260,1
BUX1012,0,20101216,092753,21269,15
MOL,0,20101216,092754,19490,10
MOL,0,20101216,092754,19495,100
MOL,0,20101216,092754,19495,200
MOL,0,20101216,092754,19500,10
MOL,0,20101216,092754,19500,20
MOL,0,20101216,092754,19500,197
OTP,0,20101216,092758,5243,10
MTELEKOM,0,20101216,092801,515,657
MTELEKOM,0,20101216,092809,515,394
MOL,0,20101216,092812,19500,303
MOL,0,20101216,092812,19500,10
MOL,0,20101216,092816,19500,490
MTELEKOM,0,20101216,092816,515,394
MOL,0,20101216,092830,19530,10
MTELEKOM,0,20101216,092833,515,180
MTELEKOM,0,20101216,092833,515,140
MOL,0,20101216,092833,19530,90
MOL,0,20101216,092833,19535,50
MOL,0,20101216,092833,19535,15
MOL,0,20101216,092833,19545,186
RICHTER,0,20101216,092848,42550,152
MOL,0,20101216,092851,19500,200
PANNERGY,0,20101216,092856,887,120
MOL,0,20101216,092921,19500,25
OTP,0,20101216,092924,5243,40
OTP,0,20101216,092924,5241,500
OTP,0,20101216,092924,5240,156
OTP,0,20101216,092924,5240,4
RABA,0,20101216,092930,798,210
MTELEKOM,0,20101216,093040,516,4850
MTELEKOM,0,20101216,093040,516,1157
MTELEKOM,0,20101216,093040,516,400
MTELEKOM,0,20101216,093040,516,1000
MTELEKOM,0,20101216,093040,516,1737
MTELEKOM,0,20101216,093040,516,382
BUX1012,0,20101216,093049,21255,5
OTP,0,20101216,093054,5240,46
MTELEKOM,0,20101216,093058,515,388
EGIS,0,20101216,093105,20255,2
RICHTER,0,20101216,093105,42500,1
PANNERGY,0,20101216,093106,887,5
PANNERGY,0,20101216,093106,885,95
EGIS,0,20101216,093110,20255,35
BUX1112,0,20101216,093110,21898,1
BUX1112,0,20101216,093110,21899,3
MTELEKOM,0,20101216,093110,516,409
BUX1112,0,20101216,093112,21888.5,1
BUX1112,0,20101216,093126,21929,1
BUX1012,0,20101216,093126,21270,1
BUX1112,0,20101216,093126,21920,1
MTELEKOM,0,20101216,093127,517,708
MTELEKOM,0,20101216,093127,517,3000
MTELEKOM,0,20101216,093127,517,1500
MTELEKOM,0,20101216,093127,517,4792
BUX1012,0,20101216,093155,21267.5,30
BUX1012,0,20101216,093157,21267.5,10
OTP,0,20101216,093159,5240,154
OTP,0,20101216,093159,5240,500
OTP,0,20101216,093207,5235,500
OTP,0,20101216,093207,5235,115
OTP,0,20101216,093216,5237,103
MTELEKOM,0,20101216,093217,516,1591
MTELEKOM,0,20101216,093228,517,1900
BUX1112,0,20101216,093230,21930,1
BUX1012,0,20101216,093230,21267.5,10
BUX1112,0,20101216,093230,21930,10
BUX1012,0,20101216,093230,21270,1
BUX1112,0,20101216,093230,21930,1
BUX1012,0,20101216,093233,21270,1
BUX1112,0,20101216,093233,21930,1
ECONET,0,20101216,093243,90,4263
ECONET,0,20101216,093243,90,1000
ECONET,0,20101216,093243,90,2360
ECONET,0,20101216,093243,90,462
ECONET,0,20101216,093243,90,1915
BUX1112,0,20101216,093252,21930,1
OTP,0,20101216,093253,5237,47
OTP,0,20101216,093253,5235,3
OTP,0,20101216,093256,5235,682
OTP,0,20101216,093256,5235,82
OTP,0,20101216,093256,5234,100
OTP,0,20101216,093256,5234,1486
MTELEKOM,0,20101216,093310,516,520
MTELEKOM,0,20101216,093310,516,253
MTELEKOM,0,20101216,093310,516,72
BUX1012,0,20101216,093312,21290,1
BUX1012,0,20101216,093313,21290,35
BUX1112,0,20101216,093313,21930,35
PANNERGY,0,20101216,093313,885,128
ECONET,0,20101216,093315,91,2000
OTP,0,20101216,093317,5234,100
BUX1012,0,20101216,093319,21251,20
BUX1012,0,20101216,093319,21250,10
BUX1012,0,20101216,093319,21250,20
RICHTER,0,20101216,093336,42575,3
RICHTER,0,20101216,093336,42585,1
MTELEKOM,0,20101216,093355,516,181
MTELEKOM,0,20101216,093355,516,253
MTELEKOM,0,20101216,093355,516,166
MTELEKOM,0,20101216,093401,515,246
RABA,0,20101216,093404,800,114
MTELEKOM,0,20101216,093410,516,26
MTELEKOM,0,20101216,093410,516,774
BUX1012,0,20101216,093422,21260,64
ECONET,0,20101216,093422,90,5085
ECONET,0,20101216,093422,90,375
ECONET,0,20101216,093422,90,900
ECONET,0,20101216,093422,90,1500
ECONET,0,20101216,093422,90,2440
RICHTER,0,20101216,093424,42585,1
EGIS,0,20101216,093425,20255,38
FHB,0,20101216,093425,976,299
MOL,0,20101216,093425,19510,318
MTELEKOM,0,20101216,093425,515,226
MTELEKOM,0,20101216,093425,515,4537
OTP,0,20101216,093425,5235,500
OTP,0,20101216,093425,5234,788
RICHTER,0,20101216,093426,42460,99
MTELEKOM,0,20101216,093432,516,1032
BUX1012,0,20101216,093439,21260,36
MTELEKOM,0,20101216,093448,516,1000
BUX1012,0,20101216,093455,21260,1
MTELEKOM,0,20101216,093458,516,2000
MTELEKOM,0,20101216,093524,516,5494
BUX1012,0,20101216,093534,21260,41
RFV,0,20101216,093546,8200,30
EGIS,0,20101216,093549,20255,2
EGIS,0,20101216,093549,20255,13
ECONET,0,20101216,093549,90,560
ECONET,0,20101216,093549,90,3000
ECONET,0,20101216,093549,90,670
ECONET,0,20101216,093549,90,1050
ECONET,0,20101216,093549,90,1
ECONET,0,20101216,093549,90,2000
ECONET,0,20101216,093549,90,2500
ECONET,0,20101216,093549,90,5555
MTELEKOM,0,20101216,093605,515,463
MTELEKOM,0,20101216,093605,515,5000
MTELEKOM,0,20101216,093605,515,182
MTELEKOM,0,20101216,093605,514,7000
MTELEKOM,0,20101216,093605,514,2013
MTELEKOM,0,20101216,093605,514,2000
MTELEKOM,0,20101216,093605,514,200
MTELEKOM,0,20101216,093605,513,180
MTELEKOM,0,20101216,093605,513,200
MTELEKOM,0,20101216,093605,513,2000
MTELEKOM,0,20101216,093605,513,5000
MTELEKOM,0,20101216,093605,513,400
MTELEKOM,0,20101216,093605,513,6499
RICHTER,0,20101216,093611,42460,41
OTP,0,20101216,093618,5235,700
BUX1012,0,20101216,093628,21260,1
BUX1112,0,20101216,093628,21901,1
MOL,0,20101216,093629,19510,2
OTP,0,20101216,093631,5234,203
OTP,0,20101216,093631,5234,326
OTP,0,20101216,093640,5235,150
ECONET,0,20101216,093641,90,4000
OTP,0,20101216,093643,5235,200
PHYLAXIA,0,20101216,093643,48,19000
MTELEKOM,0,20101216,093643,515,324
MTELEKOM,0,20101216,093643,515,4676
FHB,0,20101216,093645,976,1
FHB,0,20101216,093645,976,122
ECONET,0,20101216,093646,90,114
PHYLAXIA,0,20101216,093657,48,6000
MTELEKOM,0,20101216,093702,513,324
MOL,0,20101216,093707,19515,40
MOL,0,20101216,093707,19510,89
MTELEKOM,0,20101216,093721,513,1952
CSEPEL,0,20101216,093721,272,200
CSEPEL,0,20101216,093721,272,100
CSEPEL,0,20101216,093721,272,99
BUX1012,0,20101216,093723,21260,2
MTELEKOM,0,20101216,093727,513,324
MTELEKOM,0,20101216,093731,515,110
FOTEX,0,20101216,093735,396,993
MTELEKOM,0,20101216,093738,513,324
OTP,0,20101216,093738,5235,13
PHYLAXIA,0,20101216,093802,47,800
BUX1012,0,20101216,093810,21259,5
BUX1012,0,20101216,093810,21260,15
BUX1012,0,20101216,093833,21260,4
OTP,0,20101216,093858,5235,437
OTP,0,20101216,093858,5235,470
OTP,0,20101216,093904,5235,40
MTELEKOM,0,20101216,093913,515,100
OTP,0,20101216,093928,5240,400
RICHTER,0,20101216,093935,42575,3
RICHTER,0,20101216,093935,42575,31
RICHTER,0,20101216,093935,42580,6
MTELEKOM,0,20101216,093955,514,33
MTELEKOM,0,20101216,093955,514,212
RICHTER,0,20101216,094001,42580,18
OTP,0,20101216,094005,5240,6
OTP,0,20101216,094005,5240,7
MTELEKOM,0,20101216,094009,514,225
OTP,0,20101216,094034,5245,60
BUX1012,0,20101216,094045,21260,1
MTELEKOM,0,20101216,094054,515,200
MTELEKOM,0,20101216,094059,515,530
FOTEX,0,20101216,094111,400,65
FOTEX,0,20101216,094111,400,65
FOTEX,0,20101216,094111,400,65
FOTEX,0,20101216,094111,402,5
OTP,0,20101216,094112,5240,457
OTP,0,20101216,094112,5240,100
OTP,0,20101216,094130,5240,20
OTP,0,20101216,094133,5240,300
MOL,0,20101216,094133,19510,226
MOL,0,20101216,094133,19510,20
MOL,0,20101216,094137,19505,50
MOL,0,20101216,094137,19505,99
PHYLAXIA,0,20101216,094146,48,4000
PHYLAXIA,0,20101216,094146,48,5000
MOL,0,20101216,094154,19505,101
MTELEKOM,0,20101216,094208,515,4384
MTELEKOM,0,20101216,094208,515,317
MTELEKOM,0,20101216,094208,515,675
MOL,0,20101216,094216,19500,200
MOL,0,20101216,094222,19500,75
MOL,0,20101216,094222,19500,200
MTELEKOM,0,20101216,094235,516,2400
MTELEKOM,0,20101216,094251,516,900
OTP,0,20101216,094258,5240,123
OTP,0,20101216,094258,5240,877
OTP,0,20101216,094301,5240,600
OTP,0,20101216,094303,5240,102
BUX1012,0,20101216,094319,21269,1
BUX1012,0,20101216,094319,21269,17
MTELEKOM,0,20101216,094322,516,1700
MTELEKOM,0,20101216,094322,516,133
MTELEKOM,0,20101216,094322,516,167
PHYLAXIA,0,20101216,094323,48,7000
PHYLAXIA,0,20101216,094325,48,31
BUX1012,0,20101216,094327,21269,2
BUX1112,0,20101216,094327,21895.5,2
PHYLAXIA,0,20101216,094334,48,10000
BUX1012,0,20101216,094337,21269,1
BUX1112,0,20101216,094337,21895,1
PHYLAXIA,0,20101216,094348,48,5000
OTP,0,20101216,094351,5235,20
BUX1012,0,20101216,094402,21270,1
BUX1112,0,20101216,094402,21890,1
PHYLAXIA,0,20101216,094403,48,2000
OTP,0,20101216,094406,5235,14
OTP,0,20101216,094406,5235,375
OTP,0,20101216,094411,5234,174
OTP,0,20101216,094411,5234,247
BUX1012,0,20101216,094430,21270,47
GENESIS,0,20101216,094437,209,30
ECONET,0,20101216,094440,90,986
ECONET,0,20101216,094440,90,600
ECONET,0,20101216,094440,90,224
BUX1012,0,20101216,094440,21260,1
PHYLAXIA,0,20101216,094442,48,2350
PHYLAXIA,0,20101216,094448,47,4400
BUX1012,0,20101216,094451,21270,2
BUX1012,0,20101216,094451,21288,1
BUX1112,0,20101216,094529,21885.5,1
BUX1112,0,20101216,094529,21885,1
BUX1112,0,20101216,094529,21880,1
MTELEKOM,0,20101216,094557,515,268
MTELEKOM,0,20101216,094606,515,268
MTELEKOM,0,20101216,094612,515,268
OTP,0,20101216,094624,5231,500
OTP,0,20101216,094624,5231,300
OTP,0,20101216,094624,5231,20
OTP,0,20101216,094624,5231,200
OTP,0,20101216,094624,5230,170
OTP,0,20101216,094631,5230,350
PHYLAXIA,0,20101216,094637,48,10000
MTELEKOM,0,20101216,094641,516,210
RICHTER,0,20101216,094642,42500,10
OTP,0,20101216,094650,5230,80
OTP,0,20101216,094650,5230,100
OTP,0,20101216,094650,5230,600
OTP,0,20101216,094650,5230,30
OTP,0,20101216,094650,5230,40
BUX1012,0,20101216,094658,21260,49
BUX1012,0,20101216,094658,21260,24
BUX1112,0,20101216,094658,21880,24
BUX1112,0,20101216,094704,21919.5,1
BUX1012,0,20101216,094704,21260,6
BUX1112,0,20101216,094704,21919.5,6
BUX1012,0,20101216,094704,21260,10
BUX1112,0,20101216,094704,21919.5,10
BUX1012,0,20101216,094704,21260,11
BUX1112,0,20101216,094704,21919.5,11
BUX1012,0,20101216,094704,21275,22
BUX1112,0,20101216,094704,21919.5,22
OTP,0,20101216,094704,5230,20
OTP,0,20101216,094706,5230,130
OTP,0,20101216,094707,5230,1000
OTP,0,20101216,094722,5231,2
OTP,0,20101216,094722,5230,55
RICHTER,0,20101216,094722,42575,50
RICHTER,0,20101216,094722,42580,13
RICHTER,0,20101216,094722,42590,15
RICHTER,0,20101216,094723,42590,74
MTELEKOM,0,20101216,094732,516,115
MTELEKOM,0,20101216,094732,516,1241
MTELEKOM,0,20101216,094732,517,3308
MTELEKOM,0,20101216,094732,517,3000
MTELEKOM,0,20101216,094732,517,2526
OTP,0,20101216,094735,5230,1392
OTP,0,20101216,094735,5230,1000
OTP,0,20101216,094735,5230,1000
OTP,0,20101216,094739,5230,2422
MTELEKOM,0,20101216,094741,515,2000
OTP,0,20101216,094745,5230,186
OTP,0,20101216,094745,5230,814
MOL,0,20101216,094755,19490,750
RICHTER,0,20101216,094756,42590,10
BUX1012,0,20101216,094756,21260,10
OTP,0,20101216,094801,5230,186
OTP,0,20101216,094801,5230,2000
OTP,0,20101216,094806,5230,2814
OTP,0,20101216,094806,5230,998
OTP,0,20101216,094806,5230,950
OTP,0,20101216,094807,5230,238
OTP,0,20101216,094810,5230,65
OTP,0,20101216,094810,5230,1000
PANNERGY,0,20101216,094812,887,120
PANNERGY,0,20101216,094812,887,60
PANNERGY,0,20101216,094812,888,200
PANNERGY,0,20101216,094812,888,100
PANNERGY,0,20101216,094812,889,50
OTP,0,20101216,094813,5230,697
MTELEKOM,0,20101216,094823,516,610
MTELEKOM,0,20101216,094832,516,15390
MTELEKOM,0,20101216,094832,516,406
FHB,0,20101216,094835,976,178
FHB,0,20101216,094835,975,150
FHB,0,20101216,094835,975,200
FHB,0,20101216,094835,975,300
FHB,0,20101216,094835,974,300
FHB,0,20101216,094835,973,95
FHB,0,20101216,094835,973,500
FHB,0,20101216,094835,972,200
FHB,0,20101216,094835,971,77
MTELEKOM,0,20101216,094850,517,474
MTELEKOM,0,20101216,094850,517,318
OTP,0,20101216,094853,5230,40
MOL,0,20101216,094857,19495,39
MOL,0,20101216,094857,19495,500
MOL,0,20101216,094857,19500,96
OTP,0,20101216,094914,5230,4263
OTP,0,20101216,094920,5230,737
BUX1012,0,20101216,094921,21260,50
BUX1012,0,20101216,094925,21260,20
OTP,0,20101216,094943,5230,2263
OTP,0,20101216,094943,5230,2000
OTP,0,20101216,094950,5230,737
OTP,0,20101216,094952,5230,200
PHYLAXIA,0,20101216,094953,47,4800
PHYLAXIA,0,20101216,094953,47,15200
OTP,0,20101216,094954,5230,1000
PHYLAXIA,0,20101216,095006,47,1357
PHYLAXIA,0,20101216,095006,47,2000
PHYLAXIA,0,20101216,095006,47,4298
PHYLAXIA,0,20101216,095006,47,200
PHYLAXIA,0,20101216,095006,47,2145
PANNERGY,0,20101216,095023,885,3
OTP,0,20101216,095025,5230,22
OTP,0,20101216,095029,5230,41
OTP,0,20101216,095029,5230,689
RICHTER,0,20101216,095031,42595,50
OTP,0,20101216,095033,5230,580
MTELEKOM,0,20101216,095041,517,47
MTELEKOM,0,20101216,095041,517,221
MTELEKOM,0,20101216,095041,518,3932
RICHTER,0,20101216,095048,42595,50
RICHTER,0,20101216,095048,42595,50
RICHTER,0,20101216,095056,42595,18
OTP,0,20101216,095101,5230,1731
OTP,0,20101216,095101,5230,1269
OTP,0,20101216,095108,5227,19
OTP,0,20101216,095115,5230,231
OTP,0,20101216,095115,5230,2000
MTELEKOM,0,20101216,095121,518,198
BUX1012,0,20101216,095132,21260,16
BUX1112,0,20101216,095132,21890,16
EGIS,0,20101216,095133,20345,3
ANY,0,20101216,095134,725,410
MTELEKOM,0,20101216,095155,518,870
BUX1012,0,20101216,095156,21260,4
BUX1012,0,20101216,095156,21260,50
MOL,0,20101216,095159,19490,10
BUX1012,0,20101216,095200,21251,5
MTELEKOM,0,20101216,095202,518,50
MTELEKOM,0,20101216,095204,518,1000
BUX1012,0,20101216,095205,21251,23
MTELEKOM,0,20101216,095213,519,5000
MTELEKOM,0,20101216,095213,519,3400
MTELEKOM,0,20101216,095213,519,500
MTELEKOM,0,20101216,095213,519,626
RICHTER,0,20101216,095220,42595,56
MTELEKOM,0,20101216,095228,519,374
MTELEKOM,0,20101216,095228,519,1000
MTELEKOM,0,20101216,095228,519,200
MTELEKOM,0,20101216,095228,519,427
MTELEKOM,0,20101216,095228,519,10000
OTP,0,20101216,095235,5226,200
OTP,0,20101216,095235,5226,200
OTP,0,20101216,095237,5226,100
RICHTER,0,20101216,095237,42675,30
RICHTER,0,20101216,095237,42700,6
MTELEKOM,0,20101216,095253,518,80
OTP,0,20101216,095257,5226,99
MOL,0,20101216,095307,19490,143
MOL,0,20101216,095307,19490,151
MOL,0,20101216,095307,19500,129
MTELEKOM,0,20101216,095310,518,200
RABA,0,20101216,095322,806,100
PHYLAXIA,0,20101216,095354,47,2855
PHYLAXIA,0,20101216,095354,47,2957
PHYLAXIA,0,20101216,095402,47,7043
PHYLAXIA,0,20101216,095402,47,5000
OTP,0,20101216,095408,5230,1000
BUX1012,0,20101216,095412,21285,1
BUX1012,0,20101216,095412,21285,8
OTP,0,20101216,095420,5230,100
OTP,0,20101216,095432,5230,171
OTP,0,20101216,095435,5230,229
OTP,0,20101216,095436,5230,471
MTELEKOM,0,20101216,095448,517,314
PHYLAXIA,0,20101216,095517,47,1000
OTP,0,20101216,095523,5230,529
OTP,0,20101216,095523,5230,1500
OTP,0,20101216,095523,5230,971
MOL,0,20101216,095524,19500,77
ECONET,0,20101216,095531,90,4176
ECONET,0,20101216,095531,90,6000
ECONET,0,20101216,095531,90,3624
OTP,0,20101216,095538,5230,29
OTP,0,20101216,095538,5230,471
MTELEKOM,0,20101216,095548,517,436
PHYLAXIA,0,20101216,095550,47,1000
ECONET,0,20101216,095550,90,800
OTP,0,20101216,095600,5230,30
PHYLAXIA,0,20101216,095601,47,5957
PHYLAXIA,0,20101216,095601,47,2000
PHYLAXIA,0,20101216,095601,47,1000
OTP,0,20101216,095604,5230,18
MTELEKOM,0,20101216,095611,517,1000
ECONET,0,20101216,095612,90,200
MTELEKOM,0,20101216,095619,517,243
DANUBIUS,0,20101216,095620,4010,15
DANUBIUS,0,20101216,095620,4030,9
DANUBIUS,0,20101216,095620,4035,5
DANUBIUS,0,20101216,095620,4080,20
DANUBIUS,0,20101216,095620,4095,38
DANUBIUS,0,20101216,095620,4100,339
DANUBIUS,0,20101216,095620,4100,91
MTELEKOM,0,20101216,095626,517,217
PHYLAXIA,0,20101216,095640,47,1043
DANUBIUS,0,20101216,095643,4130,60
DANUBIUS,0,20101216,095643,4145,50
DANUBIUS,0,20101216,095643,4145,116
DANUBIUS,0,20101216,095643,4150,150
DANUBIUS,0,20101216,095643,4150,91
MTELEKOM,0,20101216,095646,517,290
MTELEKOM,0,20101216,095646,517,710
MTELEKOM,0,20101216,095648,517,243
MTELEKOM,0,20101216,095705,518,20
MTELEKOM,0,20101216,095705,518,268
MTELEKOM,0,20101216,095705,518,2012
MOL,0,20101216,095723,19500,223
MOL,0,20101216,095723,19500,200
OTP,0,20101216,095733,5230,26
BUX1012,0,20101216,095736,21285,7
MOL,0,20101216,095737,19500,77
DANUBIUS,0,20101216,095747,4150,6
DANUBIUS,0,20101216,095747,4150,8
DANUBIUS,0,20101216,095747,4175,10
DANUBIUS,0,20101216,095747,4190,100
DANUBIUS,0,20101216,095747,4195,20
DANUBIUS,0,20101216,095747,4200,60
DANUBIUS,0,20101216,095747,4200,100
DANUBIUS,0,20101216,095747,4200,81
PHYLAXIA,0,20101216,095751,47,2457
MTELEKOM,0,20101216,095753,518,988
MTELEKOM,0,20101216,095753,518,1502
MTELEKOM,0,20101216,095753,518,194
MTELEKOM,0,20101216,095753,518,390
MTELEKOM,0,20101216,095755,518,243
MTELEKOM,0,20101216,095757,519,1000
OTP,0,20101216,095813,5230,955
OTP,0,20101216,095813,5230,45
FOTEX,0,20101216,095818,396,4
FOTEX,0,20101216,095818,396,200
FOTEX,0,20101216,095818,395,496
DANUBIUS,0,20101216,095818,4200,200
DANUBIUS,0,20101216,095824,4255,50
BUX1112,0,20101216,095837,21900.5,1
BUX1112,0,20101216,095837,21900,5
PHYLAXIA,0,20101216,095840,47,343
MTELEKOM,0,20101216,095845,518,242
MTELEKOM,0,20101216,095853,518,1000
MTELEKOM,0,20101216,095901,518,441
DANUBIUS,0,20101216,095916,4200,180
MTELEKOM,0,20101216,095918,517,47
MTELEKOM,0,20101216,095918,517,196
BUX1112,0,20101216,095921,21920,10
BUX1112,0,20101216,095921,21920,2
BUX1112,0,20101216,095922,21920,1
BUX1012,0,20101216,095930,21284,5
BUX1012,0,20101216,095930,21285,1
MTELEKOM,0,20101216,095948,517,243
MTELEKOM,0,20101216,095951,517,61
MTELEKOM,0,20101216,095954,516,182
DANUBIUS,0,20101216,100017,4200,20
BUX1112,0,20101216,100020,21921,1
BUX1112,0,20101216,100020,21920,4
GENESIS,0,20101216,100021,205,500
PANNERGY,0,20101216,100022,885,174
PANNERGY,0,20101216,100022,885,3
PANNERGY,0,20101216,100026,889,70
PANNERGY,0,20101216,100026,889,210
PANNERGY,0,20101216,100026,889,35
PANNERGY,0,20101216,100026,889,77
PANNERGY,0,20101216,100026,889,1000
PANNERGY,0,20101216,100026,890,1000
PANNERGY,0,20101216,100026,890,257
PANNERGY,0,20101216,100026,890,150
PANNERGY,0,20101216,100026,890,200
PANNERGY,0,20101216,100026,893,101
BUX1112,0,20101216,100030,21928,1
BUX1112,0,20101216,100030,21930,10
DANUBIUS,0,20101216,100031,4200,15
BUX1112,0,20101216,100049,21936,1
BUX1112,0,20101216,100100,21930,1
MTELEKOM,0,20101216,100102,518,758
MTELEKOM,0,20101216,100102,518,102
FHB,0,20101216,100130,977,100
ECONET,0,20101216,100130,90,376
ECONET,0,20101216,100130,90,600
ECONET,0,20101216,100130,90,1500
ECONET,0,20101216,100130,90,524
BUX1012,0,20101216,100208,21285,4
BUX1112,0,20101216,100208,21930,4
BUX1012,0,20101216,100208,21285,1
BUX1112,0,20101216,100208,21930,1
OTP,0,20101216,100213,5230,100
BUX1012,0,20101216,100216,21287,4
BUX1112,0,20101216,100216,21930,4
OTP,0,20101216,100218,5230,19
MTELEKOM,0,20101216,100228,518,898
MTELEKOM,0,20101216,100228,518,200
MTELEKOM,0,20101216,100228,518,137
OTP,0,20101216,100231,5230,400
OTP,0,20101216,100232,5230,436
OTP,0,20101216,100232,5230,564
ECONET,0,20101216,100315,90,476
ECONET,0,20101216,100315,90,2039
BUX1012,0,20101216,100318,21306,291
BUX1112,0,20101216,100318,21941,291
PANNERGY,0,20101216,100345,894,100
PANNERGY,0,20101216,100345,894,1000
BUX1012,0,20101216,100352,21277.5,1
DANUBIUS,0,20101216,100354,4200,23
PANNERGY,0,20101216,100409,895,150
PANNERGY,0,20101216,100409,895,20
PANNERGY,0,20101216,100409,895,830
BUX1012,0,20101216,100427,21277.5,1
OTP,0,20101216,100442,5230,2
PHYLAXIA,0,20101216,100448,47,4800
BUX1012,0,20101216,100451,21306,9
BUX1112,0,20101216,100451,21941,9
OTP,0,20101216,100453,5230,934
OTP,0,20101216,100453,5230,66
PANNERGY,0,20101216,100458,894,9
DANUBIUS,0,20101216,100459,4200,160
DANUBIUS,0,20101216,100459,4200,2340
OTP,0,20101216,100502,5228,20
DANUBIUS,0,20101216,100504,4110,20
FREESOFT,0,20101216,100506,1997,40
FREESOFT,0,20101216,100506,1998,28
FREESOFT,0,20101216,100506,1999,40
MOL,0,20101216,100514,19490,9
MOL,0,20101216,100514,19500,51
BUX1012,0,20101216,100515,21277,1
BUX1112,0,20101216,100515,21900.5,1
DANUBIUS,0,20101216,100518,4105,50
MTELEKOM,0,20101216,100527,518,995
OTP,0,20101216,100555,5228,23
OTP,0,20101216,100555,5229,20
OTP,0,20101216,100555,5230,57
RICHTER,0,20101216,100606,42590,450
BUX1012,0,20101216,100613,21270,48
BUX1112,0,20101216,100613,21900,48
MOL,0,20101216,100627,19495,20
OTP,0,20101216,100640,5230,877
OTP,0,20101216,100640,5230,123
EGIS,0,20101216,100644,20300,50
EGIS,0,20101216,100701,20305,100
FHB,0,20101216,100726,983,299
FHB,0,20101216,100726,983,120
FHB,0,20101216,100726,983,200
FHB,0,20101216,100726,984,1773
OTP,0,20101216,100733,5230,50
PANNERGY,0,20101216,100734,890,210
OTP,0,20101216,100739,5227,5
OTP,0,20101216,100739,5227,200
OTP,0,20101216,100739,5227,100
OTP,0,20101216,100739,5226,172
OTP,0,20101216,100739,5226,500
OTP,0,20101216,100739,5225,150
OTP,0,20101216,100739,5225,50
OTP,0,20101216,100739,5225,1000
FOTEX,0,20101216,100744,402,125
FOTEX,0,20101216,100744,402,500
FOTEX,0,20101216,100744,402,200
FOTEX,0,20101216,100744,403,400
FOTEX,0,20101216,100744,403,1103
OTP,0,20101216,100746,5225,500
OTP,0,20101216,100751,5224,100
OTP,0,20101216,100751,5223,100
RFV,0,20101216,100753,8200,1
FHB,0,20101216,100808,984,500
RABA,0,20101216,100828,809,100
RABA,0,20101216,100828,809,150
RABA,0,20101216,100828,810,52
RABA,0,20101216,100828,810,100
RABA,0,20101216,100828,810,530
BUX1012,0,20101216,100834,21260.5,1
BUX1012,0,20101216,100834,21260,7
TVK,0,20101216,100851,3400,112
OTP,0,20101216,100852,5225,100
OTP,0,20101216,100900,5225,223
OTP,0,20101216,100900,5225,277
BUX1112,0,20101216,100914,21900,2
MOL,0,20101216,100916,19490,72
OTP,0,20101216,100930,5225,1223
TVK,0,20101216,100944,3400,80
OTP,0,20101216,100949,5225,1000
ECONET,0,20101216,100949,90,420
OTP,0,20101216,101007,5223,65
ORC,0,20101216,101009,1980,22
OTP,0,20101216,101015,5223,26
OTP,0,20101216,101015,5223,250
OTP,0,20101216,101015,5222,50
OTP,0,20101216,101015,5222,70
OTP,0,20101216,101015,5222,345
OTP,0,20101216,101015,5222,49
OTP,0,20101216,101015,5221,13
OTP,0,20101216,101015,5221,24
OTP,0,20101216,101015,5221,500
OTP,0,20101216,101015,5220,500
OTP,0,20101216,101015,5220,100
OTP,0,20101216,101015,5220,200
OTP,0,20101216,101015,5220,100
OTP,0,20101216,101015,5220,40
OTP,0,20101216,101015,5220,1000
OTP,0,20101216,101015,5220,50
OTP,0,20101216,101015,5220,85
OTP,0,20101216,101015,5220,200
OTP,0,20101216,101015,5220,30
OTP,0,20101216,101015,5220,20
OTP,0,20101216,101015,5220,91
OTP,0,20101216,101015,5218,100
OTP,0,20101216,101015,5216,5
OTP,0,20101216,101015,5215,200
OTP,0,20101216,101015,5215,12
OTP,0,20101216,101015,5214,500
OTP,0,20101216,101015,5211,20
OTP,0,20101216,101015,5211,400
OTP,0,20101216,101015,5211,400
OTP,0,20101216,101015,5210,600
OTP,0,20101216,101015,5210,263
BUX1012,0,20101216,101018,21260,7
OTP,0,20101216,101021,5210,337
OTP,0,20101216,101021,5210,12
OTP,0,20101216,101021,5210,200
OTP,0,20101216,101021,5210,800
BUX1012,0,20101216,101022,21254,4
BUX1012,0,20101216,101022,21250.5,2
BUX1012,0,20101216,101022,21250,5
OTP,0,20101216,101024,5210,1000
MTELEKOM,0,20101216,101031,518,570
MTELEKOM,0,20101216,101031,518,1596
OTP,0,20101216,101032,5215,100
OTP,0,20101216,101033,5210,500
OTP,0,20101216,101038,5210,827
MTELEKOM,0,20101216,101042,518,1000
BUX1112,0,20101216,101046,21884,1
OTP,0,20101216,101050,5210,2000
BUX1012,0,20101216,101052,21233.5,1
BUX1012,0,20101216,101052,21233,1
BUX1012,0,20101216,101052,21232.5,10
OTP,0,20101216,101058,5211,400
OTP,0,20101216,101058,5211,200
OTP,0,20101216,101058,5210,1400
MTELEKOM,0,20101216,101106,518,1500
OTP,0,20101216,101113,5211,50
MTELEKOM,0,20101216,101113,518,1000
OTP,0,20101216,101117,5215,500
OTP,0,20101216,101118,5215,400
GENESIS,0,20101216,101141,205,100
GENESIS,0,20101216,101141,205,100
OTP,0,20101216,101142,5215,100
OTP,0,20101216,101142,5215,260
OTP,0,20101216,101142,5215,1335
OTP,0,20101216,101142,5215,10
OTP,0,20101216,101147,5215,100
OTP,0,20101216,101149,5215,100
OTP,0,20101216,101150,5215,455
OTP,0,20101216,101150,5215,145
MOL,0,20101216,101150,19500,50
BUX1112,0,20101216,101151,21865,1
BUX1112,0,20101216,101151,21864,2
MTELEKOM,0,20101216,101151,519,5000
MOL,0,20101216,101155,19490,28
OTP,0,20101216,101159,5215,455
BUX1012,0,20101216,101159,21232.5,1
BUX1112,0,20101216,101159,21863,1
BUX1012,0,20101216,101210,21232.5,1
OTP,0,20101216,101213,5215,500
ECONET,0,20101216,101223,91,420
DANUBIUS,0,20101216,101228,4155,20
OTP,0,20101216,101249,5215,21
BUX1012,0,20101216,101327,21259,20
OTP,0,20101216,101330,5215,300
OTP,0,20101216,101348,5215,20
OTP,0,20101216,101351,5215,659
OTP,0,20101216,101351,5215,341
ECONET,0,20101216,101402,91,200
OTP,0,20101216,101414,5215,100
FHB,0,20101216,101415,978,270
PHYLAXIA,0,20101216,101424,47,5000
MOL,0,20101216,101436,19490,10
MOL,0,20101216,101436,19490,90
OTP,0,20101216,101446,5215,19
PHYLAXIA,0,20101216,101447,47,5000
PHYLAXIA,0,20101216,101453,47,4857
PHYLAXIA,0,20101216,101453,47,2500
PHYLAXIA,0,20101216,101453,47,3500
PHYLAXIA,0,20101216,101453,47,6000
PHYLAXIA,0,20101216,101453,47,1000
BUX1012,0,20101216,101501,21257,30
BUX1112,0,20101216,101501,21872.5,30
BUX1012,0,20101216,101501,21257.5,20
BUX1112,0,20101216,101501,21872.5,20
MOL,0,20101216,101505,19490,10
PANNERGY,0,20101216,101506,886,50
MOL,0,20101216,101507,19490,3
BUX1112,0,20101216,101553,21899.5,1
OTP,0,20101216,101558,5220,255
OTP,0,20101216,101558,5220,591
OTP,0,20101216,101558,5220,500
OTP,0,20101216,101558,5220,400
OTP,0,20101216,101558,5220,40
OTP,0,20101216,101558,5220,1500
OTP,0,20101216,101601,5220,1500
OTP,0,20101216,101607,5220,214
OTP,0,20101216,101607,5220,286
OTP,0,20101216,101620,5220,714
OTP,0,20101216,101620,5220,286
MTELEKOM,0,20101216,101639,519,1950
HUMET,0,20101216,101647,9,3451
HUMET,0,20101216,101647,9,7049
BUX1012,0,20101216,101648,21257,4
BUX1012,0,20101216,101648,21278,2
BUX1012,0,20101216,101648,21284,5
BUX1012,0,20101216,101648,21287,10
BUX1012,0,20101216,101648,21288,9
BUX1012,0,20101216,101648,21293,5
BUX1012,0,20101216,101648,21295,16
BUX1012,0,20101216,101648,21295,5
BUX1012,0,20101216,101648,21297,1
BUX1012,0,20101216,101648,21299,3
BUX1012,0,20101216,101648,21299,20
BUX1012,0,20101216,101648,21300,2
BUX1012,0,20101216,101648,21300,18
BUX1112,0,20101216,101652,21900,100
MOL,0,20101216,101656,19490,100
MOL,0,20101216,101656,19500,100
MOL,0,20101216,101656,19500,100
MOL,0,20101216,101656,19500,20
MTELEKOM,0,20101216,101656,519,2050
MTELEKOM,0,20101216,101656,519,1915
MTELEKOM,0,20101216,101656,519,150
MTELEKOM,0,20101216,101656,519,578
MTELEKOM,0,20101216,101656,519,422
EGIS,0,20101216,101656,20320,20
EGIS,0,20101216,101656,20345,5
EGIS,0,20101216,101656,20350,8
OTP,0,20101216,101657,5223,65
OTP,0,20101216,101657,5228,500
OTP,0,20101216,101657,5229,435
MOL,0,20101216,101659,19500,23
ECONET,0,20101216,101704,91,1000
MOL,0,20101216,101705,19490,100
MOL,0,20101216,101707,19490,24
MOL,0,20101216,101707,19490,76
MOL,0,20101216,101713,19490,24
MTELEKOM,0,20101216,101721,519,55
MTELEKOM,0,20101216,101721,519,689
OTP,0,20101216,101733,5225,400
MTELEKOM,0,20101216,101736,519,311
MTELEKOM,0,20101216,101736,519,1389
MOL,0,20101216,101804,19490,76
MOL,0,20101216,101804,19490,21
OTP,0,20101216,101808,5225,1600
OTP,0,20101216,101810,5225,100
OTP,0,20101216,101819,5229,30
MOL,0,20101216,101826,19490,19
MOL,0,20101216,101826,19490,100
MTELEKOM,0,20101216,101834,518,965
PHYLAXIA,0,20101216,101847,47,5000
MOL,0,20101216,101856,19490,81
MOL,0,20101216,101856,19490,19
BUX1012,0,20101216,101858,21270,14
GENESIS,0,20101216,101916,205,150
MOL,0,20101216,101917,19490,181
MOL,0,20101216,101917,19495,5
MOL,0,20101216,101917,19500,100
MTELEKOM,0,20101216,101933,518,2939
MTELEKOM,0,20101216,101933,518,500
MTELEKOM,0,20101216,101933,518,100
MTELEKOM,0,20101216,101933,518,273
SYNERGON,0,20101216,101933,493,190
MOL,0,20101216,101937,19500,214
MTELEKOM,0,20101216,101938,518,565
BUX1012,0,20101216,102003,21306,100
BUX1112,0,20101216,102003,21941,100
OTP,0,20101216,102004,5225,300
OTP,0,20101216,102004,5225,1000
OTP,0,20101216,102004,5225,125
OTP,0,20101216,102012,5229,35
OTP,0,20101216,102012,5229,15
MTELEKOM,0,20101216,102015,518,435
MTELEKOM,0,20101216,102015,519,1611
MTELEKOM,0,20101216,102015,519,113
MTELEKOM,0,20101216,102015,519,641
BUX1012,0,20101216,102019,21306,100
BUX1112,0,20101216,102019,21941,100
BUX1012,0,20101216,102026,21260,18
BUX1012,0,20101216,102033,21260,1
BUX1112,0,20101216,102033,21900.5,1
MOL,0,20101216,102037,19500,286
MOL,0,20101216,102037,19500,200
BUX1012,0,20101216,102039,21260,50
BUX1112,0,20101216,102039,21900,50
ORC,0,20101216,102047,1975,20
ORC,0,20101216,102047,1975,10
OTP,0,20101216,102104,5221,200
OTP,0,20101216,102104,5221,2
OTP,0,20101216,102104,5220,214
OTP,0,20101216,102104,5220,84
BUX1012,0,20101216,102112,21306,100
BUX1112,0,20101216,102112,21921,100
RFV,0,20101216,102114,8206,250
RFV,0,20101216,102114,8206,250
OTP,0,20101216,102114,5220,716
OTP,0,20101216,102114,5220,284
OTP,0,20101216,102127,5220,216
OTP,0,20101216,102127,5220,284
OTP,0,20101216,102134,5225,1030
RICHTER,0,20101216,102218,42600,77
MOL,0,20101216,102223,19500,14
OTP,0,20101216,102226,5221,100
OTP,0,20101216,102234,5225,285
ORC,0,20101216,102234,1980,45
RICHTER,0,20101216,102234,42600,46
OTP,0,20101216,102247,5220,185
BUX1012,0,20101216,102252,21306,10
BUX1112,0,20101216,102252,21936,10
BUX1012,0,20101216,102259,21260,5
RFV,0,20101216,102311,8240,1
RFV,0,20101216,102311,8250,8
MTELEKOM,0,20101216,102315,519,600
EGIS,0,20101216,102322,20350,42
MTELEKOM,0,20101216,102324,519,200
RFV,0,20101216,102328,8250,9
DANUBIUS,0,20101216,102341,4200,12
EGIS,0,20101216,102342,20300,2
GENESIS,0,20101216,102347,205,130
ORC,0,20101216,102349,1980,10
BUX1112,0,20101216,102403,21874,1
BUX1112,0,20101216,102403,21873,1
BUX1112,0,20101216,102403,21872,2
BUX1112,0,20101216,102403,21854,1
RFV,0,20101216,102413,8250,10
MTELEKOM,0,20101216,102417,518,389
BUX1012,0,20101216,102421,21260,5
RFV,0,20101216,102423,8250,29
RFV,0,20101216,102423,8250,3
BUX1012,0,20101216,102429,21260,9
FREESOFT,0,20101216,102432,2050,50
FREESOFT,0,20101216,102432,2089,2
MTELEKOM,0,20101216,102500,518,211
OTP,0,20101216,102502,5222,100
OTP,0,20101216,102502,5220,654
OTP,0,20101216,102502,5220,246
RFV,0,20101216,102529,8250,75
RFV,0,20101216,102529,8250,25
ORC,0,20101216,102558,1980,34
OTP,0,20101216,102602,5220,29
OTP,0,20101216,102602,5220,71
PHYLAXIA,0,20101216,102607,47,1000
RICHTER,0,20101216,102637,42520,10
RICHTER,0,20101216,102637,42515,44
RICHTER,0,20101216,102637,42500,14
RICHTER,0,20101216,102637,42500,100
OTP,0,20101216,102638,5220,12
ORC,0,20101216,102655,1980,60
PHYLAXIA,0,20101216,102711,47,2143
PHYLAXIA,0,20101216,102711,47,1857
MTELEKOM,0,20101216,102717,518,389
MTELEKOM,0,20101216,102717,518,1294
OTP,0,20101216,102720,5220,32
OTP,0,20101216,102720,5220,8
BUX1012,0,20101216,102727,21260,1
BUX1112,0,20101216,102727,21870,1
BUX1112,0,20101216,102730,21893.5,1
BUX1012,0,20101216,102741,21306,9
BUX1112,0,20101216,102741,21907,9
BUX1012,0,20101216,102741,21260,1
BUX1112,0,20101216,102741,21861,1
BUX1012,0,20101216,102741,21260,5
BUX1112,0,20101216,102741,21860,5
RICHTER,0,20101216,102745,42485,10
RICHTER,0,20101216,102745,42480,10
MOL,0,20101216,102746,19500,86
MOL,0,20101216,102746,19500,100
OTP,0,20101216,102756,5220,32
OTP,0,20101216,102756,5220,1000
EGIS,0,20101216,102801,20350,50
MTELEKOM,0,20101216,102803,518,3000
MOL,0,20101216,102820,19500,11
MTELEKOM,0,20101216,102828,518,317
MTELEKOM,0,20101216,102828,517,183
RICHTER,0,20101216,102837,42455,954
OTP,0,20101216,102845,5220,40
RABA,0,20101216,102913,810,150
BUX1012,0,20101216,102930,21236,1
BUX1012,0,20101216,102930,21235,10
BUX1012,0,20101216,102930,21232,1
BUX1012,0,20101216,102930,21232,9
BUX1012,0,20101216,102930,21230.5,2
BUX1012,0,20101216,102930,21230,5
BUX1012,0,20101216,102930,21230,10
BUX1012,0,20101216,102930,21230,10
BUX1012,0,20101216,102930,21230,13
BUX1112,0,20101216,102930,21855,13
BUX1012,0,20101216,102930,21230,1
BUX1112,0,20101216,102930,21854,1
BUX1012,0,20101216,102930,21230,1
BUX1112,0,20101216,102930,21853,1
BUX1012,0,20101216,102930,21230,1
BUX1112,0,20101216,102930,21851,1
BUX1012,0,20101216,102930,21230,1
BUX1112,0,20101216,102930,21850.5,1
BUX1012,0,20101216,102930,21230,16
BUX1112,0,20101216,102930,21850,16
BUX1012,0,20101216,102930,21230,30
BUX1112,0,20101216,102930,21850,30
PANNERGY,0,20101216,102934,886,2
PANNERGY,0,20101216,102934,886,122
OTP,0,20101216,102939,5220,1000
BUX1012,0,20101216,102942,21230,20
RICHTER,0,20101216,102947,42455,100
RICHTER,0,20101216,102954,42455,100
PANNERGY,0,20101216,102954,890,220
OTP,0,20101216,102955,5220,1000
BUX1012,0,20101216,103002,21230,1
BUX1112,0,20101216,103002,21850.5,1
BUX1012,0,20101216,103009,21230,3
BUX1112,0,20101216,103009,21850,3
RICHTER,0,20101216,103018,42455,100
OTP,0,20101216,103053,5222,1000
RICHTER,0,20101216,103053,42450,8
RICHTER,0,20101216,103053,42415,10
RICHTER,0,20101216,103053,42410,100
RICHTER,0,20101216,103053,42400,82
BUX1112,0,20101216,103054,21893.5,1
MTELEKOM,0,20101216,103102,518,2200
MTELEKOM,0,20101216,103102,518,553
RICHTER,0,20101216,103103,42400,18
RICHTER,0,20101216,103103,42400,8
OTP,0,20101216,103104,5220,100
RICHTER,0,20101216,103108,42400,74
RICHTER,0,20101216,103108,42400,26
RICHTER,0,20101216,103108,42400,10
PHYLAXIA,0,20101216,103109,47,5000
OTP,0,20101216,103111,5220,360
BUX1112,0,20101216,103113,21893.5,1
BUX1112,0,20101216,103113,21893.5,1
MTELEKOM,0,20101216,103130,518,2200
BUX1012,0,20101216,103155,21264,1
BUX1112,0,20101216,103155,21893.5,1
BUX1012,0,20101216,103201,21270,20
BUX1112,0,20101216,103201,21893.5,20
RICHTER,0,20101216,103202,42400,35
RICHTER,0,20101216,103202,42400,40
RICHTER,0,20101216,103210,42400,125
BUX1112,0,20101216,103214,21893.5,26
PHYLAXIA,0,20101216,103235,47,2244
MTELEKOM,0,20101216,103319,519,1
MTELEKOM,0,20101216,103320,518,47
MTELEKOM,0,20101216,103320,518,100
MTELEKOM,0,20101216,103320,518,153
ORC,0,20101216,103330,1975,16
MTELEKOM,0,20101216,103335,518,200
EMASZ,0,20101216,103336,20900,28
MTELEKOM,0,20101216,103346,518,197
OTP,0,20101216,103358,5218,159
BUX1012,0,20101216,103400,21230,1
BUX1012,0,20101216,103408,21217,1
BUX1112,0,20101216,103408,21852.5,1
BUX1012,0,20101216,103409,21217,1
MOL,0,20101216,103428,19500,1
MOL,0,20101216,103429,19500,2
OTP,0,20101216,103447,5219,835
OTP,0,20101216,103447,5220,540
OTP,0,20101216,103447,5220,1125
MTELEKOM,0,20101216,103450,517,395
MTELEKOM,0,20101216,103450,517,605
ORC,0,20101216,103505,1970,38
OTP,0,20101216,103521,5220,16
ZWACK,0,20101216,103649,13760,15
ZWACK,0,20101216,103649,13750,7
ZWACK,0,20101216,103649,13740,2
ZWACK,0,20101216,103649,13700,30
ORC,0,20101216,103711,1975,5
BUX1112,0,20101216,103720,21887.5,1
BUX1112,0,20101216,103720,21888,1
BUX1112,0,20101216,103720,21890,4
MOL,0,20101216,103743,19490,4
OTP,0,20101216,103753,5220,859
OTP,0,20101216,103753,5220,1000
OTP,0,20101216,103753,5220,641
OTP,0,20101216,103758,5220,359
MOL,0,20101216,103807,19490,46
MOL,0,20101216,103814,19485,64
MOL,0,20101216,103814,19485,5
OTP,0,20101216,103816,5220,383
OTP,0,20101216,103819,5225,130
MOL,0,20101216,103827,19465,131
MOL,0,20101216,103827,19460,50
MOL,0,20101216,103827,19460,18
MOL,0,20101216,103827,19460,60
MOL,0,20101216,103827,19450,6
MOL,0,20101216,103842,19450,235
MOL,0,20101216,103842,19450,34
MOL,0,20101216,103842,19450,80
MOL,0,20101216,103845,19450,109
MOL,0,20101216,103847,19450,42
MOL,0,20101216,103851,19450,200
MOL,0,20101216,103852,19450,60
MOL,0,20101216,103857,19450,240
MOL,0,20101216,103857,19450,148
MOL,0,20101216,103858,19450,112
PHYLAXIA,0,20101216,103909,47,899
PHYLAXIA,0,20101216,103909,47,1111
PHYLAXIA,0,20101216,103909,47,7990
PHYLAXIA,0,20101216,104007,47,2010
EGIS,0,20101216,104012,20350,100
MOL,0,20101216,104016,19450,323
EGIS,0,20101216,104020,20350,20
MOL,0,20101216,104021,19435,50
MOL,0,20101216,104050,19425,10
MOL,0,20101216,104050,19425,40
MTELEKOM,0,20101216,104055,518,300
MOL,0,20101216,104056,19450,1
OTP,0,20101216,104106,5220,258
OTP,0,20101216,104123,5220,2
FHB,0,20101216,104134,980,430
OTP,0,20101216,104135,5218,41
OTP,0,20101216,104135,5217,70
OTP,0,20101216,104135,5216,389
ORC,0,20101216,104149,1970,28
ETFBUXOTP,0,20101216,104155,882,4191
EGIS,0,20101216,104156,20350,7
MTELEKOM,0,20101216,104156,518,733
MTELEKOM,0,20101216,104156,518,175
OTP,0,20101216,104156,5216,111
OTP,0,20101216,104156,5216,92
OTP,0,20101216,104156,5216,20
MOL,0,20101216,104156,19415,30
MOL,0,20101216,104156,19415,25
RICHTER,0,20101216,104156,42450,2
RICHTER,0,20101216,104156,42405,2
RICHTER,0,20101216,104156,42365,13
OTP,0,20101216,104219,5217,430
BUX1012,0,20101216,104223,21225,5
EGIS,0,20101216,104240,20350,75
MTELEKOM,0,20101216,104245,518,100
EGIS,0,20101216,104259,20345,9
OTP,0,20101216,104301,5216,80
OTP,0,20101216,104301,5216,100
OTP,0,20101216,104301,5215,800
OTP,0,20101216,104301,5215,700
OTP,0,20101216,104301,5215,60
MTELEKOM,0,20101216,104312,518,374
MTELEKOM,0,20101216,104315,519,1000
OTP,0,20101216,104328,5215,500
MTELEKOM,0,20101216,104328,518,3
MTELEKOM,0,20101216,104328,517,285
EGIS,0,20101216,104334,20340,200
BUX1012,0,20101216,104338,21235,2
BUX1112,0,20101216,104338,21870,2
MTELEKOM,0,20101216,104348,519,1500
MOL,0,20101216,104418,19415,37
OTP,0,20101216,104426,5216,57
OTP,0,20101216,104426,5215,2943
OTP,0,20101216,104441,5217,300
OTP,0,20101216,104445,5216,500
OTP,0,20101216,104457,5216,255
FHB,0,20101216,104516,980,500
RICHTER,0,20101216,104529,42365,2
RICHTER,0,20101216,104529,42310,20
RICHTER,0,20101216,104529,42305,3
OTP,0,20101216,104549,5216,245
OTP,0,20101216,104549,5216,291
BUX1012,0,20101216,104550,21221,1
ORC,0,20101216,104559,1965,31
BUX1112,0,20101216,104613,21870,5
RICHTER,0,20101216,104644,42305,7
RICHTER,0,20101216,104644,42300,2
RICHTER,0,20101216,104644,42300,6
RICHTER,0,20101216,104644,42300,2
RICHTER,0,20101216,104644,42300,18
EGIS,0,20101216,104644,20345,2
ORC,0,20101216,104655,1965,10
BUX1012,0,20101216,104707,21262,30
BUX1012,0,20101216,104713,21241,2
OTP,0,20101216,104728,5216,30
BUX1012,0,20101216,104730,21241,1
BUX1112,0,20101216,104734,21870,30
BUX1112,0,20101216,104735,21870,3
TVNETWORK,0,20101216,104745,297,200
BUX1012,0,20101216,104749,21240,2
MOL,0,20101216,104749,19415,21
MOL,0,20101216,104749,19415,25
MOL,0,20101216,104749,19410,13
MOL,0,20101216,104749,19410,15
MOL,0,20101216,104749,19400,2
MOL,0,20101216,104749,19400,200
MOL,0,20101216,104749,19400,24
MOL,0,20101216,104754,19400,26
MOL,0,20101216,104754,19400,29
ORC,0,20101216,104757,1965,50
BUX1012,0,20101216,104802,21240,10
MTELEKOM,0,20101216,104820,518,250
ORC,0,20101216,104822,1965,9
RICHTER,0,20101216,104825,42490,1
BUX1012,0,20101216,104854,21222,1
BUX1012,0,20101216,104854,21221,1
BUX1012,0,20101216,104854,21220,1
BUX1012,0,20101216,104854,21220,1
BUX1012,0,20101216,104854,21220,5
BUX1012,0,20101216,104854,21220,1
BUX1112,0,20101216,104854,21852,1
BUX1012,0,20101216,104854,21220,2
BUX1112,0,20101216,104854,21851,2
BUX1012,0,20101216,104854,21220,38
BUX1112,0,20101216,104854,21850,38
MOL,0,20101216,104858,19400,71
MOL,0,20101216,104858,19400,100
DANUBIUS,0,20101216,104905,4195,30
BUX1012,0,20101216,104906,21218,1
ZWACK,0,20101216,104920,13700,46
GENESIS,0,20101216,104933,205,500
GENESIS,0,20101216,104933,204,244
GENESIS,0,20101216,104933,204,1000
GENESIS,0,20101216,104933,204,856
OTP,0,20101216,104933,5215,1497
ZWACK,0,20101216,104950,13800,54
BUX1012,0,20101216,104950,21250,1
RICHTER,0,20101216,104958,42400,1
OTP,0,20101216,105009,5215,2000
MTELEKOM,0,20101216,105043,518,150
MTELEKOM,0,20101216,105044,518,100
MTELEKOM,0,20101216,105048,518,100
BUX1012,0,20101216,105052,21250,2
BUX1012,0,20101216,105102,21250,17
BUX1012,0,20101216,105102,21250,50
BUX1012,0,20101216,105102,21250,33
OTP,0,20101216,105103,5212,37
OTP,0,20101216,105103,5212,2
RFV,0,20101216,105111,8260,1
BUX1012,0,20101216,105120,21250,10
RFV,0,20101216,105149,8260,19
PANNERGY,0,20101216,105150,888,200
OTP,0,20101216,105220,5216,127
ORC,0,20101216,105223,1970,50
OTP,0,20101216,105231,5220,773
BUX1112,0,20101216,105237,21850,10
BUX1112,0,20101216,105246,21850,3
BUX1012,0,20101216,105247,21250,7
MOL,0,20101216,105248,19400,5
MOL,0,20101216,105248,19400,34
BUX1112,0,20101216,105258,21850,7
BUX1012,0,20101216,105258,21250,9
BUX1112,0,20101216,105258,21850,9
BUX1012,0,20101216,105258,21250,34
BUX1112,0,20101216,105258,21850,34
MOL,0,20101216,105312,19400,343
EGIS,0,20101216,105312,20340,3
EGIS,0,20101216,105312,20340,30
ZWACK,0,20101216,105318,13700,33
MTELEKOM,0,20101216,105321,519,1500
BUX1112,0,20101216,105330,21840,1
BUX1112,0,20101216,105330,21840,2
BUX1112,0,20101216,105330,21840,2
RFV,0,20101216,105408,8260,31
DANUBIUS,0,20101216,105410,4195,20
DANUBIUS,0,20101216,105410,4200,25
DANUBIUS,0,20101216,105410,4200,655
MTELEKOM,0,20101216,105413,518,1013
MTELEKOM,0,20101216,105413,518,5115
DANUBIUS,0,20101216,105416,4200,50
GSPARK,0,20101216,105417,778,88
GSPARK,0,20101216,105417,776,12
ORC,0,20101216,105434,1970,22
ZWACK,0,20101216,105509,13700,5
MTELEKOM,0,20101216,105543,517,110
MTELEKOM,0,20101216,105543,517,1890
OTP,0,20101216,105553,5217,13
FHB,0,20101216,105601,978,1
PHYLAXIA,0,20101216,105606,47,100
MTELEKOM,0,20101216,105611,517,110
MTELEKOM,0,20101216,105611,517,390
OTP,0,20101216,105627,5220,827
OTP,0,20101216,105627,5220,296
MTELEKOM,0,20101216,105634,517,4610
MTELEKOM,0,20101216,105634,517,481
OTP,0,20101216,105635,5220,704
OTP,0,20101216,105635,5220,1727
OTP,0,20101216,105648,5220,7
ZWACK,0,20101216,105656,13615,2
ZWACK,0,20101216,105656,13605,3
PANNERGY,0,20101216,105703,887,2
OTP,0,20101216,105707,5220,3400
MOL,0,20101216,105707,19390,40
MOL,0,20101216,105707,19390,13
OTP,0,20101216,105715,5221,30
OTP,0,20101216,105715,5220,1593
OTP,0,20101216,105716,5220,100
OTP,0,20101216,105722,5220,7
OTP,0,20101216,105739,5220,10
FHB,0,20101216,105743,980,1070
MTELEKOM,0,20101216,105806,517,719
MTELEKOM,0,20101216,105806,517,401
MOL,0,20101216,105807,19380,15
MOL,0,20101216,105807,19380,64
BUX1112,0,20101216,105827,21841,1
BUX1112,0,20101216,105827,21840,23
BUX1112,0,20101216,105827,21840,22
PFLAX,0,20101216,105837,499,80
PFLAX,0,20101216,105837,499,189
MTELEKOM,0,20101216,105839,518,13872
MTELEKOM,0,20101216,105839,518,380
ZWACK,0,20101216,105845,13700,10
MTELEKOM,0,20101216,105859,518,500
BUX1112,0,20101216,105915,21840,1
BUX1012,0,20101216,105920,21231,1
OTP,0,20101216,105923,5216,14
BUX1012,0,20101216,105930,21306,49
BUX1112,0,20101216,105930,21881,49
MOL,0,20101216,105931,19380,15
OTP,0,20101216,105939,5216,46
OTP,0,20101216,105939,5215,384
OTP,0,20101216,105940,5220,254
BUX1012,0,20101216,105941,21306,30
BUX1112,0,20101216,105941,21881,30
OTP,0,20101216,105952,5220,1006
OTP,0,20101216,105952,5220,1571
ECONET,0,20101216,105953,90,514
BUX1012,0,20101216,110000,21231,29
BUX1012,0,20101216,110000,21230,20
BUX1012,0,20101216,110000,21226,10
BUX1012,0,20101216,110000,21226,1
BUX1112,0,20101216,110000,21835,1
BUX1012,0,20101216,110000,21226,4
BUX1112,0,20101216,110000,21830,4
BUX1012,0,20101216,110000,21226,1
BUX1112,0,20101216,110000,21830,1
RICHTER,0,20101216,110007,42400,3
MOL,0,20101216,110009,19390,47
MOL,0,20101216,110009,19390,10
MOL,0,20101216,110009,19400,123
MOL,0,20101216,110009,19400,300
MOL,0,20101216,110009,19400,100
MOL,0,20101216,110009,19400,50
MOL,0,20101216,110009,19400,5
MOL,0,20101216,110015,19400,145
MOL,0,20101216,110017,19400,200
MOL,0,20101216,110017,19400,150
BUX1012,0,20101216,110017,21226,20
MTELEKOM,0,20101216,110018,518,9526
RICHTER,0,20101216,110020,42490,4
RICHTER,0,20101216,110020,42490,5
RICHTER,0,20101216,110020,42495,44
RICHTER,0,20101216,110020,42500,100
OTP,0,20101216,110023,5218,4000
RICHTER,0,20101216,110034,42600,28
RICHTER,0,20101216,110034,42600,90
OTP,0,20101216,110036,5219,4000
BUX1012,0,20101216,110037,21226,10
BUX1112,0,20101216,110037,21826,10
PHYLAXIA,0,20101216,110038,47,920
SYNERGON,0,20101216,110040,490,100
BUX1012,0,20101216,110044,21225,5
BUX1012,0,20101216,110044,21225,25
BUX1012,0,20101216,110044,21225,25
BUX1012,0,20101216,110044,21225,1
BUX1112,0,20101216,110044,21825.5,1
BUX1012,0,20101216,110044,21225,1
BUX1112,0,20101216,110044,21825,1
BUX1012,0,20101216,110044,21225,1
BUX1112,0,20101216,110044,21825,1
OTP,0,20101216,110047,5218,100
MTELEKOM,0,20101216,110047,518,200
RICHTER,0,20101216,110049,42600,2
RICHTER,0,20101216,110050,42600,78
MOL,0,20101216,110054,19400,200
BUX1012,0,20101216,110114,21225,10
PANNERGY,0,20101216,110114,889,55
BUX1012,0,20101216,110131,21225,1
BUX1012,0,20101216,110135,21225,4
BUX1112,0,20101216,110135,21825,4
BUX1012,0,20101216,110139,21225,6
BUX1112,0,20101216,110139,21822,6
BUX1012,0,20101216,110141,21225,26
BUX1112,0,20101216,110146,21822.5,1
BUX1112,0,20101216,110146,21822,23
BUX1112,0,20101216,110149,21822,1
OTP,0,20101216,110158,5216,97
BUX1112,0,20101216,110201,21821,5
BUX1112,0,20101216,110201,21821,1
ECONET,0,20101216,110204,91,4880
ECONET,0,20101216,110204,91,7000
ECONET,0,20101216,110204,91,4000
ECONET,0,20101216,110204,91,100
ECONET,0,20101216,110204,91,4020
OTP,0,20101216,110211,5216,100
OTP,0,20101216,110215,5216,303
BUX1012,0,20101216,110216,21230,50
BUX1112,0,20101216,110216,21830,50
EGIS,0,20101216,110216,20300,30
RICHTER,0,20101216,110218,42500,61
MTELEKOM,0,20101216,110225,518,23
OTP,0,20101216,110248,5215,457
OTP,0,20101216,110248,5215,1043
OTP,0,20101216,110251,5215,1197
BUX1012,0,20101216,110316,21235,845
BUX1112,0,20101216,110322,21821,3
ZWACK,0,20101216,110344,13700,65
ZWACK,0,20101216,110346,13605,2
ZWACK,0,20101216,110346,13605,3
ZWACK,0,20101216,110346,13605,10
GENESIS,0,20101216,110351,205,1000
RICHTER,0,20101216,110406,42500,36
EGIS,0,20101216,110446,20300,20
EGIS,0,20101216,110446,20300,200
RFV,0,20101216,110530,8270,200
BUX1012,0,20101216,110553,21250,40
BUX1012,0,20101216,110553,21230,30
RFV,0,20101216,110603,8270,28
RFV,0,20101216,110603,8270,25
OTP,0,20101216,110603,5220,429
OTP,0,20101216,110603,5220,2000
RICHTER,0,20101216,110614,42500,22
RICHTER,0,20101216,110614,42500,71
OTP,0,20101216,110624,5227,40
OTP,0,20101216,110624,5227,500
OTP,0,20101216,110624,5227,145
OTP,0,20101216,110630,5220,1
BUX1112,0,20101216,110640,21821,17
MTELEKOM,0,20101216,110641,518,9751
MTELEKOM,0,20101216,110641,518,441
MTELEKOM,0,20101216,110641,519,1239
BUX1012,0,20101216,110647,21230,28
MOL,0,20101216,110657,19445,300
MOL,0,20101216,110657,19445,95
MOL,0,20101216,110657,19450,150
RFV,0,20101216,110659,8282,2
RFV,0,20101216,110659,8299,5
RFV,0,20101216,110659,8300,93
RFV,0,20101216,110715,8300,7
RFV,0,20101216,110715,8300,23
DANUBIUS,0,20101216,110720,4250,100
RFV,0,20101216,110725,8300,27
RFV,0,20101216,110725,8300,37
BUX1012,0,20101216,110737,21230,100
DANUBIUS,0,20101216,110743,4250,50
MTELEKOM,0,20101216,110748,517,599
MTELEKOM,0,20101216,110748,517,8101
BUX1012,0,20101216,110748,21230,42
BUX1112,0,20101216,110755,21821,10
MOL,0,20101216,110830,19455,80
MOL,0,20101216,110830,19450,120
MTELEKOM,0,20101216,110834,518,200
RFV,0,20101216,110837,8300,25
OTP,0,20101216,110907,5227,100
BUX1112,0,20101216,110918,21821,1
OTP,0,20101216,110929,5220,100
OTP,0,20101216,110933,5220,562
OTP,0,20101216,110933,5220,864
MOL,0,20101216,110937,19455,40
MOL,0,20101216,110937,19450,60
ZWACK,0,20101216,110937,13610,10
ZWACK,0,20101216,110937,13605,25
ZWACK,0,20101216,110937,13600,70
MOL,0,20101216,110947,19450,37
MOL,0,20101216,110947,19450,63
OTP,0,20101216,110957,5217,106
MOL,0,20101216,110958,19450,142
BOOK,0,20101216,111010,485,70
BUX1112,0,20101216,111016,21840,1
BOOK,0,20101216,111025,483,100
ZWACK,0,20101216,111033,13550,10
ZWACK,0,20101216,111033,13545,30
ZWACK,0,20101216,111033,13505,7
ZWACK,0,20101216,111033,13505,7
ZWACK,0,20101216,111033,13500,5
ZWACK,0,20101216,111033,13500,1000
MTELEKOM,0,20101216,111101,518,1550
BOOK,0,20101216,111105,505,1
ECONET,0,20101216,111111,91,380
ECONET,0,20101216,111111,91,1620
ECONET,0,20101216,111128,91,1880
ECONET,0,20101216,111128,91,1000
ECONET,0,20101216,111128,91,3000
ECONET,0,20101216,111128,91,1050
ECONET,0,20101216,111128,91,770
RICHTER,0,20101216,111145,42500,2
MTELEKOM,0,20101216,111201,518,588
OTP,0,20101216,111210,5220,475
OTP,0,20101216,111210,5220,525
BUX1012,0,20101216,111220,21249,1
OTP,0,20101216,111223,5224,10
MOL,0,20101216,111232,19430,500
MTELEKOM,0,20101216,111241,518,862
RFV,0,20101216,111242,8300,11
RFV,0,20101216,111242,8300,83
BUX1112,0,20101216,111245,21850,10
BUX1012,0,20101216,111245,21250,40
BUX1112,0,20101216,111245,21850,40
MTELEKOM,0,20101216,111255,518,138
MTELEKOM,0,20101216,111255,518,762
RFV,0,20101216,111259,8300,17
OTP,0,20101216,111343,5224,30
OTP,0,20101216,111422,5222,100
BUX1012,0,20101216,111429,21249.5,1
OTP,0,20101216,111446,5221,11
OTP,0,20101216,111446,5220,89
OTP,0,20101216,111525,5220,386
OTP,0,20101216,111525,5220,500
OTP,0,20101216,111525,5220,250
AAA,0,20101216,111531,212,2600
AAA,0,20101216,111531,214,5418
AAA,0,20101216,111531,214,1000
BUX1012,0,20101216,111540,21249,1
RFV,0,20101216,111549,8300,4
RFV,0,20101216,111613,8300,96
MOL,0,20101216,111649,19430,22
OTP,0,20101216,111722,5220,864
OTP,0,20101216,111722,5220,153
OTP,0,20101216,111722,5220,983
EGIS,0,20101216,111734,20340,70
EGIS,0,20101216,111734,20345,48
EGIS,0,20101216,111734,20345,35
EGIS,0,20101216,111734,20345,14
OTP,0,20101216,111736,5220,17
OTP,0,20101216,111736,5224,83
BUX1012,0,20101216,111750,21232,3
BUX1012,0,20101216,111750,21232,6
FHB,0,20101216,111805,984,727
FHB,0,20101216,111805,984,165
FHB,0,20101216,111805,985,100
FHB,0,20101216,111805,985,168
FHB,0,20101216,111805,986,156
MTELEKOM,0,20101216,111824,518,3319
FOTEX,0,20101216,111835,402,1000
FOTEX,0,20101216,111835,403,281
RABA,0,20101216,111919,810,5
RABA,0,20101216,111919,810,100
RABA,0,20101216,111919,810,408
MTELEKOM,0,20101216,111946,518,200
RICHTER,0,20101216,111954,42500,11
PHYLAXIA,0,20101216,112002,47,1970
PHYLAXIA,0,20101216,112002,47,3900
PHYLAXIA,0,20101216,112002,47,3740
PHYLAXIA,0,20101216,112002,47,300
PHYLAXIA,0,20101216,112002,47,1000
TVK,0,20101216,112013,3400,8
TVK,0,20101216,112013,3425,54
ORC,0,20101216,112016,1970,50
MOL,0,20101216,112026,19415,200
RICHTER,0,20101216,112036,42500,20
RICHTER,0,20101216,112037,42600,2
RICHTER,0,20101216,112037,42600,92
SYNERGON,0,20101216,112057,490,1
OTP,0,20101216,112101,5220,113
ECONET,0,20101216,112118,90,1
PANNERGY,0,20101216,112121,887,8
PANNERGY,0,20101216,112121,886,28
PANNERGY,0,20101216,112121,886,150
PANNERGY,0,20101216,112121,885,1814
AAA,0,20101216,112142,214,982
ECONET,0,20101216,112155,90,3
BUX1012,0,20101216,112205,21250,4
BUX1112,0,20101216,112205,21850,4
BUX1012,0,20101216,112205,21250,45
BUX1112,0,20101216,112205,21850,45
BUX1012,0,20101216,112205,21250,1
BUX1112,0,20101216,112205,21850,1
PHYLAXIA,0,20101216,112213,47,3066
PANNERGY,0,20101216,112217,885,183
PANNERGY,0,20101216,112217,885,500
PANNERGY,0,20101216,112217,885,56
PANNERGY,0,20101216,112217,883,30
PANNERGY,0,20101216,112217,880,500
PANNERGY,0,20101216,112217,880,5000
PANNERGY,0,20101216,112217,880,96
FHB,0,20101216,112225,980,1
SYNERGON,0,20101216,112241,490,500
MTELEKOM,0,20101216,112253,518,7
OTP,0,20101216,112310,5224,677
OTP,0,20101216,112321,5225,2000
MTELEKOM,0,20101216,112327,518,712
MTELEKOM,0,20101216,112327,518,900
MTELEKOM,0,20101216,112327,518,608
OTP,0,20101216,112329,5225,2000
OTP,0,20101216,112333,5225,6
ORC,0,20101216,112358,1970,20
OTP,0,20101216,112408,5221,6000
GENESIS,0,20101216,112418,205,500
OTP,0,20101216,112530,5225,89
OTP,0,20101216,112630,5227,171
OTP,0,20101216,112630,5229,575
OTP,0,20101216,112630,5229,1000
OTP,0,20101216,112630,5229,740
OTP,0,20101216,112630,5230,4
OTP,0,20101216,112630,5230,40
OTP,0,20101216,112630,5230,100
OTP,0,20101216,112630,5230,1200
OTP,0,20101216,112630,5230,100
OTP,0,20101216,112630,5230,2000
OTP,0,20101216,112630,5230,2
OTP,0,20101216,112630,5230,20
RICHTER,0,20101216,112641,42690,2
RICHTER,0,20101216,112641,42700,5
RICHTER,0,20101216,112641,42700,11
PHYLAXIA,0,20101216,112644,47,1134
PHYLAXIA,0,20101216,112644,48,5866
EGIS,0,20101216,112649,20335,200
OTP,0,20101216,112652,5226,285
BUX1012,0,20101216,112725,21240,1
ECONET,0,20101216,112741,91,1230
ECONET,0,20101216,112741,91,1000
ECONET,0,20101216,112741,91,300
RFV,0,20101216,112755,8305,10
RFV,0,20101216,112755,8300,4
RFV,0,20101216,112755,8300,46
BUX1012,0,20101216,112818,21240,1
OTP,0,20101216,112824,5227,400
OTP,0,20101216,112824,5226,715
OTP,0,20101216,112824,5225,228
OTP,0,20101216,112824,5225,11
OTP,0,20101216,112824,5225,14
OTP,0,20101216,112824,5225,1000
OTP,0,20101216,112824,5222,200
OTP,0,20101216,112824,5222,501
OTP,0,20101216,112824,5221,1000
OTP,0,20101216,112824,5220,931
OTP,0,20101216,112833,5231,100
OTP,0,20101216,112833,5231,21
RFV,0,20101216,112837,8335,24
OTP,0,20101216,112840,5224,1000
RFV,0,20101216,112905,8335,12
BUX1012,0,20101216,112910,21240,1
MTELEKOM,0,20101216,112920,517,991
OTP,0,20101216,112932,5227,400
BUX1012,0,20101216,112940,21232,4
MOL,0,20101216,112947,19420,136
MOL,0,20101216,112947,19420,143
MOL,0,20101216,112947,19435,1000
BUX1112,0,20101216,113020,21850,1
BUX1012,0,20101216,113028,21250,1
BUX1012,0,20101216,113045,21240,1
GENESIS,0,20101216,113104,205,500
ANY,0,20101216,113133,726,100
ANY,0,20101216,113133,725,142
ANY,0,20101216,113133,725,10
ANY,0,20101216,113133,725,248
OTP,0,20101216,113207,5225,486
FOTEX,0,20101216,113226,401,5344
PHYLAXIA,0,20101216,113230,47,3600
ZWACK,0,20101216,113249,13550,5
BOOK,0,20101216,113305,481,130
RFV,0,20101216,113306,8340,100
RFV,0,20101216,113306,8350,45
OTP,0,20101216,113322,5225,14
OTP,0,20101216,113322,5225,87
BUX1112,0,20101216,113329,21849.5,1
BUX1112,0,20101216,113329,21850,1
BUX1012,0,20101216,113329,21250,29
BUX1112,0,20101216,113329,21850,29
BUX1012,0,20101216,113329,21250,19
BUX1112,0,20101216,113329,21850,19
ZWACK,0,20101216,113503,13550,25
BUX1012,0,20101216,113536,21306,1
BUX1112,0,20101216,113536,21906,1
MTELEKOM,0,20101216,113627,517,450
BUX1012,0,20101216,113638,21240,1
MTELEKOM,0,20101216,113721,518,2780
BUX1012,0,20101216,113730,21240,1
RICHTER,0,20101216,113735,42690,18
PHYLAXIA,0,20101216,113753,47,12250
OTP,0,20101216,113808,5226,20
BUX1012,0,20101216,113810,21250,2
BUX1012,0,20101216,113815,21250,1
ZWACK,0,20101216,113902,13500,5
ZWACK,0,20101216,113915,13500,5
ZWACK,0,20101216,113937,13460,7
OTP,0,20101216,113941,5225,200
OTP,0,20101216,114008,5230,21
OTP,0,20101216,114008,5230,65
OTP,0,20101216,114008,5235,114
OTP,0,20101216,114008,5235,43
MTELEKOM,0,20101216,114043,519,100
MOL,0,20101216,114044,19430,500
MOL,0,20101216,114044,19435,500
ECONET,0,20101216,114051,91,11
ZWACK,0,20101216,114054,13455,3
MOL,0,20101216,114100,19430,150
MTELEKOM,0,20101216,114108,519,350
ECONET,0,20101216,114109,91,1
OTP,0,20101216,114115,5235,50
MTELEKOM,0,20101216,114117,519,1550
MTELEKOM,0,20101216,114117,519,200
MTELEKOM,0,20101216,114117,519,578
MTELEKOM,0,20101216,114117,519,800
MTELEKOM,0,20101216,114117,519,1070
MTELEKOM,0,20101216,114117,519,3000
MTELEKOM,0,20101216,114117,519,4022
MTELEKOM,0,20101216,114125,519,416
ECONET,0,20101216,114127,91,10
FOTEX,0,20101216,114153,400,1
GENESIS,0,20101216,114156,205,350
MTELEKOM,0,20101216,114217,518,241
RICHTER,0,20101216,114218,42515,40
RFV,0,20101216,114231,8340,9
RFV,0,20101216,114231,8345,71
RABA,0,20101216,114236,802,1
OTP,0,20101216,114254,5227,5
OTP,0,20101216,114254,5227,20
OTP,0,20101216,114257,5226,500
OTP,0,20101216,114300,5225,113
OTP,0,20101216,114300,5225,1300
OTP,0,20101216,114300,5225,87
ZWACK,0,20101216,114300,13455,2
ZWACK,0,20101216,114300,13410,7
ZWACK,0,20101216,114300,13405,10
ZWACK,0,20101216,114300,13405,15
ZWACK,0,20101216,114300,13400,40
OTP,0,20101216,114315,5225,13
OTP,0,20101216,114315,5225,300
OTP,0,20101216,114315,5225,100
OTP,0,20101216,114323,5224,50
OTP,0,20101216,114323,5223,50
ANY,0,20101216,114323,725,4
OTP,0,20101216,114349,5223,1
MOL,0,20101216,114352,19440,5
OTP,0,20101216,114408,5223,400
TVNETWORK,0,20101216,114428,297,5
BUX1112,0,20101216,114459,21850,1
BUX1112,0,20101216,114525,21830,5
OTP,0,20101216,114534,5225,87
OTP,0,20101216,114537,5227,11
OTP,0,20101216,114545,5225,313
BOOK,0,20101216,114555,483,99
BUX1112,0,20101216,114621,21849.5,1
BUX1112,0,20101216,114621,21850,1
BUX1012,0,20101216,114630,21251,1
BUX1012,0,20101216,114630,21250,2
BUX1012,0,20101216,114630,21250,47
BUX1112,0,20101216,114630,21850,47
BUX1112,0,20101216,114635,21850,1
BOOK,0,20101216,114638,506,1
MTELEKOM,0,20101216,114702,518,59
MTELEKOM,0,20101216,114702,518,1171
MTELEKOM,0,20101216,114707,518,5
BUX1012,0,20101216,114711,21306,30
BUX1112,0,20101216,114711,21905,30
MTELEKOM,0,20101216,114717,518,3100
FHB,0,20101216,114729,981,100
MTELEKOM,0,20101216,114817,518,724
MTELEKOM,0,20101216,114817,518,276
MTELEKOM,0,20101216,114833,518,324
MTELEKOM,0,20101216,114833,518,300
MTELEKOM,0,20101216,114833,518,200
MTELEKOM,0,20101216,114833,518,176
MTELEKOM,0,20101216,114835,518,224
MTELEKOM,0,20101216,114835,518,90
FHB,0,20101216,114847,981,900
RFV,0,20101216,114854,8320,13
RFV,0,20101216,114854,8305,13
RFV,0,20101216,114854,8300,54
OTP,0,20101216,114909,5225,187
PHYLAXIA,0,20101216,114912,48,2800
BUX1012,0,20101216,114925,21306,30
BUX1112,0,20101216,114925,21886,30
BUX1012,0,20101216,114925,21306,21
BUX1112,0,20101216,114925,21881,21
BUX1012,0,20101216,114925,21306,99
BUX1112,0,20101216,114925,21881,99
OTP,0,20101216,114937,5226,25
ORC,0,20101216,114952,1975,30
MTELEKOM,0,20101216,114956,518,510
ECONET,0,20101216,115004,91,200
HUMET,0,20101216,115030,9,2951
HUMET,0,20101216,115030,9,4049
OTP,0,20101216,115033,5225,500
OTP,0,20101216,115047,5225,313
OTP,0,20101216,115047,5225,100
RFV,0,20101216,115115,8300,100
BUX1112,0,20101216,115117,21849.5,1
BUX1112,0,20101216,115117,21850,1
BOOK,0,20101216,115205,483,1
BOOK,0,20101216,115205,483,99
GENESIS,0,20101216,115233,207,300
MTELEKOM,0,20101216,115238,517,200
OTP,0,20101216,115246,5225,1051
MTELEKOM,0,20101216,115325,518,2300
RFV,0,20101216,115339,8345,29
RFV,0,20101216,115339,8350,295
RFV,0,20101216,115339,8350,4
RFV,0,20101216,115339,8350,72
FHB,0,20101216,115358,981,500
FHB,0,20101216,115404,981,500
RFV,0,20101216,115411,8300,120
MTELEKOM,0,20101216,115414,518,1500
MTELEKOM,0,20101216,115428,518,100
MTELEKOM,0,20101216,115428,519,562
MTELEKOM,0,20101216,115428,519,338
EGIS,0,20101216,115437,20330,200
EGIS,0,20101216,115449,20335,50
EGIS,0,20101216,115449,20335,55
MTELEKOM,0,20101216,115514,517,258
MTELEKOM,0,20101216,115514,517,60
MTELEKOM,0,20101216,115514,517,500
MTELEKOM,0,20101216,115514,517,87
RFV,0,20101216,115525,8350,38
RFV,0,20101216,115525,8350,40
RFV,0,20101216,115525,8350,20
ANY,0,20101216,115544,730,700
ZWACK,0,20101216,115548,13475,4
TVK,0,20101216,115655,3380,25
MTELEKOM,0,20101216,115725,519,100
OTP,0,20101216,115747,5225,30
OTP,0,20101216,115750,5225,153
OTP,0,20101216,115750,5226,1247
BUX1012,0,20101216,115757,21244,30
BUX1112,0,20101216,115757,21844,30
BUX1012,0,20101216,115757,21244,20
BUX1112,0,20101216,115757,21844,20
ZWACK,0,20101216,115812,13210,5
ZWACK,0,20101216,115812,13205,10
ZWACK,0,20101216,115812,13205,10
ZWACK,0,20101216,115812,13200,3
MTELEKOM,0,20101216,115906,519,371
RABA,0,20101216,115910,802,999
RABA,0,20101216,115910,801,300
RABA,0,20101216,115910,801,201
OTP,0,20101216,115913,5226,100
BUX1012,0,20101216,115948,21243,3
BUX1112,0,20101216,115955,21840,2
TVK,0,20101216,120023,3370,16
ECONET,0,20101216,120042,91,1248
ECONET,0,20101216,120042,91,5000
ECONET,0,20101216,120042,91,5000
ECONET,0,20101216,120045,91,100
MTELEKOM,0,20101216,120131,518,2050
MTELEKOM,0,20101216,120131,518,1816
MTELEKOM,0,20101216,120131,518,49
MOL,0,20101216,120141,19400,5
MOL,0,20101216,120141,19400,121
MOL,0,20101216,120141,19400,5
MOL,0,20101216,120141,19400,19
MOL,0,20101216,120143,19400,81
MOL,0,20101216,120143,19400,64
MOL,0,20101216,120211,19400,86
RICHTER,0,20101216,120211,42605,60
RICHTER,0,20101216,120211,42605,22
OTP,0,20101216,120211,5223,49
OTP,0,20101216,120211,5223,15
OTP,0,20101216,120211,5223,76
MOL,0,20101216,120217,19380,41
MOL,0,20101216,120217,19380,26
RICHTER,0,20101216,120218,42605,52
BUX1112,0,20101216,120225,21831,2
RICHTER,0,20101216,120225,42605,26
RICHTER,0,20101216,120225,42600,25
OTP,0,20101216,120229,5225,1000
BUX1012,0,20101216,120240,21245,1
BUX1112,0,20101216,120316,21830,10
MTELEKOM,0,20101216,120340,518,1497
MTELEKOM,0,20101216,120340,518,503
OTP,0,20101216,120342,5226,53
BUX1012,0,20101216,120354,21245,2
OTP,0,20101216,120356,5226,150
MTELEKOM,0,20101216,120359,518,200
BUX1012,0,20101216,120400,21245,1
OTP,0,20101216,120433,5226,150
OTP,0,20101216,120439,5226,247
OTP,0,20101216,120439,5226,100
OTP,0,20101216,120439,5223,24
OTP,0,20101216,120439,5223,115
OTP,0,20101216,120439,5222,760
OTP,0,20101216,120439,5222,500
OTP,0,20101216,120439,5221,1000
OTP,0,20101216,120439,5220,1368
OTP,0,20101216,120439,5220,200
OTP,0,20101216,120439,5220,54
OTP,0,20101216,120439,5220,30
OTP,0,20101216,120439,5220,170
OTP,0,20101216,120439,5220,69
OTP,0,20101216,120439,5220,200
BUX1012,0,20101216,120458,21245,6
OTP,0,20101216,120500,5220,163
OTP,0,20101216,120500,5220,50
OTP,0,20101216,120500,5220,287
BUX1112,0,20101216,120503,21830,10
MTELEKOM,0,20101216,120505,518,97
MTELEKOM,0,20101216,120505,518,1903
OTP,0,20101216,120511,5220,713
RFV,0,20101216,120520,8351,5
RFV,0,20101216,120520,8350,2
RFV,0,20101216,120520,8350,12
MTELEKOM,0,20101216,120542,518,641
MTELEKOM,0,20101216,120542,518,1511
MTELEKOM,0,20101216,120542,518,848
BUX1012,0,20101216,120600,21250,2
OTP,0,20101216,120623,5220,264
OTP,0,20101216,120624,5220,23
OTP,0,20101216,120624,5220,1166
OTP,0,20101216,120636,5220,264
OTP,0,20101216,120639,5220,663
OTP,0,20101216,120639,5220,73
OTP,0,20101216,120657,5220,191
OTP,0,20101216,120657,5220,291
OTP,0,20101216,120657,5220,500
DANUBIUS,0,20101216,120716,4200,250
MTELEKOM,0,20101216,120721,518,4152
MTELEKOM,0,20101216,120721,518,848
PANNERGY,0,20101216,120740,880,580
MOL,0,20101216,120756,19385,200
MOL,0,20101216,120756,19385,200
MOL,0,20101216,120756,19385,18
MOL,0,20101216,120823,19385,82
MOL,0,20101216,120823,19385,40
MTELEKOM,0,20101216,120831,518,152
MTELEKOM,0,20101216,120831,518,2848
MTELEKOM,0,20101216,120834,518,152
MOL,0,20101216,120859,19385,50
BUX1112,0,20101216,120957,21847.5,1
BUX1112,0,20101216,120957,21848,2
BUX1112,0,20101216,120957,21849,2
BUX1012,0,20101216,120957,21250,29
BUX1112,0,20101216,120957,21850,29
BUX1012,0,20101216,120957,21250,66
BUX1112,0,20101216,120957,21850,66
BUX1012,0,20101216,121000,21250,5
OTP,0,20101216,121046,5220,18
OTP,0,20101216,121046,5220,982
FOTEX,0,20101216,121055,400,400
BUX1012,0,20101216,121150,21250,5
BUX1012,0,20101216,121150,21245,11
MOL,0,20101216,121158,19395,5
BUX1112,0,20101216,121203,21836,2
BUX1112,0,20101216,121203,21831,2
BUX1112,0,20101216,121203,21830,7
MTELEKOM,0,20101216,121240,518,1000
ZWACK,0,20101216,121243,13400,10
MOL,0,20101216,121246,19385,28
PHYLAXIA,0,20101216,121303,48,206
PHYLAXIA,0,20101216,121303,48,894
MOL,0,20101216,121304,19380,174
MOL,0,20101216,121304,19380,100
BUX1112,0,20101216,121320,21848,2
BUX1112,0,20101216,121320,21860,10
BUX1112,0,20101216,121320,21860,1
BUX1112,0,20101216,121320,21870,1
BUX1112,0,20101216,121320,21870,2
MOL,0,20101216,121321,19380,112
MOL,0,20101216,121321,19380,64
MOL,0,20101216,121326,19380,100
MTELEKOM,0,20101216,121340,518,1000
MTELEKOM,0,20101216,121340,518,1581
MTELEKOM,0,20101216,121340,518,1800
MTELEKOM,0,20101216,121340,518,619
MTELEKOM,0,20101216,121341,518,190
MOL,0,20101216,121342,19380,100
MOL,0,20101216,121342,19380,20
RICHTER,0,20101216,121402,42595,5
RICHTER,0,20101216,121402,42600,1
ECONET,0,20101216,121402,91,10000
MTELEKOM,0,20101216,121424,518,842
MTELEKOM,0,20101216,121424,518,4158
PHYLAXIA,0,20101216,121444,47,10000
FHB,0,20101216,121450,980,499
FHB,0,20101216,121503,980,501
MTELEKOM,0,20101216,121521,518,250
OTP,0,20101216,121549,5226,2
MOL,0,20101216,121556,19385,16
PHYLAXIA,0,20101216,121605,48,2106
PHYLAXIA,0,20101216,121605,48,1000
PHYLAXIA,0,20101216,121605,48,600
PHYLAXIA,0,20101216,121605,48,6294
MOL,0,20101216,121611,19395,32
MTELEKOM,0,20101216,121732,518,592
MTELEKOM,0,20101216,121732,518,13
MTELEKOM,0,20101216,121732,518,1300
MTELEKOM,0,20101216,121732,518,95
PHYLAXIA,0,20101216,121957,47,1000
MTELEKOM,0,20101216,122040,519,1191
MTELEKOM,0,20101216,122040,519,5000
MTELEKOM,0,20101216,122040,519,180
MTELEKOM,0,20101216,122040,519,1627
OTP,0,20101216,122056,5225,482
OTP,0,20101216,122057,5224,570
MTELEKOM,0,20101216,122100,519,3373
MTELEKOM,0,20101216,122100,519,1627
BUX1012,0,20101216,122108,21242,3
OTP,0,20101216,122128,5220,18
OTP,0,20101216,122128,5220,27
RICHTER,0,20101216,122218,42530,3
RICHTER,0,20101216,122228,42505,50
RICHTER,0,20101216,122234,42500,2
RICHTER,0,20101216,122244,42500,98
RICHTER,0,20101216,122244,42500,1
RICHTER,0,20101216,122244,42500,1
RICHTER,0,20101216,122310,42500,1
RICHTER,0,20101216,122310,42500,99
MTELEKOM,0,20101216,122314,518,862
RICHTER,0,20101216,122402,42505,7
BUX1012,0,20101216,122544,21306,50
BUX1112,0,20101216,122544,21901,50
BUX1012,0,20101216,122544,21306,25
BUX1112,0,20101216,122544,21906,25
BUX1012,0,20101216,122544,21306,200
BUX1112,0,20101216,122544,21906,200
BUX1012,0,20101216,122544,21306,25
BUX1112,0,20101216,122544,21906,25
EGIS,0,20101216,122553,20335,200
BUX1012,0,20101216,122630,21260,100
MTELEKOM,0,20101216,122646,519,2573
MTELEKOM,0,20101216,122646,519,200
MTELEKOM,0,20101216,122646,519,1990
MTELEKOM,0,20101216,122646,519,440
MTELEKOM,0,20101216,122646,519,1485
RICHTER,0,20101216,122646,42595,14
RICHTER,0,20101216,122646,42600,48
RICHTER,0,20101216,122646,42600,9
MTELEKOM,0,20101216,122647,518,500
RFV,0,20101216,122649,8350,14
RFV,0,20101216,122649,8350,3
RFV,0,20101216,122649,8390,5
RFV,0,20101216,122649,8400,3
RFV,0,20101216,122649,8400,5
MTELEKOM,0,20101216,122712,519,2500
ZWACK,0,20101216,122730,13300,4
MTELEKOM,0,20101216,122731,519,500
MTELEKOM,0,20101216,122814,519,1110
OTP,0,20101216,122829,5222,10
ZWACK,0,20101216,122856,13300,1
ZWACK,0,20101216,122856,13300,10
MTELEKOM,0,20101216,122859,519,410
MTELEKOM,0,20101216,122859,519,1590
BUX1012,0,20101216,122908,21306,75
BUX1112,0,20101216,122908,21906,75
MTELEKOM,0,20101216,122930,519,226
MTELEKOM,0,20101216,122930,519,1649
GENESIS,0,20101216,122933,207,100
OTP,0,20101216,122948,5226,2
MTELEKOM,0,20101216,122952,519,600
RICHTER,0,20101216,122954,42690,32
RICHTER,0,20101216,122954,42695,3
RICHTER,0,20101216,122954,42695,8
RICHTER,0,20101216,123000,42695,89
MTELEKOM,0,20101216,123028,519,193
RFV,0,20101216,123058,8395,7
RFV,0,20101216,123058,8400,20
RFV,0,20101216,123058,8400,25
RFV,0,20101216,123058,8400,50
RFV,0,20101216,123058,8400,300
RFV,0,20101216,123058,8400,7
PHYLAXIA,0,20101216,123102,48,1
OTP,0,20101216,123102,5225,220
PHYLAXIA,0,20101216,123120,47,1
RFV,0,20101216,123156,8410,20
RFV,0,20101216,123222,8400,31
RFV,0,20101216,123352,8350,7
BUX1112,0,20101216,123419,21869.5,1
RFV,0,20101216,123439,8350,3
RFV,0,20101216,123439,8400,1
PHYLAXIA,0,20101216,123502,48,1
ECONET,0,20101216,123549,91,10000
OTP,0,20101216,123614,5225,200
OTP,0,20101216,123614,5225,100
ZWACK,0,20101216,123713,13260,7
ZWACK,0,20101216,123713,13260,10
ZWACK,0,20101216,123713,13215,10
ZWACK,0,20101216,123713,13210,7
ZWACK,0,20101216,123713,13205,10
ZWACK,0,20101216,123713,13200,17
ZWACK,0,20101216,123713,13200,10
PHYLAXIA,0,20101216,123747,47,3149
PHYLAXIA,0,20101216,123747,47,2300
PHYLAXIA,0,20101216,123747,47,1200
PHYLAXIA,0,20101216,123747,47,951
PANNERGY,0,20101216,123751,887,140
PANNERGY,0,20101216,123751,888,61
PANNERGY,0,20101216,123751,888,200
PANNERGY,0,20101216,123751,889,25
PANNERGY,0,20101216,123751,889,100
PANNERGY,0,20101216,123751,890,385
PANNERGY,0,20101216,123751,890,1000
PANNERGY,0,20101216,123805,890,929
BUX1012,0,20101216,123807,21260,50
BUX1112,0,20101216,123807,21860,50
MOL,0,20101216,123812,19380,49
ZWACK,0,20101216,123813,13160,20
ZWACK,0,20101216,123813,13150,20
ZWACK,0,20101216,123813,13105,10
ZWACK,0,20101216,123813,13100,30
ZWACK,0,20101216,123813,13100,7
ZWACK,0,20101216,123813,13020,5
ZWACK,0,20101216,123813,13015,20
ZWACK,0,20101216,123813,13015,40
ZWACK,0,20101216,123813,13000,20
ZWACK,0,20101216,123813,13000,100
ZWACK,0,20101216,123813,13000,40
ZWACK,0,20101216,123813,13000,100
MOL,0,20101216,123856,19395,14
PHYLAXIA,0,20101216,123935,47,1
PHYLAXIA,0,20101216,123935,47,548
PHYLAXIA,0,20101216,123935,47,5500
OTP,0,20101216,123939,5220,20
OTP,0,20101216,123942,5220,100
OTP,0,20101216,123945,5220,60
OTP,0,20101216,124004,5225,164
OTP,0,20101216,124004,5225,500
OTP,0,20101216,124004,5225,100
OTP,0,20101216,124056,5220,5
ZWACK,0,20101216,124058,13245,5
BUX1012,0,20101216,124120,21245,1
BUX1012,0,20101216,124120,21245,49
BUX1112,0,20101216,124120,21845,49
MTELEKOM,0,20101216,124149,519,1000
DANUBIUS,0,20101216,124215,4245,75
DANUBIUS,0,20101216,124215,4250,94
DANUBIUS,0,20101216,124215,4250,315
RICHTER,0,20101216,124224,42415,2
PHYLAXIA,0,20101216,124235,47,1952
RICHTER,0,20101216,124235,42410,40
MTELEKOM,0,20101216,124329,519,1700
PHYLAXIA,0,20101216,124336,47,1000
BUX1112,0,20101216,124357,21850,1
TVK,0,20101216,124406,3370,24
RFV,0,20101216,124408,8400,12
MTELEKOM,0,20101216,124452,519,632
MTELEKOM,0,20101216,124452,519,866
MTELEKOM,0,20101216,124452,519,902
LINAMAR,0,20101216,124518,2570,66
OTP,0,20101216,124524,5225,543
OTP,0,20101216,124524,5225,500
OTP,0,20101216,124524,5225,260
EGIS,0,20101216,124532,20300,3
OTP,0,20101216,124541,5225,100
MTELEKOM,0,20101216,124543,518,200
MTELEKOM,0,20101216,124548,519,1098
MTELEKOM,0,20101216,124550,519,301
OTP,0,20101216,124556,5224,110
OTP,0,20101216,124607,5222,100
BUX1112,0,20101216,124634,21869.5,1
BUX1012,0,20101216,124807,21274,4
BUX1112,0,20101216,124807,21850,4
BUX1012,0,20101216,124807,21306,1
BUX1112,0,20101216,124807,21881,1
BUX1012,0,20101216,124807,21306,5
BUX1112,0,20101216,124807,21881,5
RFV,0,20101216,124825,8380,50
BUX1012,0,20101216,124839,21243,1
MTELEKOM,0,20101216,124847,520,100
MTELEKOM,0,20101216,124847,520,300
MTELEKOM,0,20101216,124847,520,20
MTELEKOM,0,20101216,124847,520,109
BUX1012,0,20101216,124900,21243,3
BUX1012,0,20101216,124900,21242,10
BUX1012,0,20101216,124900,21241,1
BUX1012,0,20101216,124900,21241,6
RICHTER,0,20101216,124929,42650,3
MTELEKOM,0,20101216,124957,520,1000
OTP,0,20101216,125018,5225,900
OTP,0,20101216,125018,5225,1000
OTP,0,20101216,125043,5226,40
MTELEKOM,0,20101216,125057,520,1891
MTELEKOM,0,20101216,125057,520,20
MTELEKOM,0,20101216,125057,520,1432
MTELEKOM,0,20101216,125100,519,740
PANNERGY,0,20101216,125103,890,500
MTELEKOM,0,20101216,125103,520,5000
OTP,0,20101216,125106,5225,600
MTELEKOM,0,20101216,125109,520,3568
MTELEKOM,0,20101216,125109,520,440
MTELEKOM,0,20101216,125109,520,992
MTELEKOM,0,20101216,125132,520,8
MTELEKOM,0,20101216,125132,520,2000
MTELEKOM,0,20101216,125132,520,500
MTELEKOM,0,20101216,125132,520,500
MTELEKOM,0,20101216,125132,520,400
MTELEKOM,0,20101216,125132,520,100
MTELEKOM,0,20101216,125132,520,371
OTP,0,20101216,125141,5225,400
OTP,0,20101216,125219,5223,15
FOTEX,0,20101216,125222,402,300
HUMET,0,20101216,125243,10,1
OTP,0,20101216,125243,5225,285
MTELEKOM,0,20101216,125315,520,1534
OTP,0,20101216,125322,5227,296
OTP,0,20101216,125322,5230,200
OTP,0,20101216,125322,5230,1000
OTP,0,20101216,125322,5230,535
OTP,0,20101216,125322,5230,1000
PANNERGY,0,20101216,125323,883,265
RFV,0,20101216,125431,8399,30
BUX1012,0,20101216,125444,21273,2
BUX1012,0,20101216,125444,21274,6
BUX1012,0,20101216,125444,21275,2
MTELEKOM,0,20101216,125507,519,923
MTELEKOM,0,20101216,125507,519,1000
MTELEKOM,0,20101216,125507,519,77
ZWACK,0,20101216,125513,13200,7
BUX1012,0,20101216,125520,21265,1
BUX1112,0,20101216,125520,21865,1
BUX1112,0,20101216,125533,21870,8
BUX1112,0,20101216,125533,21870,1
BUX1112,0,20101216,125533,21880,1
RFV,0,20101216,125600,8399,5
RFV,0,20101216,125600,8399,30
RFV,0,20101216,125600,8400,165
ECONET,0,20101216,125612,91,5000
MTELEKOM,0,20101216,125614,520,4000
BUX1112,0,20101216,125632,21880,2
BUX1112,0,20101216,125632,21880,1
BUX1112,0,20101216,125632,21880,1
RFV,0,20101216,125638,8400,94
ZWACK,0,20101216,125644,13200,68
MTELEKOM,0,20101216,125658,519,1472
MTELEKOM,0,20101216,125658,519,400
MTELEKOM,0,20101216,125658,519,1128
OTP,0,20101216,125713,5230,10
BUX1012,0,20101216,125732,21265,5
BUX1012,0,20101216,125732,21265,49
BUX1112,0,20101216,125732,21865,49
BUX1112,0,20101216,125742,21880,2
MTELEKOM,0,20101216,125749,520,683
BUX1012,0,20101216,125750,21263,20
BUX1012,0,20101216,125750,21262,5
BUX1012,0,20101216,125758,21250,20
BUX1112,0,20101216,125758,21866,20
BUX1012,0,20101216,125758,21250,10
BUX1112,0,20101216,125758,21865,10
OTP,0,20101216,125802,5235,500
OTP,0,20101216,125802,5235,20
OTP,0,20101216,125802,5235,1000
OTP,0,20101216,125802,5239,232
BUX1012,0,20101216,125805,21250,6
PHYLAXIA,0,20101216,125809,47,1048
RICHTER,0,20101216,125813,42645,1
RICHTER,0,20101216,125813,42645,71
RICHTER,0,20101216,125813,42650,63
MOL,0,20101216,125819,19380,31
MOL,0,20101216,125819,19380,5
MOL,0,20101216,125819,19380,59
MTELEKOM,0,20101216,125825,520,6477
MOL,0,20101216,125835,19395,149
MOL,0,20101216,125835,19400,200
ECONET,0,20101216,125841,90,1000
OTP,0,20101216,125850,5235,1000
OTP,0,20101216,125852,5239,700
EGIS,0,20101216,125852,20300,10
EGIS,0,20101216,125852,20330,41
ZWACK,0,20101216,125853,13180,5
ZWACK,0,20101216,125853,13180,95
MOL,0,20101216,125856,19400,83
OTP,0,20101216,125857,5231,12
PHYLAXIA,0,20101216,125901,47,3952
FOTEX,0,20101216,125911,403,19
FOTEX,0,20101216,125911,403,377
EGIS,0,20101216,125912,20300,200
OTP,0,20101216,125928,5235,500
OTP,0,20101216,125928,5239,68
OTP,0,20101216,125928,5239,540
TVK,0,20101216,125931,3400,19
RFV,0,20101216,125940,8410,10
BUX1012,0,20101216,125954,21245,1
BUX1012,0,20101216,125954,21240,1
BUX1012,0,20101216,125954,21240,3
BUX1012,0,20101216,125954,21240,1
BUX1012,0,20101216,130008,21236,19
BUX1012,0,20101216,130008,21236,2
BUX1012,0,20101216,130008,21235,25
BUX1012,0,20101216,130019,21235,1
BUX1012,0,20101216,130021,21235,20
OTP,0,20101216,130023,5239,55
ZWACK,0,20101216,130025,13335,31
BUX1012,0,20101216,130036,21230,24
BUX1012,0,20101216,130036,21230,1
BUX1112,0,20101216,130036,21850.5,1
BUX1012,0,20101216,130036,21230,2
BUX1112,0,20101216,130036,21850,2
BUX1012,0,20101216,130036,21230,18
BUX1112,0,20101216,130036,21849,18
BUX1112,0,20101216,130037,21880,1
BUX1112,0,20101216,130037,21885,2
BUX1112,0,20101216,130050,21885,8
BUX1012,0,20101216,130050,21235,2
BUX1112,0,20101216,130050,21885,2
BUX1012,0,20101216,130050,21248,3
BUX1112,0,20101216,130050,21885,3
BUX1112,0,20101216,130109,21888,10
BUX1112,0,20101216,130116,21890,4
OTP,0,20101216,130122,5231,60
MOL,0,20101216,130153,19400,200
MOL,0,20101216,130158,19400,200
MOL,0,20101216,130206,19400,17
MOL,0,20101216,130206,19400,200
MTELEKOM,0,20101216,130235,520,200
RABA,0,20101216,130243,808,250
MTELEKOM,0,20101216,130307,519,250
FOTEX,0,20101216,130412,400,99
FOTEX,0,20101216,130412,400,500
FOTEX,0,20101216,130412,400,49401
DANUBIUS,0,20101216,130423,4200,10
FOTEX,0,20101216,130424,400,500
FOTEX,0,20101216,130426,400,99
DANUBIUS,0,20101216,130434,4200,17
DANUBIUS,0,20101216,130444,4200,18
FOTEX,0,20101216,130459,400,500
GENESIS,0,20101216,130521,208,600
OTP,0,20101216,130712,5231,28
OTP,0,20101216,130712,5231,73
OTP,0,20101216,130712,5231,100
OTP,0,20101216,130712,5231,100
OTP,0,20101216,130712,5231,11
OTP,0,20101216,130712,5231,100
OTP,0,20101216,130712,5230,488
OTP,0,20101216,130726,5238,208
OTP,0,20101216,130734,5230,1002
OTP,0,20101216,130734,5230,998
OTP,0,20101216,130806,5230,2
OTP,0,20101216,130806,5230,11
OTP,0,20101216,130806,5230,37
RFV,0,20101216,130810,8400,6
RFV,0,20101216,130810,8400,34
OTP,0,20101216,130820,5230,63
RICHTER,0,20101216,130842,42500,10
MOL,0,20101216,130911,19400,46
PHYLAXIA,0,20101216,130917,47,1304
FHB,0,20101216,131001,980,109
FHB,0,20101216,131001,980,391
FHB,0,20101216,131003,980,109
BUX1112,0,20101216,131005,21868.5,1
BUX1112,0,20101216,131005,21869,2
BUX1112,0,20101216,131005,21890,1
BUX1112,0,20101216,131005,21895,2
BUX1012,0,20101216,131005,21245,22
BUX1112,0,20101216,131005,21895,22
BUX1012,0,20101216,131005,21249,1
BUX1112,0,20101216,131005,21895,1
BUX1012,0,20101216,131005,21249,1
BUX1112,0,20101216,131005,21895,1
BUX1012,0,20101216,131005,21249,20
BUX1112,0,20101216,131005,21895,20
MTELEKOM,0,20101216,131010,519,150
MTELEKOM,0,20101216,131010,519,50
OTP,0,20101216,131014,5230,200
RFV,0,20101216,131017,8400,100
BUX1012,0,20101216,131018,21249,6
MOL,0,20101216,131019,19400,31
BUX1012,0,20101216,131031,21233,4
BUX1012,0,20101216,131031,21232,2
BUX1012,0,20101216,131031,21230,1
BUX1012,0,20101216,131031,21230,2
BUX1112,0,20101216,131031,21860,2
BUX1012,0,20101216,131031,21230,1
BUX1112,0,20101216,131031,21851,1
BUX1012,0,20101216,131031,21230,1
BUX1112,0,20101216,131031,21850.5,1
BUX1012,0,20101216,131040,21227.5,20
BUX1012,0,20101216,131043,21227,5
BUX1012,0,20101216,131043,21226,20
BUX1012,0,20101216,131043,21226,2
BUX1012,0,20101216,131043,21226,2
BUX1012,0,20101216,131043,21226,2
BUX1012,0,20101216,131043,21225,2
BUX1112,0,20101216,131110,21839,2
BUX1112,0,20101216,131110,21839,4
MTELEKOM,0,20101216,131115,520,1596
MOL,0,20101216,131117,19435,41
ZWACK,0,20101216,131128,13355,1
ZWACK,0,20101216,131132,13300,30
OTP,0,20101216,131144,5225,130
FHB,0,20101216,131230,979,1600
ZWACK,0,20101216,131231,13300,10
RFV,0,20101216,131316,8410,4
RFV,0,20101216,131329,8400,91
RFV,0,20101216,131329,8400,9
MTELEKOM,0,20101216,131348,519,550
MTELEKOM,0,20101216,131348,519,332
OTP,0,20101216,131403,5230,237
OTP,0,20101216,131403,5230,216
OTP,0,20101216,131403,5234,456
OTP,0,20101216,131403,5235,91
HUMET,0,20101216,131455,9,1100
OTP,0,20101216,131502,5226,169
MTELEKOM,0,20101216,131518,520,139
MTELEKOM,0,20101216,131518,520,1000
MTELEKOM,0,20101216,131518,520,124
MOL,0,20101216,131552,19400,183
MOL,0,20101216,131552,19400,141
MOL,0,20101216,131552,19400,100
MOL,0,20101216,131552,19400,76
OTP,0,20101216,131557,5225,100
BUX1112,0,20101216,131603,21888.5,1
BUX1012,0,20101216,131603,21234,5
BUX1112,0,20101216,131603,21888.5,5
BUX1012,0,20101216,131603,21234,3
BUX1112,0,20101216,131603,21888.5,3
BUX1012,0,20101216,131603,21234,22
BUX1112,0,20101216,131603,21888.5,22
BUX1012,0,20101216,131603,21259,2
BUX1112,0,20101216,131603,21888.5,2
FOTEX,0,20101216,131615,399,125
FOTEX,0,20101216,131615,399,200
FOTEX,0,20101216,131615,398,675
FOTEX,0,20101216,131618,398,1425
BUX1012,0,20101216,131621,21250,12
BUX1112,0,20101216,131621,21888.5,12
