<TICKER>,<PER>,<DTYYYYMMDD>,<TIME>,<CLOSE>,<VOLUME>
BUX1012,0,20101202,090028,21300,1
BUX1012,0,20101202,090028,21300,1
BUX1012,0,20101202,090028,21300,1
BUX1012,0,20101202,090028,21300,1
BUX1012,0,20101202,090028,21300,1
BUX1012,0,20101202,090028,21300,47
BUX1012,0,20101202,090028,21300,3
BUX1012,0,20101202,090028,21300,1
BUX1012,0,20101202,090028,21300,13
BUX1012,0,20101202,090028,21300,1
BUX1012,0,20101202,090028,21300,1
BUX1012,0,20101202,090028,21300,2
BUX1012,0,20101202,090028,21300,1
BUX1012,0,20101202,090028,21300,10
BUX1012,0,20101202,090028,21300,5
BUX1012,0,20101202,090028,21300,1
BUX1012,0,20101202,090028,21300,34
BUX1012,0,20101202,090028,21300,16
BUX1012,0,20101202,090028,21300,2
BUX1012,0,20101202,090028,21300,8
BUX1012,0,20101202,090028,21300,4
BUX1012,0,20101202,090028,21300,1
BUX1012,0,20101202,090028,21300,19
ANY,0,20101202,090047,718,150
ANY,0,20101202,090047,718,100
ANY,0,20101202,090047,718,1000
ANY,0,20101202,090047,718,90
ANY,0,20101202,090047,718,100
ANY,0,20101202,090047,718,200
ANY,0,20101202,090047,718,100
ANY,0,20101202,090047,718,1600
ANY,0,20101202,090047,718,100
ANY,0,20101202,090047,718,148
ANY,0,20101202,090047,718,750
ANY,0,20101202,090047,718,262
BOOK,0,20101202,090047,490,200
EGIS,0,20101202,090047,19250,6
EGIS,0,20101202,090047,19250,4
FHB,0,20101202,090047,990,300
FHB,0,20101202,090047,990,100
FHB,0,20101202,090047,990,400
FHB,0,20101202,090047,990,100
FHB,0,20101202,090047,990,50
FHB,0,20101202,090047,990,100
FHB,0,20101202,090047,990,50
FHB,0,20101202,090047,990,650
FHB,0,20101202,090047,990,1000
FOTEX,0,20101202,090047,402,750
FOTEX,0,20101202,090047,402,1200
FOTEX,0,20101202,090047,402,181
FOTEX,0,20101202,090047,402,1250
FOTEX,0,20101202,090047,402,180
GENESIS,0,20101202,090047,260,50
HUMET,0,20101202,090047,9,3000
HUMET,0,20101202,090047,9,6444
HUMET,0,20101202,090047,9,26556
HUMET,0,20101202,090047,9,52000
HUMET,0,20101202,090047,9,21444
HUMET,0,20101202,090047,9,6556
HUMET,0,20101202,090047,9,3444
HUMET,0,20101202,090047,9,9000
HUMET,0,20101202,090047,9,4000
HUMET,0,20101202,090047,9,22556
HUMET,0,20101202,090047,9,10444
HUMET,0,20101202,090047,9,780
HUMET,0,20101202,090047,9,14776
HUMET,0,20101202,090047,9,35000
HUMET,0,20101202,090047,9,40000
KEG,0,20101202,090047,165,200
KEG,0,20101202,090047,165,600
KEG,0,20101202,090047,165,200
KEG,0,20101202,090047,165,1300
KEG,0,20101202,090047,165,3700
KEG,0,20101202,090047,165,1000
KEG,0,20101202,090047,165,300
KEG,0,20101202,090047,165,1000
KEG,0,20101202,090047,165,2000
KEG,0,20101202,090047,165,500
KEG,0,20101202,090047,165,1000
KEG,0,20101202,090047,165,250
KEG,0,20101202,090047,165,150
KEG,0,20101202,090047,165,200
KEG,0,20101202,090047,165,100
KEG,0,20101202,090047,165,100
KEG,0,20101202,090047,165,290
KEG,0,20101202,090047,165,700
KEG,0,20101202,090047,165,1000
KEG,0,20101202,090047,165,800
KEG,0,20101202,090047,165,5000
KEG,0,20101202,090047,165,1000
KEG,0,20101202,090047,165,443
KEG,0,20101202,090047,165,1610
KEG,0,20101202,090047,165,300
KEG,0,20101202,090047,165,500
KEG,0,20101202,090047,165,1200
KEG,0,20101202,090047,165,4000
KEG,0,20101202,090047,165,500
KEG,0,20101202,090047,165,2000
KEG,0,20101202,090047,165,57
MOL,0,20101202,090047,19050,12
MOL,0,20101202,090047,19050,21
MOL,0,20101202,090047,19050,30
MOL,0,20101202,090047,19050,10
MOL,0,20101202,090047,19050,5
MOL,0,20101202,090047,19050,5
MOL,0,20101202,090047,19050,20
MOL,0,20101202,090047,19050,10
MOL,0,20101202,090047,19050,5
MOL,0,20101202,090047,19050,5
MOL,0,20101202,090047,19050,50
MOL,0,20101202,090047,19050,139
MOL,0,20101202,090047,19050,111
MOL,0,20101202,090047,19050,50
MOL,0,20101202,090047,19050,39
MOL,0,20101202,090047,19050,10
MOL,0,20101202,090047,19050,1
MOL,0,20101202,090047,19050,15
MOL,0,20101202,090047,19050,35
MOL,0,20101202,090047,19050,65
MOL,0,20101202,090047,19050,90
MOL,0,20101202,090047,19050,81
MOL,0,20101202,090047,19050,5
MOL,0,20101202,090047,19050,5
MOL,0,20101202,090047,19050,6
MOL,0,20101202,090047,19050,248
MOL,0,20101202,090047,19050,2
MOL,0,20101202,090047,19050,150
MTELEKOM,0,20101202,090047,553,40
MTELEKOM,0,20101202,090047,553,660
MTELEKOM,0,20101202,090047,553,1340
MTELEKOM,0,20101202,090047,553,660
MTELEKOM,0,20101202,090047,553,340
MTELEKOM,0,20101202,090047,553,660
MTELEKOM,0,20101202,090047,553,1140
MTELEKOM,0,20101202,090047,553,560
MTELEKOM,0,20101202,090047,553,540
MTELEKOM,0,20101202,090047,553,660
MTELEKOM,0,20101202,090047,553,500
MTELEKOM,0,20101202,090047,553,13840
MTELEKOM,0,20101202,090047,553,2000
OTP,0,20101202,090047,5215,17
OTP,0,20101202,090047,5215,173
OTP,0,20101202,090047,5215,30
OTP,0,20101202,090047,5215,237
OTP,0,20101202,090047,5215,190
OTP,0,20101202,090047,5215,10
OTP,0,20101202,090047,5215,200
OTP,0,20101202,090047,5215,17
OTP,0,20101202,090047,5215,25
OTP,0,20101202,090047,5215,200
OTP,0,20101202,090047,5215,1000
OTP,0,20101202,090047,5215,25
OTP,0,20101202,090047,5215,96
OTP,0,20101202,090047,5215,304
OTP,0,20101202,090047,5215,30
OTP,0,20101202,090047,5215,1000
OTP,0,20101202,090047,5215,666
OTP,0,20101202,090047,5215,150
OTP,0,20101202,090047,5215,387
OTP,0,20101202,090047,5215,13
OTP,0,20101202,090047,5215,25
OTP,0,20101202,090047,5215,102
OTP,0,20101202,090047,5215,100
OTP,0,20101202,090047,5215,198
OTP,0,20101202,090047,5215,300
OTP,0,20101202,090047,5215,14
OTP,0,20101202,090047,5215,250
OTP,0,20101202,090047,5215,15
OTP,0,20101202,090047,5215,1000
OTP,0,20101202,090047,5215,100
OTP,0,20101202,090047,5215,100
OTP,0,20101202,090047,5215,23
OTP,0,20101202,090047,5215,4
OTP,0,20101202,090047,5215,5
OTP,0,20101202,090047,5215,25
OTP,0,20101202,090047,5215,15
OTP,0,20101202,090047,5215,20
OTP,0,20101202,090047,5215,81
OTP,0,20101202,090047,5215,19
OTP,0,20101202,090047,5215,50
OTP,0,20101202,090047,5215,13
OTP,0,20101202,090047,5215,15
OTP,0,20101202,090047,5215,25
OTP,0,20101202,090047,5215,878
OTP,0,20101202,090047,5215,1400
OTP,0,20101202,090047,5215,20
OTP,0,20101202,090047,5215,10
OTP,0,20101202,090047,5215,82
OTP,0,20101202,090047,5215,110
OTP,0,20101202,090047,5215,21
OTP,0,20101202,090047,5215,24
OTP,0,20101202,090047,5215,200
OTP,0,20101202,090047,5215,12
OTP,0,20101202,090047,5215,50
OTP,0,20101202,090047,5215,500
OTP,0,20101202,090047,5215,345
OTP,0,20101202,090047,5215,25
OTP,0,20101202,090047,5215,174
OTP,0,20101202,090047,5215,34
OTP,0,20101202,090047,5215,25
OTP,0,20101202,090047,5215,67
OTP,0,20101202,090047,5215,8
OTP,0,20101202,090047,5215,9
OTP,0,20101202,090047,5215,71
OTP,0,20101202,090047,5215,37
OTP,0,20101202,090047,5215,50
OTP,0,20101202,090047,5215,842
OTP,0,20101202,090047,5215,158
OTP,0,20101202,090047,5215,220
OTP,0,20101202,090047,5215,20
OTP,0,20101202,090047,5215,75
OTP,0,20101202,090047,5215,1000
OTP,0,20101202,090047,5215,5
OTP,0,20101202,090047,5215,102
OTP,0,20101202,090047,5215,529
OTP,0,20101202,090047,5215,10
OTP,0,20101202,090047,5215,97
OTP,0,20101202,090047,5215,2942
OTP,0,20101202,090047,5215,100
OTP,0,20101202,090047,5215,1958
OTP,0,20101202,090047,5215,300
OTP,0,20101202,090047,5215,26
OTP,0,20101202,090047,5215,137
OTP,0,20101202,090047,5215,20
OTP,0,20101202,090047,5215,13
OTP,0,20101202,090047,5215,49
OTP,0,20101202,090047,5215,200
OTP,0,20101202,090047,5215,100
PANNERGY,0,20101202,090047,890,100
PANNERGY,0,20101202,090047,890,900
PANNERGY,0,20101202,090047,890,100
PANNERGY,0,20101202,090047,890,100
PANNERGY,0,20101202,090047,890,100
PANNERGY,0,20101202,090047,890,100
PANNERGY,0,20101202,090047,890,50
PANNERGY,0,20101202,090047,890,50
PANNERGY,0,20101202,090047,890,200
PANNERGY,0,20101202,090047,890,300
PANNERGY,0,20101202,090047,890,100
PANNERGY,0,20101202,090047,890,250
PANNERGY,0,20101202,090047,890,250
PANNERGY,0,20101202,090047,890,200
PHYLAXIA,0,20101202,090047,45,1200
PHYLAXIA,0,20101202,090047,45,10000
PHYLAXIA,0,20101202,090047,45,1000
PHYLAXIA,0,20101202,090047,45,9200
PHYLAXIA,0,20101202,090047,45,3000
RABA,0,20101202,090047,831,121
RABA,0,20101202,090047,831,179
RABA,0,20101202,090047,831,131
RABA,0,20101202,090047,831,69
RABA,0,20101202,090047,831,22
RFV,0,20101202,090047,7799,4
RFV,0,20101202,090047,7799,3
RICHTER,0,20101202,090047,44895,12
RICHTER,0,20101202,090047,44895,38
RICHTER,0,20101202,090047,44895,62
OTP,0,20101202,090200,5219,3000
OTP,0,20101202,090200,5220,6
OTP,0,20101202,090200,5220,30
OTP,0,20101202,090200,5220,100
OTP,0,20101202,090200,5220,100
OTP,0,20101202,090200,5220,1000
BUX1012,0,20101202,090202,21300,1
BUX1012,0,20101202,090202,21300,2
BUX1012,0,20101202,090204,21300,1
OTP,0,20101202,090204,5221,50
FOTEX,0,20101202,090204,403,1695
BUX1012,0,20101202,090205,21300,1
BUX1012,0,20101202,090205,21320,10
BUX1012,0,20101202,090205,21320,100
BUX1012,0,20101202,090205,21330,5
BUX1012,0,20101202,090205,21330,1
BUX1012,0,20101202,090205,21330,5
BUX1012,0,20101202,090205,21332,40
BUX1012,0,20101202,090205,21333,1
BUX1012,0,20101202,090205,21338,7
BUX1012,0,20101202,090205,21251,1
OTP,0,20101202,090208,5222,100
OTP,0,20101202,090208,5223,38
OTP,0,20101202,090208,5224,80
OTP,0,20101202,090208,5225,400
OTP,0,20101202,090208,5225,20
OTP,0,20101202,090208,5225,362
OTP,0,20101202,090210,5220,8
MOL,0,20101202,090211,19085,10
BUX1012,0,20101202,090212,21330,1
OTP,0,20101202,090213,5220,100
BUX1012,0,20101202,090213,21337,10
FOTEX,0,20101202,090214,405,250
FOTEX,0,20101202,090214,405,130
BUX1012,0,20101202,090214,21337,1
BUX1012,0,20101202,090214,21330,12
MOL,0,20101202,090215,19085,40
MOL,0,20101202,090215,19090,100
MOL,0,20101202,090215,19100,6
MOL,0,20101202,090215,19100,8
MOL,0,20101202,090215,19100,225
MOL,0,20101202,090215,19100,5
MOL,0,20101202,090215,19120,4
MOL,0,20101202,090215,19150,1
BUX1012,0,20101202,090215,21330,1
BUX1012,0,20101202,090217,21330,12
BUX1012,0,20101202,090217,21338,18
OTP,0,20101202,090218,5222,400
OTP,0,20101202,090218,5220,600
RABA,0,20101202,090219,834,105
OTP,0,20101202,090219,5225,100
ECONET,0,20101202,090221,96,515
OTP,0,20101202,090222,5220,56
OTP,0,20101202,090222,5220,100
OTP,0,20101202,090222,5220,44
OTP,0,20101202,090223,5220,56
OTP,0,20101202,090223,5220,144
OTP,0,20101202,090224,5225,410
RICHTER,0,20101202,090224,44610,2
RICHTER,0,20101202,090224,44610,23
RICHTER,0,20101202,090224,44605,20
OTP,0,20101202,090224,5220,156
OTP,0,20101202,090224,5219,94
BUX1012,0,20101202,090225,21338,10
BUX1012,0,20101202,090228,21338,10
MTELEKOM,0,20101202,090230,553,1250
OTP,0,20101202,090230,5220,20
OTP,0,20101202,090230,5220,10
OTP,0,20101202,090230,5219,206
OTP,0,20101202,090230,5215,197
OTP,0,20101202,090230,5215,139
OTP,0,20101202,090230,5215,300
OTP,0,20101202,090230,5215,100
OTP,0,20101202,090230,5215,500
OTP,0,20101202,090230,5215,20
OTP,0,20101202,090230,5215,100
OTP,0,20101202,090230,5215,20
OTP,0,20101202,090230,5215,20
OTP,0,20101202,090231,5215,3368
OTP,0,20101202,090232,5224,15
MOL,0,20101202,090232,19150,3
MOL,0,20101202,090232,19165,2
OTP,0,20101202,090233,5225,500
MOL,0,20101202,090233,19165,48
MOL,0,20101202,090233,19170,12
OTP,0,20101202,090235,5220,250
OTP,0,20101202,090236,5220,61
OTP,0,20101202,090237,5220,6000
OTP,0,20101202,090237,5225,80
BUX1012,0,20101202,090238,21320,1
FOTEX,0,20101202,090238,401,3500
OTP,0,20101202,090239,5225,1548
OTP,0,20101202,090239,5225,8
OTP,0,20101202,090239,5225,100
OTP,0,20101202,090239,5229,13
OTP,0,20101202,090239,5230,400
OTP,0,20101202,090239,5230,200
OTP,0,20101202,090239,5230,20
OTP,0,20101202,090239,5230,110
OTP,0,20101202,090239,5230,101
OTP,0,20101202,090239,5230,399
PHYLAXIA,0,20101202,090240,46,4135
PHYLAXIA,0,20101202,090240,46,7800
PHYLAXIA,0,20101202,090240,46,10287
OTP,0,20101202,090242,5230,601
BUX1012,0,20101202,090242,21332,1
FHB,0,20101202,090243,990,350
FHB,0,20101202,090243,992,99
FHB,0,20101202,090243,994,100
FHB,0,20101202,090243,995,451
OTP,0,20101202,090246,5225,240
OTP,0,20101202,090246,5225,10
OTP,0,20101202,090246,5225,1220
BOOK,0,20101202,090249,490,154
OTP,0,20101202,090251,5225,50
RABA,0,20101202,090252,835,200
OTP,0,20101202,090254,5220,321
OTP,0,20101202,090254,5220,40
OTP,0,20101202,090254,5220,190
OTP,0,20101202,090254,5220,20
OTP,0,20101202,090258,5220,210
OTP,0,20101202,090258,5214,10
OTP,0,20101202,090259,5220,100
OTP,0,20101202,090300,5220,788
MTELEKOM,0,20101202,090301,553,21
MOL,0,20101202,090301,19170,3
MOL,0,20101202,090301,19170,40
OTP,0,20101202,090301,5219,9
BUX1012,0,20101202,090302,21320,3
OTP,0,20101202,090303,5219,191
OTP,0,20101202,090303,5219,170
OTP,0,20101202,090305,5219,4
MOL,0,20101202,090305,19170,45
MTELEKOM,0,20101202,090305,553,2889
RICHTER,0,20101202,090305,44550,31
OTP,0,20101202,090310,5214,490
OTP,0,20101202,090310,5213,2010
MOL,0,20101202,090310,19175,8
OTP,0,20101202,090311,5219,200
MTELEKOM,0,20101202,090311,554,79
MOL,0,20101202,090312,19170,47
OTP,0,20101202,090313,5213,890
OTP,0,20101202,090313,5211,49
RABA,0,20101202,090313,838,130
RABA,0,20101202,090313,839,120
RABA,0,20101202,090313,839,100
RABA,0,20101202,090313,839,100
RABA,0,20101202,090313,839,50
MOL,0,20101202,090314,19180,2
MOL,0,20101202,090314,19180,24
MOL,0,20101202,090315,19170,90
RFV,0,20101202,090315,7799,27
RFV,0,20101202,090315,7800,7
OTP,0,20101202,090315,5210,15
OTP,0,20101202,090316,5210,35
OTP,0,20101202,090316,5210,106
OTP,0,20101202,090316,5210,200
OTP,0,20101202,090317,5210,15
OTP,0,20101202,090317,5219,135
OTP,0,20101202,090318,5205,50
OTP,0,20101202,090318,5205,400
OTP,0,20101202,090318,5201,1000
OTP,0,20101202,090318,5201,300
OTP,0,20101202,090318,5201,50
OTP,0,20101202,090318,5201,500
OTP,0,20101202,090318,5200,200
OTP,0,20101202,090318,5200,50
RABA,0,20101202,090320,839,150
RABA,0,20101202,090320,840,181
OTP,0,20101202,090320,5200,42
OTP,0,20101202,090321,5201,500
OTP,0,20101202,090321,5200,35
OTP,0,20101202,090321,5200,10
OTP,0,20101202,090321,5200,260
OTP,0,20101202,090321,5200,50
OTP,0,20101202,090321,5200,100
OTP,0,20101202,090321,5200,500
OTP,0,20101202,090321,5200,185
OTP,0,20101202,090321,5200,269
OTP,0,20101202,090321,5200,20
OTP,0,20101202,090321,5200,190
OTP,0,20101202,090321,5200,200
OTP,0,20101202,090321,5200,181
OTP,0,20101202,090323,5200,400
OTP,0,20101202,090323,5200,19
OTP,0,20101202,090323,5200,181
MOL,0,20101202,090325,19180,10
BUX1012,0,20101202,090326,21320,6
BUX1012,0,20101202,090326,21320,5
OTP,0,20101202,090326,5200,819
OTP,0,20101202,090326,5200,15
OTP,0,20101202,090326,5200,500
OTP,0,20101202,090326,5200,100
OTP,0,20101202,090326,5200,50
OTP,0,20101202,090326,5200,144
OTP,0,20101202,090326,5200,50
OTP,0,20101202,090326,5200,20
OTP,0,20101202,090326,5200,2800
OTP,0,20101202,090330,5202,1000
OTP,0,20101202,090330,5202,1000
RABA,0,20101202,090331,840,300
OTP,0,20101202,090334,5200,100
OTP,0,20101202,090337,5197,100
OTP,0,20101202,090337,5191,46
TVK,0,20101202,090337,3400,30
TVK,0,20101202,090337,3400,45
OTP,0,20101202,090338,5200,45
RABA,0,20101202,090339,842,100
RABA,0,20101202,090339,843,100
RABA,0,20101202,090339,844,100
RABA,0,20101202,090339,846,100
RABA,0,20101202,090339,847,100
RABA,0,20101202,090339,848,50
RABA,0,20101202,090339,848,100
RABA,0,20101202,090339,849,125
RABA,0,20101202,090339,849,200
RABA,0,20101202,090339,850,70
RABA,0,20101202,090340,850,200
BUX1012,0,20101202,090340,21320,10
OTP,0,20101202,090340,5200,100
OTP,0,20101202,090343,5200,200
OTP,0,20101202,090349,5200,150
RABA,0,20101202,090350,850,2255
FHB,0,20101202,090353,990,100
BUX1012,0,20101202,090355,21300.5,1
OTP,0,20101202,090356,5200,16
KEG,0,20101202,090356,164,2000
OTP,0,20101202,090411,5199,100
KEG,0,20101202,090411,161,480
OTP,0,20101202,090413,5199,200
PANNERGY,0,20101202,090414,890,200
OTP,0,20101202,090415,5199,800
OTP,0,20101202,090416,5195,20
OTP,0,20101202,090420,5198,32
BUX1012,0,20101202,090422,21300,9
BUX1012,0,20101202,090422,21300,1
BUX1012,0,20101202,090434,21300,6
OTP,0,20101202,090434,5195,30
OTP,0,20101202,090434,5192,500
OTP,0,20101202,090434,5191,554
OTP,0,20101202,090434,5191,80
OTP,0,20101202,090434,5191,86
MOL,0,20101202,090437,19140,1
MOL,0,20101202,090437,19140,44
MOL,0,20101202,090437,19105,10
MOL,0,20101202,090443,19170,10
MOL,0,20101202,090443,19170,4
OTP,0,20101202,090450,5191,14
OTP,0,20101202,090450,5191,20
OTP,0,20101202,090450,5191,341
MTELEKOM,0,20101202,090454,553,325
MTELEKOM,0,20101202,090454,553,175
OTP,0,20101202,090456,5191,100
RABA,0,20101202,090458,840,369
OTP,0,20101202,090458,5195,200
PANNERGY,0,20101202,090502,895,200
OTP,0,20101202,090502,5195,950
OTP,0,20101202,090507,5195,100
OTP,0,20101202,090507,5196,15
OTP,0,20101202,090507,5197,445
OTP,0,20101202,090507,5191,159
OTP,0,20101202,090507,5191,25
OTP,0,20101202,090507,5191,316
PANNERGY,0,20101202,090508,890,65
OTP,0,20101202,090508,5197,4
OTP,0,20101202,090509,5191,25
OTP,0,20101202,090514,5195,585
OTP,0,20101202,090514,5195,200
OTP,0,20101202,090514,5195,10
OTP,0,20101202,090517,5191,20
OTP,0,20101202,090519,5195,50
PANNERGY,0,20101202,090519,895,20
KEG,0,20101202,090522,160,2000
KEG,0,20101202,090522,160,2000
OTP,0,20101202,090524,5191,39
OTP,0,20101202,090524,5191,500
OTP,0,20101202,090524,5190,200
OTP,0,20101202,090524,5190,60
OTP,0,20101202,090524,5190,75
OTP,0,20101202,090524,5190,60
OTP,0,20101202,090524,5190,34
OTP,0,20101202,090524,5190,166
OTP,0,20101202,090524,5190,834
EGIS,0,20101202,090525,19250,6
EGIS,0,20101202,090525,19300,2
EGIS,0,20101202,090525,19300,10
OTP,0,20101202,090526,5195,285
MOL,0,20101202,090528,19100,16
MOL,0,20101202,090528,19100,10
EGIS,0,20101202,090530,19300,32
EGIS,0,20101202,090530,19225,8
OTP,0,20101202,090532,5195,120
OTP,0,20101202,090532,5196,55
OTP,0,20101202,090532,5197,15
KEG,0,20101202,090536,160,500
MOL,0,20101202,090539,19070,30
OTP,0,20101202,090540,5197,1250
OTP,0,20101202,090540,5197,286
OTP,0,20101202,090540,5197,964
BUX1012,0,20101202,090540,21275,5
OTP,0,20101202,090540,5197,36
OTP,0,20101202,090540,5197,100
OTP,0,20101202,090540,5199,1114
OTP,0,20101202,090540,5199,286
OTP,0,20101202,090540,5199,964
OTP,0,20101202,090541,5199,1250
OTP,0,20101202,090541,5199,286
OTP,0,20101202,090541,5200,964
OTP,0,20101202,090541,5200,1923
OTP,0,20101202,090541,5200,566
OTP,0,20101202,090541,5200,200
OTP,0,20101202,090541,5200,100
OTP,0,20101202,090541,5200,50
OTP,0,20101202,090541,5200,85
BUX1012,0,20101202,090542,21290,1
OTP,0,20101202,090546,5205,20
OTP,0,20101202,090546,5209,10
OTP,0,20101202,090548,5209,190
OTP,0,20101202,090548,5209,225
OTP,0,20101202,090553,5205,20
OTP,0,20101202,090553,5200,480
OTP,0,20101202,090600,5210,20
OTP,0,20101202,090606,5210,275
BUX1012,0,20101202,090607,21290,1
OTP,0,20101202,090607,5200,597
OTP,0,20101202,090607,5200,3
OTP,0,20101202,090608,5208,200
OTP,0,20101202,090608,5210,725
OTP,0,20101202,090608,5210,75
OTP,0,20101202,090611,5210,85
OTP,0,20101202,090613,5210,174
DANUBIUS,0,20101202,090615,3865,20
BUX1012,0,20101202,090620,21299,10
OTP,0,20101202,090620,5213,418
OTP,0,20101202,090627,5210,1826
OTP,0,20101202,090627,5210,150
OTP,0,20101202,090627,5210,100
OTP,0,20101202,090627,5210,600
MOL,0,20101202,090629,19100,474
PANNERGY,0,20101202,090630,895,10
RICHTER,0,20101202,090631,44550,5
KEG,0,20101202,090632,161,150
OTP,0,20101202,090633,5210,40
OTP,0,20101202,090636,5210,100
OTP,0,20101202,090638,5202,21
OTP,0,20101202,090638,5201,29
OTP,0,20101202,090638,5200,2
BUX1012,0,20101202,090639,21299,2
KEG,0,20101202,090640,161,1850
PANNERGY,0,20101202,090643,895,90
PANNERGY,0,20101202,090643,896,88
PANNERGY,0,20101202,090643,896,25
PANNERGY,0,20101202,090643,897,97
RICHTER,0,20101202,090643,44550,2
GSPARK,0,20101202,090647,794,100
MOL,0,20101202,090649,19120,10
MOL,0,20101202,090649,19135,21
MOL,0,20101202,090649,19140,50
MOL,0,20101202,090649,19145,15
MOL,0,20101202,090649,19150,4
PANNERGY,0,20101202,090651,890,200
BUX1012,0,20101202,090651,21282,1
OTP,0,20101202,090653,5200,1245
OTP,0,20101202,090653,5200,255
OTP,0,20101202,090657,5210,100
MOL,0,20101202,090657,19150,140
OTP,0,20101202,090703,5201,1
OTP,0,20101202,090709,5201,1
OTP,0,20101202,090710,5205,1250
DANUBIUS,0,20101202,090711,3720,20
MOL,0,20101202,090717,19145,10
OTP,0,20101202,090723,5205,314
OTP,0,20101202,090723,5210,200
OTP,0,20101202,090723,5212,50
OTP,0,20101202,090723,5212,100
OTP,0,20101202,090723,5213,472
OTP,0,20101202,090723,5213,1864
RABA,0,20101202,090726,839,200
OTP,0,20101202,090729,5202,1
BUX1012,0,20101202,090734,21299,14
BUX1012,0,20101202,090734,21300,8
BUX1012,0,20101202,090736,21300,12
BUX1012,0,20101202,090736,21300,10
BUX1012,0,20101202,090736,21300,5
PANNERGY,0,20101202,090737,890,290
KEG,0,20101202,090737,161,88
KEG,0,20101202,090737,160,262
OTP,0,20101202,090744,5210,3
BUX1012,0,20101202,090746,21300.5,1
BUX1012,0,20101202,090746,21278.5,4
KEG,0,20101202,090748,160,4000
OTP,0,20101202,090750,5205,1
OTP,0,20101202,090751,5213,636
OTP,0,20101202,090751,5213,11
OTP,0,20101202,090751,5219,603
OTP,0,20101202,090751,5219,30
OTP,0,20101202,090755,5205,1
PANNERGY,0,20101202,090756,890,50
MOL,0,20101202,090800,19145,1
OTP,0,20101202,090801,5215,5
OTP,0,20101202,090801,5215,1250
PANNERGY,0,20101202,090801,895,100
OTP,0,20101202,090803,5215,745
OTP,0,20101202,090803,5218,642
OTP,0,20101202,090804,5210,1
MOL,0,20101202,090805,19145,39
RICHTER,0,20101202,090805,44550,5
MTELEKOM,0,20101202,090805,554,1851
MTELEKOM,0,20101202,090806,554,13
RICHTER,0,20101202,090810,44550,2
BUX1012,0,20101202,090810,21300,1
OTP,0,20101202,090811,5211,500
OTP,0,20101202,090813,5211,308
PANNERGY,0,20101202,090815,895,200
MOL,0,20101202,090815,19150,11
MOL,0,20101202,090815,19150,63
OTP,0,20101202,090816,5211,392
OTP,0,20101202,090817,5217,60
OTP,0,20101202,090817,5218,30
OTP,0,20101202,090822,5218,10
OTP,0,20101202,090825,5211,1
MOL,0,20101202,090827,19150,11
MOL,0,20101202,090827,19165,200
MOL,0,20101202,090827,19170,96
MOL,0,20101202,090827,19175,40
MOL,0,20101202,090827,19180,153
OTP,0,20101202,090829,5211,100
OTP,0,20101202,090830,5215,78
MOL,0,20101202,090834,19180,45
MOL,0,20101202,090834,19180,40
MOL,0,20101202,090834,19180,300
RICHTER,0,20101202,090834,44550,30
OTP,0,20101202,090836,5211,2
MOL,0,20101202,090838,19170,400
OTP,0,20101202,090839,5215,922
MOL,0,20101202,090843,19080,45
MOL,0,20101202,090843,19075,21
RICHTER,0,20101202,090847,44550,5
BUX1012,0,20101202,090851,21310,300
RABA,0,20101202,090856,839,50
RABA,0,20101202,090856,840,50
OTP,0,20101202,090858,5218,318
OTP,0,20101202,090858,5218,182
BUX1012,0,20101202,090903,21301.5,1
BUX1012,0,20101202,090903,21301.5,4
BUX1012,0,20101202,090903,21301.5,4
BUX1012,0,20101202,090903,21301,1
BUX1012,0,20101202,090905,21301,1
BUX1012,0,20101202,090918,21305,1
OTP,0,20101202,090920,5215,20
OTP,0,20101202,090925,5215,58
OTP,0,20101202,090925,5215,15
OTP,0,20101202,090925,5215,27
RICHTER,0,20101202,090928,44500,5
RICHTER,0,20101202,090934,44550,10
OTP,0,20101202,090940,5216,10
OTP,0,20101202,090946,5217,409
PANNERGY,0,20101202,090948,895,400
OTP,0,20101202,090948,5215,160
EGIS,0,20101202,090951,19225,10
EGIS,0,20101202,090951,19220,25
BUX1012,0,20101202,090958,21307,1
BUX1012,0,20101202,090959,21307.5,5
BUX1012,0,20101202,090959,21307,4
BUX1012,0,20101202,090959,21306.5,5
BUX1012,0,20101202,090959,21306,6
OTP,0,20101202,090959,5215,5
OTP,0,20101202,091002,5217,100
OTP,0,20101202,091003,5215,8
OTP,0,20101202,091003,5215,45
OTP,0,20101202,091003,5215,60
OTP,0,20101202,091003,5215,267
OTP,0,20101202,091005,5217,491
MOL,0,20101202,091006,19150,10
OTP,0,20101202,091006,5218,5
MTELEKOM,0,20101202,091007,553,25
OTP,0,20101202,091008,5217,100
OTP,0,20101202,091008,5216,49
OTP,0,20101202,091008,5215,351
BUX1012,0,20101202,091008,21329.5,4
BUX1012,0,20101202,091008,21334,1
KEG,0,20101202,091010,163,238
MTELEKOM,0,20101202,091013,552,3350
MTELEKOM,0,20101202,091013,552,1080
OTP,0,20101202,091024,5216,100
OTP,0,20101202,091026,5216,200
OTP,0,20101202,091026,5218,13
OTP,0,20101202,091026,5218,100
OTP,0,20101202,091026,5219,22
OTP,0,20101202,091026,5219,200
KEG,0,20101202,091029,163,250
MOL,0,20101202,091030,19100,10
MOL,0,20101202,091030,19100,200
MOL,0,20101202,091030,19100,52
OTP,0,20101202,091036,5215,127
OTP,0,20101202,091036,5215,150
OTP,0,20101202,091036,5215,50
OTP,0,20101202,091036,5215,60
OTP,0,20101202,091036,5215,10
OTP,0,20101202,091036,5214,63
MTELEKOM,0,20101202,091039,553,975
RICHTER,0,20101202,091046,44510,30
BUX1012,0,20101202,091048,21332.5,1
BUX1012,0,20101202,091048,21306,1
OTP,0,20101202,091052,5216,20
OTP,0,20101202,091052,5215,120
OTP,0,20101202,091054,5216,113
OTP,0,20101202,091054,5215,37
MOL,0,20101202,091058,19095,109
MOL,0,20101202,091058,19100,238
MOL,0,20101202,091058,19100,100
FHB,0,20101202,091059,988,100
OTP,0,20101202,091100,5218,50
OTP,0,20101202,091101,5218,45
FOTEX,0,20101202,091102,401,1000
FOTEX,0,20101202,091102,400,955
FOTEX,0,20101202,091102,400,745
OTP,0,20101202,091103,5218,50
BUX1012,0,20101202,091103,21329,4
BUX1012,0,20101202,091103,21330,1
BUX1012,0,20101202,091103,21330,3
BUX1012,0,20101202,091103,21332,2
BUX1012,0,20101202,091103,21332.5,4
BUX1012,0,20101202,091103,21333,1
OTP,0,20101202,091103,5218,355
OTP,0,20101202,091103,5218,200
OTP,0,20101202,091103,5219,395
OTP,0,20101202,091103,5219,1050
OTP,0,20101202,091106,5219,200
OTP,0,20101202,091106,5219,50
OTP,0,20101202,091106,5220,1000
OTP,0,20101202,091106,5220,331
OTP,0,20101202,091106,5220,200
OTP,0,20101202,091106,5220,50
OTP,0,20101202,091106,5220,197
OTP,0,20101202,091106,5220,472
OTP,0,20101202,091107,5220,1250
OTP,0,20101202,091107,5220,1250
OTP,0,20101202,091109,5220,1250
OTP,0,20101202,091110,5220,196
OTP,0,20101202,091111,5220,762
OTP,0,20101202,091111,5220,45
OTP,0,20101202,091111,5220,49
BUX1012,0,20101202,091111,21315,2
OTP,0,20101202,091115,5225,200
OTP,0,20101202,091116,5220,200
MOL,0,20101202,091119,19145,50
OTP,0,20101202,091120,5225,530
OTP,0,20101202,091120,5225,100
OTP,0,20101202,091120,5225,100
OTP,0,20101202,091126,5220,415
OTP,0,20101202,091127,5224,216
FOTEX,0,20101202,091130,400,255
OTP,0,20101202,091139,5223,418
OTP,0,20101202,091139,5223,71
MOL,0,20101202,091142,19120,100
BUX1012,0,20101202,091142,21333,5
OTP,0,20101202,091142,5224,284
OTP,0,20101202,091145,5223,929
OTP,0,20101202,091145,5220,2081
OTP,0,20101202,091145,5220,65
OTP,0,20101202,091145,5220,90
OTP,0,20101202,091145,5220,250
PANNERGY,0,20101202,091146,890,1195
PANNERGY,0,20101202,091146,890,300
PANNERGY,0,20101202,091146,890,50
PANNERGY,0,20101202,091146,890,81
PANNERGY,0,20101202,091146,890,374
OTP,0,20101202,091146,5220,1585
OTP,0,20101202,091150,5225,200
OTP,0,20101202,091150,5222,800
OTP,0,20101202,091150,5222,463
PANNERGY,0,20101202,091153,890,126
KEG,0,20101202,091155,162,2000
OTP,0,20101202,091200,5222,30
OTP,0,20101202,091200,5222,365
OTP,0,20101202,091200,5220,130
MOL,0,20101202,091206,19110,80
MOL,0,20101202,091206,19100,100
BUX1012,0,20101202,091208,21313.5,4
OTP,0,20101202,091208,5225,100
OTP,0,20101202,091208,5220,1000
OTP,0,20101202,091209,5220,468
OTP,0,20101202,091209,5224,220
OTP,0,20101202,091221,5221,327
OTP,0,20101202,091221,5221,1573
OTP,0,20101202,091229,5221,27
OTP,0,20101202,091229,5220,173
OTP,0,20101202,091230,5220,467
OTP,0,20101202,091230,5224,15
OTP,0,20101202,091231,5220,762
OTP,0,20101202,091231,5220,50
OTP,0,20101202,091231,5220,30
OTP,0,20101202,091231,5220,100
OTP,0,20101202,091231,5220,58
OTP,0,20101202,091232,5220,42
MOL,0,20101202,091236,19080,30
MOL,0,20101202,091236,19075,29
MOL,0,20101202,091236,19075,10
MOL,0,20101202,091236,19075,5
MOL,0,20101202,091236,19060,26
OTP,0,20101202,091237,5218,60
OTP,0,20101202,091238,5218,240
OTP,0,20101202,091238,5217,500
OTP,0,20101202,091238,5215,40
OTP,0,20101202,091238,5215,20
MOL,0,20101202,091239,19060,74
MOL,0,20101202,091239,19060,15
MOL,0,20101202,091239,19055,200
MOL,0,20101202,091239,19055,70
MOL,0,20101202,091239,19055,30
MOL,0,20101202,091239,19050,111
MOL,0,20101202,091239,19050,37
MOL,0,20101202,091239,19050,1000
OTP,0,20101202,091240,5219,200
BUX1012,0,20101202,091240,21315,1
BUX1012,0,20101202,091240,21315,10
MOL,0,20101202,091240,19050,163
MOL,0,20101202,091240,19095,190
OTP,0,20101202,091241,5215,458
OTP,0,20101202,091242,5215,522
OTP,0,20101202,091242,5215,243
OTP,0,20101202,091244,5218,487
BUX1012,0,20101202,091245,21306,2
BUX1012,0,20101202,091245,21305,2
BUX1012,0,20101202,091245,21302,5
BUX1012,0,20101202,091245,21300,1
MOL,0,20101202,091245,19015,25
MOL,0,20101202,091245,19010,5
OTP,0,20101202,091247,5215,10
BUX1012,0,20101202,091248,21300,10
BUX1012,0,20101202,091248,21315,7
OTP,0,20101202,091248,5218,120
BUX1012,0,20101202,091250,21311,1
BUX1012,0,20101202,091250,21315,2
OTP,0,20101202,091251,5219,7
BUX1012,0,20101202,091251,21300,1
OTP,0,20101202,091251,5215,47
OTP,0,20101202,091251,5212,53
MTELEKOM,0,20101202,091254,554,840
OTP,0,20101202,091255,5212,120
OTP,0,20101202,091258,5212,327
OTP,0,20101202,091258,5212,170
OTP,0,20101202,091258,5211,1000
OTP,0,20101202,091258,5210,100
OTP,0,20101202,091258,5210,1403
BUX1012,0,20101202,091259,21300,10
OTP,0,20101202,091300,5215,30
OTP,0,20101202,091301,5215,150
OTP,0,20101202,091302,5215,239
OTP,0,20101202,091302,5210,199
BUX1012,0,20101202,091303,21300,27
BUX1012,0,20101202,091303,21300,60
BUX1012,0,20101202,091303,21300,1
MTELEKOM,0,20101202,091305,553,818
MOL,0,20101202,091305,19050,113
RICHTER,0,20101202,091305,44845,17
MTELEKOM,0,20101202,091305,554,1852
MTELEKOM,0,20101202,091305,554,13
MOL,0,20101202,091306,19050,2
OTP,0,20101202,091306,5215,6
OTP,0,20101202,091306,5210,898
BUX1012,0,20101202,091308,21286,1
BUX1012,0,20101202,091308,21279,1
OTP,0,20101202,091311,5205,30
OTP,0,20101202,091311,5205,445
OTP,0,20101202,091312,5210,102
OTP,0,20101202,091314,5210,448
OTP,0,20101202,091315,5210,450
MOL,0,20101202,091316,19010,1
MOL,0,20101202,091316,19010,215
MOL,0,20101202,091316,19005,10
MOL,0,20101202,091316,19000,20
MOL,0,20101202,091316,19000,100
MOL,0,20101202,091316,19000,25
MOL,0,20101202,091316,19000,6
MOL,0,20101202,091316,19000,123
OTP,0,20101202,091316,5205,50
MOL,0,20101202,091318,19000,227
MOL,0,20101202,091318,19000,150
MOL,0,20101202,091318,19000,20
MOL,0,20101202,091318,19000,200
MOL,0,20101202,091318,19000,2
MOL,0,20101202,091318,19000,100
MOL,0,20101202,091318,18975,13
MOL,0,20101202,091318,18950,5
MOL,0,20101202,091318,18950,70
MOL,0,20101202,091318,18950,54
MOL,0,20101202,091318,18950,70
MOL,0,20101202,091318,18950,9
MOL,0,20101202,091318,18950,100
OTP,0,20101202,091320,5210,502
OTP,0,20101202,091320,5210,150
OTP,0,20101202,091320,5210,10
OTP,0,20101202,091320,5214,432
OTP,0,20101202,091320,5215,68
OTP,0,20101202,091320,5219,43
OTP,0,20101202,091320,5219,575
MOL,0,20101202,091324,18910,5
OTP,0,20101202,091332,5208,411
BUX1012,0,20101202,091333,21279,1
OTP,0,20101202,091333,5208,33
OTP,0,20101202,091333,5205,1505
OTP,0,20101202,091333,5205,462
OTP,0,20101202,091335,5207,30
OTP,0,20101202,091337,5207,439
OTP,0,20101202,091341,5205,30
OTP,0,20101202,091343,5206,475
OTP,0,20101202,091347,5206,452
BUX1012,0,20101202,091348,21280,5
FOTEX,0,20101202,091353,400,138
OTP,0,20101202,091356,5208,490
OTP,0,20101202,091356,5209,20
OTP,0,20101202,091358,5209,40
OTP,0,20101202,091359,5210,10
OTP,0,20101202,091359,5206,73
KEG,0,20101202,091401,161,5000
KEG,0,20101202,091401,160,800
KEG,0,20101202,091401,160,1200
OTP,0,20101202,091402,5206,17
OTP,0,20101202,091404,5211,20
OTP,0,20101202,091407,5209,160
OTP,0,20101202,091408,5209,140
KEG,0,20101202,091412,160,800
KEG,0,20101202,091412,160,1210
FHB,0,20101202,091417,990,400
EGIS,0,20101202,091419,19220,5
KEG,0,20101202,091420,160,190
KEG,0,20101202,091420,160,170
RABA,0,20101202,091422,840,581
RABA,0,20101202,091422,844,100
RABA,0,20101202,091422,844,132
RABA,0,20101202,091422,844,300
RABA,0,20101202,091422,845,745
BUX1012,0,20101202,091422,21280,1
OTP,0,20101202,091423,5216,30
MOL,0,20101202,091423,19000,100
MOL,0,20101202,091423,19000,150
OTP,0,20101202,091423,5217,150
OTP,0,20101202,091423,5218,200
OTP,0,20101202,091423,5218,120
MOL,0,20101202,091432,18965,5
KEG,0,20101202,091433,160,800
BUX1012,0,20101202,091434,21298,3
BUX1012,0,20101202,091434,21300,10
BUX1012,0,20101202,091434,21300,37
BUX1012,0,20101202,091436,21280,2
BUX1012,0,20101202,091436,21279,3
BUX1012,0,20101202,091436,21276.5,4
BUX1012,0,20101202,091436,21276,10
BUX1012,0,20101202,091438,21275,5
RABA,0,20101202,091443,845,106
BUX1012,0,20101202,091451,21300,10
OTP,0,20101202,091451,5211,983
OTP,0,20101202,091451,5210,17
BUX1012,0,20101202,091456,21300,3
BUX1012,0,20101202,091456,21300,22
BUX1012,0,20101202,091456,21300,5
RABA,0,20101202,091458,845,36
OTP,0,20101202,091500,5214,35
OTP,0,20101202,091507,5214,428
BUX1012,0,20101202,091508,21282.5,5
BUX1012,0,20101202,091508,21282,2
OTP,0,20101202,091519,5215,20
OTP,0,20101202,091520,5215,80
OTP,0,20101202,091522,5228,16
OTP,0,20101202,091525,5228,11
OTP,0,20101202,091537,5228,73
OTP,0,20101202,091537,5228,50
ECONET,0,20101202,091538,95,10
ECONET,0,20101202,091538,95,1144
BUX1012,0,20101202,091539,21299,5
BUX1012,0,20101202,091539,21300,3
KEG,0,20101202,091539,160,640
KEG,0,20101202,091539,160,250
KEG,0,20101202,091539,160,500
KEG,0,20101202,091539,159,450
KEG,0,20101202,091539,158,3160
BUX1012,0,20101202,091543,21311,1
BUX1012,0,20101202,091543,21314,2
RICHTER,0,20101202,091544,44795,20
RICHTER,0,20101202,091544,44800,80
OTP,0,20101202,091552,5229,390
OTP,0,20101202,091552,5229,24
OTP,0,20101202,091555,5228,100
MOL,0,20101202,091601,19015,5
BUX1012,0,20101202,091606,21295,1
BUX1012,0,20101202,091606,21299,4
OTP,0,20101202,091609,5228,150
OTP,0,20101202,091609,5228,20
OTP,0,20101202,091614,5228,830
FOTEX,0,20101202,091615,400,100
OTP,0,20101202,091618,5222,620
OTP,0,20101202,091618,5220,380
FHB,0,20101202,091618,990,110
OTP,0,20101202,091620,5229,86
OTP,0,20101202,091620,5229,332
OTP,0,20101202,091620,5229,1066
OTP,0,20101202,091620,5229,20
MTELEKOM,0,20101202,091626,553,207
MTELEKOM,0,20101202,091626,553,4962
OTP,0,20101202,091626,5230,100
OTP,0,20101202,091626,5230,200
OTP,0,20101202,091626,5230,800
OTP,0,20101202,091627,5230,200
OTP,0,20101202,091627,5230,1400
OTP,0,20101202,091630,5233,12
OTP,0,20101202,091630,5234,88
OTP,0,20101202,091630,5234,20
MTELEKOM,0,20101202,091632,553,38
MTELEKOM,0,20101202,091632,553,271
MTELEKOM,0,20101202,091632,553,180
BUX1012,0,20101202,091637,21315,1
BUX1012,0,20101202,091645,21319,2
OTP,0,20101202,091648,5230,1100
OTP,0,20101202,091648,5230,1000
OTP,0,20101202,091648,5229,414
OTP,0,20101202,091648,5228,500
BUX1012,0,20101202,091649,21319,1
BUX1012,0,20101202,091649,21320,3
BUX1012,0,20101202,091652,21325,5
BUX1012,0,20101202,091652,21325,1
BUX1012,0,20101202,091653,21325,10
OTP,0,20101202,091656,5225,500
OTP,0,20101202,091656,5225,120
PANNERGY,0,20101202,091656,890,1000
OTP,0,20101202,091704,5220,19
OTP,0,20101202,091704,5220,81
BUX1012,0,20101202,091708,21320,1
OTP,0,20101202,091709,5229,319
OTP,0,20101202,091713,5229,81
OTP,0,20101202,091713,5232,20
OTP,0,20101202,091715,5218,10000
BUX1012,0,20101202,091715,21320,10
BUX1012,0,20101202,091715,21320,1
BUX1012,0,20101202,091716,21320,1
BUX1012,0,20101202,091717,21320,2
BUX1012,0,20101202,091718,21320,1
BUX1012,0,20101202,091718,21320,5
BUX1012,0,20101202,091718,21320,2
BUX1012,0,20101202,091719,21320,1
BUX1012,0,20101202,091719,21320,1
OTP,0,20101202,091724,5234,82
OTP,0,20101202,091724,5234,400
OTP,0,20101202,091724,5235,23
OTP,0,20101202,091724,5235,15
OTP,0,20101202,091724,5237,20
OTP,0,20101202,091724,5237,50
OTP,0,20101202,091724,5237,21
OTP,0,20101202,091724,5237,100
OTP,0,20101202,091724,5238,36
OTP,0,20101202,091724,5238,1253
PANNERGY,0,20101202,091730,890,600
BUX1012,0,20101202,091730,21306,3
BUX1012,0,20101202,091730,21319,1
OTP,0,20101202,091731,5234,1490
OTP,0,20101202,091735,5225,5
MOL,0,20101202,091739,19030,4
MOL,0,20101202,091740,19035,345
MOL,0,20101202,091740,19040,5
OTP,0,20101202,091747,5230,46
OTP,0,20101202,091747,5227,1500
OTP,0,20101202,091747,5225,25
OTP,0,20101202,091747,5225,1000
OTP,0,20101202,091747,5222,100
OTP,0,20101202,091747,5221,31
OTP,0,20101202,091747,5221,500
OTP,0,20101202,091747,5221,1000
OTP,0,20101202,091747,5220,798
OTP,0,20101202,091748,5233,500
OTP,0,20101202,091750,5230,198
FOTEX,0,20101202,091751,402,85
OTP,0,20101202,091752,5230,802
MOL,0,20101202,091755,19040,49
KEG,0,20101202,091756,158,5000
OTP,0,20101202,091758,5225,800
OTP,0,20101202,091758,5220,202
OTP,0,20101202,091758,5220,100
OTP,0,20101202,091758,5220,65
OTP,0,20101202,091758,5220,350
OTP,0,20101202,091758,5220,350
OTP,0,20101202,091759,5220,1000
OTP,0,20101202,091800,5220,2133
MOL,0,20101202,091805,19040,112
RICHTER,0,20101202,091805,44795,10
MOL,0,20101202,091805,19040,1
MTELEKOM,0,20101202,091805,553,1511
KEG,0,20101202,091806,158,6840
MOL,0,20101202,091806,19040,2
OTP,0,20101202,091806,5235,5
MOL,0,20101202,091811,19040,8
MTELEKOM,0,20101202,091811,554,13
RICHTER,0,20101202,091812,44800,13
MTELEKOM,0,20101202,091812,554,341
OTP,0,20101202,091813,5222,1000
OTP,0,20101202,091813,5220,1000
OTP,0,20101202,091813,5220,1000
OTP,0,20101202,091813,5220,1000
OTP,0,20101202,091816,5220,1000
BUX1012,0,20101202,091818,21316,2
BUX1012,0,20101202,091818,21310,6
BUX1012,0,20101202,091818,21306,15
BUX1012,0,20101202,091818,21305,7
MOL,0,20101202,091820,19040,100
BUX1012,0,20101202,091823,21329.5,4
BUX1012,0,20101202,091823,21330,2
OTP,0,20101202,091824,5230,600
OTP,0,20101202,091824,5220,1000
OTP,0,20101202,091824,5220,400
OTP,0,20101202,091824,5220,102
KEG,0,20101202,091824,157,5000
KEG,0,20101202,091824,156,1000
KEG,0,20101202,091824,156,420
OTP,0,20101202,091825,5220,100
MOL,0,20101202,091825,19040,6
BUX1012,0,20101202,091825,21330,14
OTP,0,20101202,091826,5220,10
OTP,0,20101202,091826,5220,80
OTP,0,20101202,091827,5220,2708
PANNERGY,0,20101202,091833,885,200
OTP,0,20101202,091833,5220,90
OTP,0,20101202,091833,5220,338
MOL,0,20101202,091833,19040,80
MOL,0,20101202,091836,19015,5
KEG,0,20101202,091837,156,2580
KEG,0,20101202,091837,156,2036
BUX1012,0,20101202,091839,21333,1
BUX1012,0,20101202,091839,21333,1
BUX1012,0,20101202,091839,21333,2
PANNERGY,0,20101202,091841,885,126
MOL,0,20101202,091843,19040,37
FHB,0,20101202,091843,990,89
KEG,0,20101202,091846,156,1964
KEG,0,20101202,091846,156,2036
MOL,0,20101202,091848,19040,113
MOL,0,20101202,091848,19040,13
OTP,0,20101202,091851,5229,1000
OTP,0,20101202,091853,5229,1000
BUX1012,0,20101202,091853,21320,1
RICHTER,0,20101202,091854,44800,15
MOL,0,20101202,091854,19040,50
OTP,0,20101202,091856,5225,20
OTP,0,20101202,091856,5225,1980
OTP,0,20101202,091857,5225,2000
BUX1012,0,20101202,091857,21333,4
BUX1012,0,20101202,091900,21320,50
OTP,0,20101202,091903,5225,1000
OTP,0,20101202,091905,5225,20
OTP,0,20101202,091905,5225,55
BUX1012,0,20101202,091908,21321,1
BUX1012,0,20101202,091908,21315,30
MOL,0,20101202,091910,19035,30
BUX1012,0,20101202,091911,21312,12
MOL,0,20101202,091911,19035,75
OTP,0,20101202,091911,5225,925
OTP,0,20101202,091912,5225,1000
KEG,0,20101202,091913,156,3964
KEG,0,20101202,091913,156,36
OTP,0,20101202,091920,5221,42
EGIS,0,20101202,091920,19280,50
EGIS,0,20101202,091920,19280,10
EGIS,0,20101202,091920,19345,8
EGIS,0,20101202,091920,19350,2
OTP,0,20101202,091921,5221,958
OTP,0,20101202,091921,5220,1662
OTP,0,20101202,091921,5220,500
OTP,0,20101202,091921,5220,200
OTP,0,20101202,091921,5220,40
OTP,0,20101202,091921,5220,1000
OTP,0,20101202,091921,5220,300
OTP,0,20101202,091921,5220,100
OTP,0,20101202,091921,5220,240
OTP,0,20101202,091924,5225,25
KEG,0,20101202,091924,158,143
MOL,0,20101202,091926,19035,25
MOL,0,20101202,091926,19040,224
MOL,0,20101202,091926,19040,246
OTP,0,20101202,091928,5220,470
OTP,0,20101202,091928,5220,30
OTP,0,20101202,091929,5220,113
BUX1012,0,20101202,091931,21319,1
BUX1012,0,20101202,091931,21321,1
OTP,0,20101202,091934,5224,300
OTP,0,20101202,091937,5220,857
OTP,0,20101202,091937,5220,1000
OTP,0,20101202,091939,5217,22
OTP,0,20101202,091940,5220,419
MOL,0,20101202,091940,19040,5
MOL,0,20101202,091942,19040,80
MOL,0,20101202,091942,19080,10
OTP,0,20101202,091953,5217,14
OTP,0,20101202,091953,5217,91
OTP,0,20101202,091954,5217,40
OTP,0,20101202,091958,5219,130
BUX1012,0,20101202,091959,21332,1
BUX1012,0,20101202,091959,21333,4
OTP,0,20101202,092000,5219,5
OTP,0,20101202,092007,5217,12
PANNERGY,0,20101202,092008,885,100
OTP,0,20101202,092009,5219,1865
OTP,0,20101202,092009,5220,635
OTP,0,20101202,092012,5220,80
OTP,0,20101202,092015,5220,2000
OTP,0,20101202,092016,5217,57
OTP,0,20101202,092016,5217,300
OTP,0,20101202,092016,5216,50
OTP,0,20101202,092016,5216,93
OTP,0,20101202,092019,5220,9
OTP,0,20101202,092019,5220,1491
OTP,0,20101202,092021,5220,200
OTP,0,20101202,092023,5220,1359
OTP,0,20101202,092023,5220,500
OTP,0,20101202,092023,5220,141
BUX1012,0,20101202,092023,21330,1
BUX1012,0,20101202,092027,21330,6
OTP,0,20101202,092028,5220,527
FHB,0,20101202,092029,990,250
EGIS,0,20101202,092038,19300,100
MOL,0,20101202,092040,19080,50
BUX1012,0,20101202,092041,21330,13
MTELEKOM,0,20101202,092043,552,6920
MTELEKOM,0,20101202,092043,552,500
BUX1012,0,20101202,092043,21333,10
OTP,0,20101202,092045,5220,1473
KEG,0,20101202,092047,160,1000
OTP,0,20101202,092047,5220,2500
OTP,0,20101202,092049,5220,212
OTP,0,20101202,092049,5220,815
OTP,0,20101202,092049,5220,200
OTP,0,20101202,092049,5225,46
OTP,0,20101202,092049,5225,20
OTP,0,20101202,092052,5225,1419
EGIS,0,20101202,092054,19300,28
OTP,0,20101202,092055,5220,162
MOL,0,20101202,092059,19080,140
MOL,0,20101202,092059,19095,119
MOL,0,20101202,092059,19095,241
BUX1012,0,20101202,092101,21332,4
MOL,0,20101202,092102,19095,59
MOL,0,20101202,092102,19095,81
MOL,0,20101202,092103,19095,19
MOL,0,20101202,092103,19100,820
MOL,0,20101202,092104,19100,161
MOL,0,20101202,092108,19075,239
MOL,0,20101202,092112,19075,239
MOL,0,20101202,092112,19075,161
BUX1012,0,20101202,092114,21332,6
BUX1012,0,20101202,092114,21334,1
MOL,0,20101202,092115,19075,78
OTP,0,20101202,092115,5225,950
OTP,0,20101202,092121,5225,131
OTP,0,20101202,092121,5229,69
MOL,0,20101202,092124,19075,50
OTP,0,20101202,092128,5229,11
OTP,0,20101202,092128,5230,489
OTP,0,20101202,092128,5230,500
OTP,0,20101202,092131,5230,11
OTP,0,20101202,092131,5230,40
OTP,0,20101202,092131,5230,500
OTP,0,20101202,092135,5232,100
ECONET,0,20101202,092136,95,856
ECONET,0,20101202,092136,95,944
MTELEKOM,0,20101202,092140,551,150
BUX1012,0,20101202,092141,21330,1
BUX1012,0,20101202,092141,21332,2
BUX1012,0,20101202,092141,21334,17
EGIS,0,20101202,092141,19255,8
FHB,0,20101202,092142,984,60
MOL,0,20101202,092142,19055,6
MOL,0,20101202,092142,19055,3
MOL,0,20101202,092142,19050,30
MOL,0,20101202,092142,19050,25
MTELEKOM,0,20101202,092142,550,650
MTELEKOM,0,20101202,092142,550,303
OTP,0,20101202,092142,5225,258
RICHTER,0,20101202,092143,44810,15
RICHTER,0,20101202,092143,44810,5
EGIS,0,20101202,092144,19280,20
EGIS,0,20101202,092144,19300,72
FOTEX,0,20101202,092145,400,67
FOTEX,0,20101202,092145,400,333
OTP,0,20101202,092151,5234,127
OTP,0,20101202,092151,5235,2500
OTP,0,20101202,092151,5235,220
OTP,0,20101202,092151,5235,50
OTP,0,20101202,092151,5235,1000
MTELEKOM,0,20101202,092154,551,2350
OTP,0,20101202,092157,5236,95
OTP,0,20101202,092157,5238,2405
OTP,0,20101202,092157,5238,1342
OTP,0,20101202,092157,5238,450
OTP,0,20101202,092157,5238,208
MOL,0,20101202,092159,19075,60
BUX1012,0,20101202,092200,21334,1
BUX1012,0,20101202,092200,21338,15
BUX1012,0,20101202,092200,21344,1
BUX1012,0,20101202,092200,21344,1
BUX1012,0,20101202,092200,21344,1
BUX1012,0,20101202,092200,21345,1
BUX1012,0,20101202,092200,21345,2
OTP,0,20101202,092200,5235,250
EGIS,0,20101202,092200,19300,8
FHB,0,20101202,092201,984,60
MOL,0,20101202,092201,19050,64
MTELEKOM,0,20101202,092201,550,953
OTP,0,20101202,092201,5235,258
RICHTER,0,20101202,092201,44810,20
PHYLAXIA,0,20101202,092202,46,2280
EGIS,0,20101202,092203,19300,50
OTP,0,20101202,092203,5238,25
OTP,0,20101202,092211,5235,100
EGIS,0,20101202,092211,19300,50
OTP,0,20101202,092214,5238,467
OTP,0,20101202,092214,5240,22
OTP,0,20101202,092214,5240,40
OTP,0,20101202,092214,5240,55
OTP,0,20101202,092214,5240,200
OTP,0,20101202,092214,5240,1000
EGIS,0,20101202,092215,19300,8
FHB,0,20101202,092215,984,60
MOL,0,20101202,092215,19060,30
MOL,0,20101202,092215,19050,34
MTELEKOM,0,20101202,092215,550,744
MTELEKOM,0,20101202,092215,550,50
MTELEKOM,0,20101202,092215,550,10
MTELEKOM,0,20101202,092215,550,18
MTELEKOM,0,20101202,092215,550,131
OTP,0,20101202,092215,5235,258
RICHTER,0,20101202,092216,44810,20
BUX1012,0,20101202,092216,21344,15
BUX1012,0,20101202,092216,21345,45
OTP,0,20101202,092218,5235,10
EGIS,0,20101202,092218,19300,8
FHB,0,20101202,092218,984,60
MOL,0,20101202,092218,19050,64
MTELEKOM,0,20101202,092219,550,953
OTP,0,20101202,092219,5235,258
RICHTER,0,20101202,092219,44810,20
BUX1012,0,20101202,092221,21326,1
EGIS,0,20101202,092221,19300,8
FHB,0,20101202,092221,984,60
MOL,0,20101202,092222,19050,64
MTELEKOM,0,20101202,092222,550,953
OTP,0,20101202,092222,5237,258
RICHTER,0,20101202,092222,44810,20
EGIS,0,20101202,092223,19300,126
RICHTER,0,20101202,092227,44935,13
RICHTER,0,20101202,092227,44940,116
RICHTER,0,20101202,092227,44950,50
OTP,0,20101202,092227,5241,18
OTP,0,20101202,092227,5241,532
BUX1012,0,20101202,092231,21335,1
MOL,0,20101202,092233,19070,6
OTP,0,20101202,092236,5241,20
BUX1012,0,20101202,092240,21344,5
BUX1012,0,20101202,092240,21345,33
BUX1012,0,20101202,092240,21345,1
BUX1012,0,20101202,092240,21350,50
BUX1012,0,20101202,092240,21350,1
BUX1012,0,20101202,092240,21350,1
BUX1012,0,20101202,092240,21350,9
BUX1012,0,20101202,092240,21350,1
BUX1012,0,20101202,092240,21350,4
BUX1012,0,20101202,092240,21350,2
OTP,0,20101202,092241,5240,66
EGIS,0,20101202,092241,19255,38
FHB,0,20101202,092241,984,299
MOL,0,20101202,092241,19050,49
MOL,0,20101202,092241,19050,100
MOL,0,20101202,092241,19040,20
MOL,0,20101202,092241,19025,10
MOL,0,20101202,092241,19025,19
MOL,0,20101202,092241,19025,25
MOL,0,20101202,092241,19025,25
MOL,0,20101202,092241,19020,70
MTELEKOM,0,20101202,092241,551,235
MTELEKOM,0,20101202,092241,551,100
MTELEKOM,0,20101202,092241,550,463
MTELEKOM,0,20101202,092241,550,1000
MTELEKOM,0,20101202,092241,550,900
MTELEKOM,0,20101202,092241,550,2065
OTP,0,20101202,092242,5240,209
OTP,0,20101202,092242,5238,100
OTP,0,20101202,092242,5238,30
OTP,0,20101202,092242,5237,949
RICHTER,0,20101202,092242,44935,99
OTP,0,20101202,092242,5237,108
BUX1012,0,20101202,092243,21335,2
BUX1012,0,20101202,092243,21335,1
OTP,0,20101202,092245,5241,248
KEG,0,20101202,092247,160,300
KEG,0,20101202,092247,160,700
MOL,0,20101202,092250,19050,50
MTELEKOM,0,20101202,092253,550,1000
RICHTER,0,20101202,092255,44970,3
OTP,0,20101202,092255,5241,50
OTP,0,20101202,092256,5240,400
BUX1012,0,20101202,092258,21335,21
OTP,0,20101202,092258,5238,100
OTP,0,20101202,092258,5238,20
BUX1012,0,20101202,092300,21335,1
OTP,0,20101202,092300,5240,50
BUX1012,0,20101202,092302,21335,25
BUX1012,0,20101202,092303,21335,3
OTP,0,20101202,092303,5242,250
OTP,0,20101202,092303,5244,13
OTP,0,20101202,092303,5244,50
OTP,0,20101202,092303,5244,100
OTP,0,20101202,092303,5244,50
OTP,0,20101202,092303,5244,25
OTP,0,20101202,092303,5245,100
OTP,0,20101202,092303,5245,30
OTP,0,20101202,092303,5245,450
OTP,0,20101202,092303,5245,2000
OTP,0,20101202,092303,5245,400
OTP,0,20101202,092303,5245,398
RFV,0,20101202,092304,7798,1
RFV,0,20101202,092304,7799,19
MOL,0,20101202,092304,19050,99
MTELEKOM,0,20101202,092305,552,289
OTP,0,20101202,092305,5245,400
MOL,0,20101202,092306,19065,2
OTP,0,20101202,092306,5244,100
OTP,0,20101202,092306,5245,3202
OTP,0,20101202,092306,5245,10
MOL,0,20101202,092308,19065,13
MOL,0,20101202,092310,19065,283
RICHTER,0,20101202,092311,44985,24
FOTEX,0,20101202,092311,400,967
FOTEX,0,20101202,092311,400,1000
OTP,0,20101202,092311,5246,6
OTP,0,20101202,092311,5246,994
MOL,0,20101202,092312,19070,200
PANNERGY,0,20101202,092313,885,574
RICHTER,0,20101202,092313,44985,226
RICHTER,0,20101202,092313,44990,26
RICHTER,0,20101202,092313,44990,40
RICHTER,0,20101202,092313,45000,3
RICHTER,0,20101202,092313,45000,1
RICHTER,0,20101202,092313,45000,20
RICHTER,0,20101202,092313,45000,5
RICHTER,0,20101202,092313,45000,50
MOL,0,20101202,092313,19070,113
MTELEKOM,0,20101202,092315,553,200
MTELEKOM,0,20101202,092315,553,1362
OTP,0,20101202,092315,5247,50
OTP,0,20101202,092315,5247,25
OTP,0,20101202,092315,5247,294
OTP,0,20101202,092315,5247,1706
OTP,0,20101202,092315,5247,50
OTP,0,20101202,092315,5247,100
OTP,0,20101202,092315,5248,250
OTP,0,20101202,092315,5248,394
MTELEKOM,0,20101202,092315,553,13
RICHTER,0,20101202,092316,45100,5
RICHTER,0,20101202,092316,45100,17
MOL,0,20101202,092317,19070,20
BUX1012,0,20101202,092321,21340,1
BUX1012,0,20101202,092321,21350,5
BUX1012,0,20101202,092321,21358,14
OTP,0,20101202,092322,5248,606
OTP,0,20101202,092322,5248,10
OTP,0,20101202,092322,5248,78
OTP,0,20101202,092322,5248,100
OTP,0,20101202,092322,5248,100
OTP,0,20101202,092322,5249,20
OTP,0,20101202,092322,5249,30
OTP,0,20101202,092322,5249,200
OTP,0,20101202,092322,5249,300
OTP,0,20101202,092322,5249,100
OTP,0,20101202,092322,5249,8
OTP,0,20101202,092322,5250,448
OTP,0,20101202,092322,5250,57
BUX1012,0,20101202,092322,21358,56
BUX1012,0,20101202,092322,21358,4
BUX1012,0,20101202,092322,21358,5
BUX1012,0,20101202,092322,21358,10
OTP,0,20101202,092322,5246,6
OTP,0,20101202,092322,5245,4
BUX1012,0,20101202,092325,21358,1
MOL,0,20101202,092325,19070,53
MOL,0,20101202,092326,19070,108
OTP,0,20101202,092328,5249,2000
OTP,0,20101202,092328,5250,495
OTP,0,20101202,092328,5250,4
OTP,0,20101202,092328,5250,50
OTP,0,20101202,092328,5250,20
OTP,0,20101202,092328,5250,10
OTP,0,20101202,092328,5250,50
OTP,0,20101202,092328,5250,100
OTP,0,20101202,092328,5250,100
OTP,0,20101202,092328,5250,500
OTP,0,20101202,092328,5250,25
OTP,0,20101202,092328,5250,700
OTP,0,20101202,092328,5250,10
OTP,0,20101202,092328,5250,200
OTP,0,20101202,092328,5250,100
OTP,0,20101202,092328,5250,636
BUX1012,0,20101202,092329,21358,1
BUX1012,0,20101202,092329,21360,70
BUX1012,0,20101202,092329,21360,2
MOL,0,20101202,092329,19070,53
BUX1012,0,20101202,092337,21360,1
OTP,0,20101202,092338,5248,300
OTP,0,20101202,092340,5248,200
OTP,0,20101202,092340,5250,364
OTP,0,20101202,092340,5250,200
OTP,0,20101202,092340,5250,100
OTP,0,20101202,092340,5250,6000
OTP,0,20101202,092340,5250,6
OTP,0,20101202,092340,5250,20
OTP,0,20101202,092340,5250,100
OTP,0,20101202,092340,5250,1000
OTP,0,20101202,092340,5250,50
OTP,0,20101202,092340,5250,28
OTP,0,20101202,092340,5250,1932
OTP,0,20101202,092343,5250,50
BUX1012,0,20101202,092344,21365,3
BUX1012,0,20101202,092345,21365,77
BUX1012,0,20101202,092345,21365,5
BUX1012,0,20101202,092345,21370,18
EGIS,0,20101202,092345,19255,4
EGIS,0,20101202,092345,19220,34
FHB,0,20101202,092345,984,299
MOL,0,20101202,092346,19065,13
MOL,0,20101202,092346,19065,250
MOL,0,20101202,092346,19050,55
MTELEKOM,0,20101202,092346,550,1935
MTELEKOM,0,20101202,092346,550,2828
BUX1012,0,20101202,092346,21370,32
BUX1012,0,20101202,092346,21375,1
BUX1012,0,20101202,092346,21375,5
BUX1012,0,20101202,092346,21376,1
BUX1012,0,20101202,092346,21379,1
OTP,0,20101202,092346,5245,60
OTP,0,20101202,092346,5242,1228
MOL,0,20101202,092346,19070,100
RICHTER,0,20101202,092346,45000,29
RICHTER,0,20101202,092346,44970,70
KEG,0,20101202,092348,160,60
OTP,0,20101202,092350,5250,200
OTP,0,20101202,092351,5250,188
OTP,0,20101202,092354,5250,493
OTP,0,20101202,092355,5250,20
BUX1012,0,20101202,092356,21378,5
KEG,0,20101202,092357,161,1000
OTP,0,20101202,092358,5246,23
BUX1012,0,20101202,092358,21361,10
OTP,0,20101202,092403,5249,430
BUX1012,0,20101202,092404,21361,10
BUX1012,0,20101202,092404,21360,2
OTP,0,20101202,092406,5246,27
OTP,0,20101202,092406,5246,173
OTP,0,20101202,092414,5249,570
OTP,0,20101202,092414,5249,30
RICHTER,0,20101202,092414,45100,50
MOL,0,20101202,092414,19070,90
OTP,0,20101202,092418,5249,200
OTP,0,20101202,092422,5249,270
OTP,0,20101202,092422,5250,130
OTP,0,20101202,092423,5250,650
OTP,0,20101202,092425,5250,170
OTP,0,20101202,092426,5250,1000
OTP,0,20101202,092428,5250,1
OTP,0,20101202,092429,5250,50
OTP,0,20101202,092432,5247,2500
RICHTER,0,20101202,092432,45100,87
OTP,0,20101202,092436,5247,2500
MTELEKOM,0,20101202,092437,553,80
FOTEX,0,20101202,092438,400,1633
OTP,0,20101202,092444,5249,20
OTP,0,20101202,092444,5250,116
OTP,0,20101202,092444,5250,200
OTP,0,20101202,092444,5250,350
OTP,0,20101202,092444,5250,20
OTP,0,20101202,092444,5250,20
OTP,0,20101202,092444,5250,50
OTP,0,20101202,092444,5250,724
OTP,0,20101202,092444,5250,130
OTP,0,20101202,092446,5250,600
OTP,0,20101202,092446,5250,27
MOL,0,20101202,092448,19070,11
BUX1012,0,20101202,092448,21360,2
BUX1012,0,20101202,092449,21375,1
BUX1012,0,20101202,092449,21378,1
BUX1012,0,20101202,092449,21378,4
OTP,0,20101202,092451,5250,500
BUX1012,0,20101202,092453,21360,3
OTP,0,20101202,092503,5250,8
OTP,0,20101202,092503,5250,11
OTP,0,20101202,092503,5250,989
OTP,0,20101202,092505,5246,11
KEG,0,20101202,092508,161,1000
OTP,0,20101202,092510,5250,500
OTP,0,20101202,092512,5246,40
OTP,0,20101202,092513,5246,50
FOTEX,0,20101202,092513,401,873
OTP,0,20101202,092517,5246,99
OTP,0,20101202,092517,5246,168
OTP,0,20101202,092517,5245,100
OTP,0,20101202,092517,5245,100
OTP,0,20101202,092517,5242,2500
OTP,0,20101202,092520,5242,200
BUX1012,0,20101202,092520,21360,19
BUX1012,0,20101202,092520,21360,20
OTP,0,20101202,092521,5242,12
OTP,0,20101202,092522,5240,80
OTP,0,20101202,092522,5240,800
OTP,0,20101202,092522,5240,32
OTP,0,20101202,092522,5240,780
OTP,0,20101202,092527,5238,80
MOL,0,20101202,092530,19050,346
MOL,0,20101202,092530,19050,5
MTELEKOM,0,20101202,092537,550,2172
EGIS,0,20101202,092538,19250,20
EGIS,0,20101202,092538,19220,13
OTP,0,20101202,092542,5238,20
BUX1012,0,20101202,092543,21351,1
RICHTER,0,20101202,092544,45000,123
MTELEKOM,0,20101202,092546,550,10
BUX1012,0,20101202,092546,21360,11
BUX1012,0,20101202,092546,21370,1
BUX1012,0,20101202,092546,21376,5
BUX1012,0,20101202,092546,21377,5
BUX1012,0,20101202,092546,21378,1
BUX1012,0,20101202,092546,21378,1
BUX1012,0,20101202,092546,21379,1
BUX1012,0,20101202,092548,21379,1
BUX1012,0,20101202,092548,21379,20
BUX1012,0,20101202,092548,21380,4
BUX1012,0,20101202,092552,21380,10
OTP,0,20101202,092554,5238,100
OTP,0,20101202,092554,5235,150
OTP,0,20101202,092554,5235,200
OTP,0,20101202,092554,5231,50
OTP,0,20101202,092554,5230,210
OTP,0,20101202,092554,5230,50
OTP,0,20101202,092554,5230,20
OTP,0,20101202,092554,5230,40
OTP,0,20101202,092554,5230,130
OTP,0,20101202,092554,5230,190
OTP,0,20101202,092600,5235,10
MOL,0,20101202,092602,19045,50
BUX1012,0,20101202,092603,21350.5,1
OTP,0,20101202,092605,5235,1250
OTP,0,20101202,092606,5230,680
OTP,0,20101202,092608,5226,300
OTP,0,20101202,092608,5230,48
BUX1012,0,20101202,092611,21350,6
OTP,0,20101202,092612,5226,575
OTP,0,20101202,092612,5225,1659
OTP,0,20101202,092612,5225,2338
OTP,0,20101202,092612,5225,450
OTP,0,20101202,092612,5225,400
OTP,0,20101202,092612,5225,10
OTP,0,20101202,092612,5225,50
OTP,0,20101202,092612,5223,185
OTP,0,20101202,092612,5230,600
BUX1012,0,20101202,092612,21345,5
MTELEKOM,0,20101202,092614,549,350
MTELEKOM,0,20101202,092614,548,229
OTP,0,20101202,092616,5230,1000
OTP,0,20101202,092617,5230,120
OTP,0,20101202,092620,5230,52
OTP,0,20101202,092620,5230,366
MTELEKOM,0,20101202,092621,549,289
OTP,0,20101202,092625,5230,634
OTP,0,20101202,092625,5230,366
OTP,0,20101202,092633,5228,165
OTP,0,20101202,092633,5223,15
OTP,0,20101202,092633,5222,70
OTP,0,20101202,092634,5230,16
BUX1012,0,20101202,092636,21345,5
OTP,0,20101202,092636,5225,500
PANNERGY,0,20101202,092637,890,300
BUX1012,0,20101202,092638,21345,1
OTP,0,20101202,092641,5225,200
MOL,0,20101202,092641,19030,5
MOL,0,20101202,092641,19030,10
MOL,0,20101202,092641,19025,20
MOL,0,20101202,092641,19020,930
MOL,0,20101202,092641,19020,25
MOL,0,20101202,092641,19020,10
MOL,0,20101202,092642,19020,40
MOL,0,20101202,092642,19020,5
MOL,0,20101202,092642,19020,500
MOL,0,20101202,092642,19020,350
KEG,0,20101202,092643,160,240
MTELEKOM,0,20101202,092644,550,2700
OTP,0,20101202,092645,5225,40
MOL,0,20101202,092647,19015,200
MOL,0,20101202,092648,19010,140
MOL,0,20101202,092648,19005,100
MOL,0,20101202,092648,19005,3
MOL,0,20101202,092648,19005,20
MOL,0,20101202,092649,19005,40
MOL,0,20101202,092649,19000,200
MOL,0,20101202,092649,19000,60
MOL,0,20101202,092649,19000,100
MOL,0,20101202,092649,19000,50
MOL,0,20101202,092649,19000,100
MOL,0,20101202,092649,19000,15
MOL,0,20101202,092649,19000,50
OTP,0,20101202,092649,5225,500
MOL,0,20101202,092653,18980,20
MOL,0,20101202,092653,18980,34
OTP,0,20101202,092658,5225,255
BUX1012,0,20101202,092701,21332,3
OTP,0,20101202,092702,5225,200
MOL,0,20101202,092702,18970,239
MOL,0,20101202,092703,18970,23
OTP,0,20101202,092703,5223,22
OTP,0,20101202,092703,5222,30
OTP,0,20101202,092703,5221,30
OTP,0,20101202,092703,5220,300
OTP,0,20101202,092703,5220,518
MOL,0,20101202,092703,18970,258
OTP,0,20101202,092705,5225,5
OTP,0,20101202,092705,5225,477
MOL,0,20101202,092705,18970,20
OTP,0,20101202,092706,5220,200
OTP,0,20101202,092706,5220,32
OTP,0,20101202,092709,5222,40
BUX1012,0,20101202,092709,21332,2
BUX1012,0,20101202,092709,21332,3
OTP,0,20101202,092711,5225,12
OTP,0,20101202,092714,5221,200
OTP,0,20101202,092714,5220,168
OTP,0,20101202,092714,5220,500
OTP,0,20101202,092714,5220,1000
OTP,0,20101202,092714,5220,95
OTP,0,20101202,092714,5220,230
OTP,0,20101202,092715,5220,100
MOL,0,20101202,092715,18970,22
MOL,0,20101202,092715,18995,98
OTP,0,20101202,092716,5220,50
OTP,0,20101202,092716,5220,50
OTP,0,20101202,092716,5220,75
OTP,0,20101202,092716,5219,26
OTP,0,20101202,092716,5219,2299
MOL,0,20101202,092717,18960,20
OTP,0,20101202,092718,5219,201
BUX1012,0,20101202,092719,21345,1
BUX1012,0,20101202,092719,21345,1
MOL,0,20101202,092721,18995,30
BUX1012,0,20101202,092721,21326.5,30
BUX1012,0,20101202,092722,21320,2
BUX1012,0,20101202,092728,21305,4
MTELEKOM,0,20101202,092728,550,233
MTELEKOM,0,20101202,092728,550,290
MOL,0,20101202,092731,18960,180
MOL,0,20101202,092731,18955,50
MOL,0,20101202,092731,18950,195
BUX1012,0,20101202,092733,21305,1
MOL,0,20101202,092733,18990,200
RABA,0,20101202,092734,843,200
BUX1012,0,20101202,092735,21305,5
ECONET,0,20101202,092737,95,5
OTP,0,20101202,092737,5219,2000
BUX1012,0,20101202,092738,21305,5
OTP,0,20101202,092739,5220,5
OTP,0,20101202,092739,5218,360
OTP,0,20101202,092739,5218,100
OTP,0,20101202,092739,5217,5
OTP,0,20101202,092739,5215,6
OTP,0,20101202,092739,5215,100
OTP,0,20101202,092739,5215,429
BUX1012,0,20101202,092745,21303,2
BUX1012,0,20101202,092746,21303,23
BUX1012,0,20101202,092746,21302,10
BUX1012,0,20101202,092746,21302,2
OTP,0,20101202,092747,5219,500
OTP,0,20101202,092747,5215,45
MOL,0,20101202,092754,18995,20
OTP,0,20101202,092754,5219,500
BUX1012,0,20101202,092755,21300,6
BUX1012,0,20101202,092758,21310,17
BUX1012,0,20101202,092758,21320,3
BUX1012,0,20101202,092758,21326,30
BUX1012,0,20101202,092801,21301.5,1
BUX1012,0,20101202,092801,21301,1
BUX1012,0,20101202,092803,21305,2
MOL,0,20101202,092805,18995,113
MTELEKOM,0,20101202,092805,551,70
MOL,0,20101202,092807,18995,25
OTP,0,20101202,092809,5220,561
MOL,0,20101202,092810,18995,17
MOL,0,20101202,092810,19000,5
MTELEKOM,0,20101202,092812,552,1000
MTELEKOM,0,20101202,092814,553,13
OTP,0,20101202,092815,5220,15
RICHTER,0,20101202,092815,45080,22
OTP,0,20101202,092816,5220,5
OTP,0,20101202,092817,5220,1000
MOL,0,20101202,092818,19000,5
MOL,0,20101202,092818,19000,7
MOL,0,20101202,092819,19000,200
MOL,0,20101202,092820,19000,1
OTP,0,20101202,092820,5220,20
BUX1012,0,20101202,092820,21315,1
MTELEKOM,0,20101202,092821,552,782
OTP,0,20101202,092822,5220,400
OTP,0,20101202,092824,5220,100
KEG,0,20101202,092827,159,1000
MOL,0,20101202,092828,19000,3
SYNERGON,0,20101202,092832,515,80
BUX1012,0,20101202,092833,21316,3
BUX1012,0,20101202,092848,21320,1
BUX1012,0,20101202,092848,21319,3
MTELEKOM,0,20101202,092851,551,289
MTELEKOM,0,20101202,092851,553,411
OTP,0,20101202,092856,5219,20
OTP,0,20101202,092856,5219,80
OTP,0,20101202,092900,5216,60
OTP,0,20101202,092900,5215,526
OTP,0,20101202,092900,5215,108
OTP,0,20101202,092900,5215,200
OTP,0,20101202,092900,5215,10
OTP,0,20101202,092900,5215,350
OTP,0,20101202,092900,5215,100
BUX1012,0,20101202,092903,21321,2
BUX1012,0,20101202,092903,21320,1
BUX1012,0,20101202,092903,21318,2
OTP,0,20101202,092903,5215,146
OTP,0,20101202,092903,5219,54
OTP,0,20101202,092911,5219,33
MTELEKOM,0,20101202,092915,553,1121
MTELEKOM,0,20101202,092915,553,2580
MTELEKOM,0,20101202,092915,553,1000
MTELEKOM,0,20101202,092915,553,200
MTELEKOM,0,20101202,092915,553,99
BUX1012,0,20101202,092925,21316.5,4
PANNERGY,0,20101202,092930,890,1000
BUX1012,0,20101202,092930,21310,19
BUX1012,0,20101202,092930,21310,5
BUX1012,0,20101202,092932,21310,76
BUX1012,0,20101202,092933,21310,5
EGIS,0,20101202,092933,19250,38
FHB,0,20101202,092933,984,102
FHB,0,20101202,092933,984,197
MOL,0,20101202,092934,18970,50
MOL,0,20101202,092934,18970,50
MOL,0,20101202,092934,18950,105
MOL,0,20101202,092934,18950,4
MOL,0,20101202,092934,18950,50
MOL,0,20101202,092934,18950,20
MOL,0,20101202,092934,18930,5
MOL,0,20101202,092934,18915,34
MTELEKOM,0,20101202,092934,550,977
MTELEKOM,0,20101202,092934,550,3786
OTP,0,20101202,092934,5218,190
OTP,0,20101202,092934,5215,1098
RICHTER,0,20101202,092935,44935,1
RICHTER,0,20101202,092935,44805,30
RICHTER,0,20101202,092935,44800,25
RICHTER,0,20101202,092935,44800,43
PHYLAXIA,0,20101202,092935,46,1000
OTP,0,20101202,092940,5219,83
OTP,0,20101202,092940,5219,336
MOL,0,20101202,092946,19000,6
BUX1012,0,20101202,092952,21311,1
BUX1012,0,20101202,092952,21320,25
OTP,0,20101202,092955,5219,100
KEG,0,20101202,092959,160,300
KEG,0,20101202,092959,158,2000
KEG,0,20101202,092959,158,1700
KEG,0,20101202,092959,158,2000
BUX1012,0,20101202,093000,21310,5
MOL,0,20101202,093001,18990,20
BUX1012,0,20101202,093005,21310,14
BUX1012,0,20101202,093005,21302,10
BUX1012,0,20101202,093005,21300,39
BUX1012,0,20101202,093005,21300,1
ECONET,0,20101202,093009,95,3000
MTELEKOM,0,20101202,093015,550,289
MTELEKOM,0,20101202,093020,551,290
MTELEKOM,0,20101202,093027,551,1000
BUX1012,0,20101202,093030,21300,5
EGIS,0,20101202,093034,19300,50
BUX1012,0,20101202,093040,21312,9
MTELEKOM,0,20101202,093041,552,120
BUX1012,0,20101202,093043,21300,1
OTP,0,20101202,093043,5216,10
OTP,0,20101202,093043,5216,90
MTELEKOM,0,20101202,093052,552,1880
FHB,0,20101202,093056,987,70
OTP,0,20101202,093108,5217,45
BUX1012,0,20101202,093111,21300,29
BUX1012,0,20101202,093111,21300,36
EGIS,0,20101202,093115,19250,12
EGIS,0,20101202,093115,19220,26
FHB,0,20101202,093115,984,103
FHB,0,20101202,093115,984,45
FHB,0,20101202,093115,984,151
MOL,0,20101202,093115,18950,100
MOL,0,20101202,093115,18950,28
MOL,0,20101202,093115,18920,30
MOL,0,20101202,093115,18920,40
MOL,0,20101202,093115,18915,120
MTELEKOM,0,20101202,093115,551,3010
MTELEKOM,0,20101202,093115,551,1000
MTELEKOM,0,20101202,093115,551,217
MTELEKOM,0,20101202,093115,550,536
OTP,0,20101202,093116,5216,410
OTP,0,20101202,093116,5216,90
OTP,0,20101202,093116,5215,352
OTP,0,20101202,093116,5215,5
OTP,0,20101202,093116,5215,300
OTP,0,20101202,093116,5215,50
OTP,0,20101202,093116,5213,17
OTP,0,20101202,093116,5213,64
RICHTER,0,20101202,093116,44900,99
OTP,0,20101202,093121,5217,155
OTP,0,20101202,093122,5218,35
MTELEKOM,0,20101202,093122,551,50
PANNERGY,0,20101202,093128,887,80
RABA,0,20101202,093128,843,50
RABA,0,20101202,093128,844,50
BUX1012,0,20101202,093131,21300,3
BUX1012,0,20101202,093140,21300,32
KEG,0,20101202,093153,158,2000
OTP,0,20101202,093155,5217,30
OTP,0,20101202,093200,5218,365
OTP,0,20101202,093200,5219,1000
OTP,0,20101202,093200,5220,541
OTP,0,20101202,093200,5220,430
OTP,0,20101202,093201,5220,1100
RICHTER,0,20101202,093205,44900,32
OTP,0,20101202,093206,5220,23
OTP,0,20101202,093206,5220,1790
OTP,0,20101202,093206,5220,687
OTP,0,20101202,093207,5220,20
OTP,0,20101202,093210,5220,100
OTP,0,20101202,093211,5220,5
OTP,0,20101202,093211,5220,1888
OTP,0,20101202,093211,5220,32
OTP,0,20101202,093212,5220,2
MOL,0,20101202,093213,18985,10
ANY,0,20101202,093217,716,63
ANY,0,20101202,093217,716,37
OTP,0,20101202,093218,5220,103
OTP,0,20101202,093218,5220,436
OTP,0,20101202,093220,5220,25
MOL,0,20101202,093224,18990,51
FOTEX,0,20101202,093226,400,583
BUX1012,0,20101202,093228,21300,1
BUX1012,0,20101202,093235,21292,1
MOL,0,20101202,093235,18990,24
MOL,0,20101202,093235,18995,80
OTP,0,20101202,093240,5220,200
OTP,0,20101202,093241,5222,25
OTP,0,20101202,093241,5225,175
OTP,0,20101202,093254,5225,100
OTP,0,20101202,093255,5225,86
OTP,0,20101202,093255,5225,120
OTP,0,20101202,093255,5225,100
OTP,0,20101202,093255,5225,94
BUX1012,0,20101202,093259,21293,1
BUX1012,0,20101202,093259,21290,2
BUX1012,0,20101202,093259,21290,2
BUX1012,0,20101202,093259,21290,2
PANNERGY,0,20101202,093259,888,100
OTP,0,20101202,093300,5225,418
KEG,0,20101202,093304,158,1500
MOL,0,20101202,093305,18995,113
MTELEKOM,0,20101202,093305,553,136
OTP,0,20101202,093310,5221,140
OTP,0,20101202,093311,5225,100
MTELEKOM,0,20101202,093311,554,1716
BUX1012,0,20101202,093311,21300,1
BUX1012,0,20101202,093311,21300,36
BUX1012,0,20101202,093311,21300,2
BUX1012,0,20101202,093311,21300,40
BUX1012,0,20101202,093311,21300,21
MTELEKOM,0,20101202,093313,554,13
MOL,0,20101202,093313,18995,100
MOL,0,20101202,093316,18995,2
MTELEKOM,0,20101202,093316,552,578
OTP,0,20101202,093319,5225,25
RICHTER,0,20101202,093320,44980,3
MTELEKOM,0,20101202,093320,553,290
MTELEKOM,0,20101202,093320,554,710
RICHTER,0,20101202,093320,44900,30
OTP,0,20101202,093321,5225,6
MTELEKOM,0,20101202,093324,553,3000
OTP,0,20101202,093325,5221,360
OTP,0,20101202,093325,5221,70
OTP,0,20101202,093325,5220,775
OTP,0,20101202,093325,5220,1500
OTP,0,20101202,093325,5220,2295
MTELEKOM,0,20101202,093328,553,1000
RICHTER,0,20101202,093330,45000,20
OTP,0,20101202,093334,5220,1572
OTP,0,20101202,093335,5220,1133
BUX1012,0,20101202,093336,21300,4
OTP,0,20101202,093336,5220,30
MOL,0,20101202,093336,18995,10
OTP,0,20101202,093336,5220,65
MOL,0,20101202,093337,18995,155
MOL,0,20101202,093337,19000,121
MOL,0,20101202,093337,19000,30
MOL,0,20101202,093337,19000,100
MOL,0,20101202,093337,19000,100
MOL,0,20101202,093337,19000,264
OTP,0,20101202,093337,5220,1000
OTP,0,20101202,093341,5220,50
OTP,0,20101202,093341,5220,500
MTELEKOM,0,20101202,093341,553,1169
OTP,0,20101202,093345,5220,60
ECONET,0,20101202,093346,95,1051
ECONET,0,20101202,093346,95,249
OTP,0,20101202,093346,5220,162
MOL,0,20101202,093347,18995,460
OTP,0,20101202,093352,5220,838
OTP,0,20101202,093352,5220,1350
OTP,0,20101202,093355,5217,10
FHB,0,20101202,093358,984,150
OTP,0,20101202,093403,5220,2000
OTP,0,20101202,093403,5217,5
OTP,0,20101202,093403,5217,331
OTP,0,20101202,093404,5220,812
OTP,0,20101202,093404,5220,249
BUX1012,0,20101202,093406,21300,1
BUX1012,0,20101202,093406,21300,9
MOL,0,20101202,093409,18995,11
OTP,0,20101202,093418,5224,20
MTELEKOM,0,20101202,093420,553,200
OTP,0,20101202,093421,5220,15
MOL,0,20101202,093422,18985,4
MOL,0,20101202,093422,18985,15
MOL,0,20101202,093423,18985,110
MOL,0,20101202,093426,18990,345
RABA,0,20101202,093432,843,200
RABA,0,20101202,093432,844,100
OTP,0,20101202,093432,5220,80
MOL,0,20101202,093432,18990,295
RICHTER,0,20101202,093438,44990,5
RICHTER,0,20101202,093438,44995,108
RICHTER,0,20101202,093438,45000,80
RICHTER,0,20101202,093438,45000,200
OTP,0,20101202,093438,5224,260
RICHTER,0,20101202,093440,45000,10
OTP,0,20101202,093440,5220,14
OTP,0,20101202,093440,5220,50
OTP,0,20101202,093440,5220,500
OTP,0,20101202,093443,5220,500
OTP,0,20101202,093446,5217,169
OTP,0,20101202,093446,5217,100
FOTEX,0,20101202,093446,400,100
RICHTER,0,20101202,093450,45000,97
MOL,0,20101202,093451,18995,52
OTP,0,20101202,093501,5216,50
OTP,0,20101202,093501,5216,100
OTP,0,20101202,093501,5215,5
OTP,0,20101202,093501,5215,100
OTP,0,20101202,093501,5215,2000
OTP,0,20101202,093501,5215,1245
RICHTER,0,20101202,093503,44995,500
MOL,0,20101202,093503,18930,1
OTP,0,20101202,093504,5220,5
MTELEKOM,0,20101202,093506,553,1000
MOL,0,20101202,093509,19000,10
MOL,0,20101202,093512,18930,49
MOL,0,20101202,093512,18930,1
OTP,0,20101202,093516,5215,1
FHB,0,20101202,093516,987,210
OTP,0,20101202,093518,5220,500
MTELEKOM,0,20101202,093519,553,289
OTP,0,20101202,093523,5215,254
OTP,0,20101202,093523,5215,200
OTP,0,20101202,093532,5215,500
FOTEX,0,20101202,093537,401,3000
BUX1012,0,20101202,093539,21306,2
BUX1012,0,20101202,093539,21303,3
OTP,0,20101202,093541,5215,46
MTELEKOM,0,20101202,093549,553,200
EGIS,0,20101202,093550,19225,50
EGIS,0,20101202,093550,19220,97
EGIS,0,20101202,093550,19220,50
RABA,0,20101202,093550,843,200
RABA,0,20101202,093550,844,200
RABA,0,20101202,093550,845,100
BUX1012,0,20101202,093553,21306,1
MOL,0,20101202,093554,18995,30
OTP,0,20101202,093554,5216,100
OTP,0,20101202,093554,5215,454
OTP,0,20101202,093602,5215,10
OTP,0,20101202,093607,5215,1436
OTP,0,20101202,093607,5215,4
OTP,0,20101202,093610,5215,10
MOL,0,20101202,093613,18995,20
MOL,0,20101202,093613,19000,26
MOL,0,20101202,093613,19000,50
MOL,0,20101202,093613,19000,8
OTP,0,20101202,093618,5214,195
MTELEKOM,0,20101202,093619,553,142
MTELEKOM,0,20101202,093619,552,147
OTP,0,20101202,093620,5214,419
BUX1012,0,20101202,093620,21306,15
OTP,0,20101202,093624,5214,386
OTP,0,20101202,093624,5215,990
FHB,0,20101202,093627,987,280
FHB,0,20101202,093630,987,420
MOL,0,20101202,093632,18995,10
OTP,0,20101202,093632,5213,10
OTP,0,20101202,093632,5212,31
OTP,0,20101202,093632,5211,390
OTP,0,20101202,093632,5211,101
OTP,0,20101202,093633,5214,100
PANNERGY,0,20101202,093634,888,150
OTP,0,20101202,093637,5214,10
MOL,0,20101202,093638,18995,51
BUX1012,0,20101202,093638,21306,1
OTP,0,20101202,093640,5211,9
OTP,0,20101202,093640,5210,33
OTP,0,20101202,093640,5210,200
OTP,0,20101202,093640,5210,400
OTP,0,20101202,093640,5210,1000
OTP,0,20101202,093640,5210,858
OTP,0,20101202,093640,5210,50
OTP,0,20101202,093642,5214,50
RABA,0,20101202,093646,843,500
OTP,0,20101202,093646,5210,92
OTP,0,20101202,093646,5210,170
OTP,0,20101202,093646,5210,480
OTP,0,20101202,093646,5210,25
OTP,0,20101202,093646,5210,1233
FHB,0,20101202,093648,987,140
FHB,0,20101202,093648,987,300
BUX1012,0,20101202,093651,21306,2
OTP,0,20101202,093654,5214,20
OTP,0,20101202,093654,5215,100
OTP,0,20101202,093654,5215,50
OTP,0,20101202,093654,5216,50
OTP,0,20101202,093655,5211,155
OTP,0,20101202,093659,5211,10
OTP,0,20101202,093701,5213,100
PANNERGY,0,20101202,093702,888,475
OTP,0,20101202,093702,5216,150
OTP,0,20101202,093703,5215,10
OTP,0,20101202,093703,5211,420
OTP,0,20101202,093705,5211,415
OTP,0,20101202,093707,5210,1267
OTP,0,20101202,093707,5210,52
OTP,0,20101202,093707,5210,585
OTP,0,20101202,093708,5210,496
OTP,0,20101202,093712,5210,504
OTP,0,20101202,093712,5210,20
FHB,0,20101202,093713,987,560
OTP,0,20101202,093714,5209,50
OTP,0,20101202,093714,5209,150
OTP,0,20101202,093714,5208,195
OTP,0,20101202,093714,5207,120
OTP,0,20101202,093714,5206,535
OTP,0,20101202,093714,5210,976
OTP,0,20101202,093718,5210,200
OTP,0,20101202,093719,5210,1324
OTP,0,20101202,093719,5210,100
RABA,0,20101202,093719,843,300
MTELEKOM,0,20101202,093719,552,290
OTP,0,20101202,093720,5210,576
OTP,0,20101202,093721,5210,18
OTP,0,20101202,093725,5211,585
EGIS,0,20101202,093726,19210,50
EGIS,0,20101202,093726,19210,400
OTP,0,20101202,093728,5215,1000
OTP,0,20101202,093729,5218,20
OTP,0,20101202,093729,5219,130
BUX1012,0,20101202,093730,21306,7
BUX1012,0,20101202,093730,21303,7
BUX1012,0,20101202,093730,21300,1
BUX1012,0,20101202,093730,21300,5
EGIS,0,20101202,093734,19200,4
EGIS,0,20101202,093734,19200,13
EGIS,0,20101202,093734,19200,48
EGIS,0,20101202,093734,19200,48
BUX1012,0,20101202,093735,21300,4
BUX1012,0,20101202,093748,21300,20
OTP,0,20101202,093750,5214,50
RABA,0,20101202,093751,843,200
MOL,0,20101202,093752,18995,3
OTP,0,20101202,093753,5210,482
OTP,0,20101202,093753,5210,500
OTP,0,20101202,093753,5206,18
OTP,0,20101202,093753,5206,50
OTP,0,20101202,093753,5213,450
BUX1012,0,20101202,093755,21300,21
OTP,0,20101202,093756,5210,1000
MOL,0,20101202,093801,18950,17
MOL,0,20101202,093801,18950,5
MOL,0,20101202,093801,18950,140
OTP,0,20101202,093801,5206,100
OTP,0,20101202,093803,5210,500
MOL,0,20101202,093805,18950,38
MTELEKOM,0,20101202,093805,553,1851
MTELEKOM,0,20101202,093806,553,13
OTP,0,20101202,093807,5210,1500
OTP,0,20101202,093812,5206,1000
MOL,0,20101202,093815,18995,74
OTP,0,20101202,093817,5210,5000
OTP,0,20101202,093818,5207,12
MTELEKOM,0,20101202,093819,552,289
RICHTER,0,20101202,093820,44985,22
MOL,0,20101202,093820,18995,2
OTP,0,20101202,093821,5213,5
BUX1012,0,20101202,093821,21300,2
OTP,0,20101202,093829,5210,250
OTP,0,20101202,093836,5207,288
OTP,0,20101202,093836,5206,12
OTP,0,20101202,093843,5206,500
OTP,0,20101202,093846,5210,100
OTP,0,20101202,093846,5210,200
OTP,0,20101202,093851,5211,3
OTP,0,20101202,093851,5210,197
BUX1012,0,20101202,093853,21295,2
BUX1012,0,20101202,093853,21300,27
BUX1012,0,20101202,093853,21300,5
OTP,0,20101202,093854,5210,3
OTP,0,20101202,093854,5210,500
OTP,0,20101202,093854,5208,99
BUX1012,0,20101202,093857,21320,1
OTP,0,20101202,093858,5208,3398
BUX1012,0,20101202,093858,21300,5
OTP,0,20101202,093858,5210,100
OTP,0,20101202,093901,5213,545
BUX1012,0,20101202,093905,21300,50
OTP,0,20101202,093907,5214,450
OTP,0,20101202,093907,5214,50
OTP,0,20101202,093907,5215,200
BUX1012,0,20101202,093907,21300,3
BUX1012,0,20101202,093908,21300,8
BUX1012,0,20101202,093908,21291,22
OTP,0,20101202,093909,5210,1900
OTP,0,20101202,093909,5210,100
OTP,0,20101202,093909,5210,900
MOL,0,20101202,093911,18995,25
OTP,0,20101202,093912,5210,100
RICHTER,0,20101202,093912,44900,14
RICHTER,0,20101202,093912,44900,68
RICHTER,0,20101202,093912,44900,61
FOTEX,0,20101202,093913,402,315
FOTEX,0,20101202,093913,402,100
OTP,0,20101202,093916,5215,500
OTP,0,20101202,093917,5210,900
MOL,0,20101202,093917,18970,300
MOL,0,20101202,093917,18970,43
RICHTER,0,20101202,093917,44900,99
MTELEKOM,0,20101202,093918,552,1100
MTELEKOM,0,20101202,093918,552,4015
EGIS,0,20101202,093918,19200,2
EGIS,0,20101202,093918,19150,31
OTP,0,20101202,093919,5210,223
MTELEKOM,0,20101202,093921,552,289
RICHTER,0,20101202,093921,44900,24
OTP,0,20101202,093921,5210,231
RABA,0,20101202,093923,836,350
KEG,0,20101202,093924,158,500
OTP,0,20101202,093924,5210,546
BUX1012,0,20101202,093925,21291,15
BUX1012,0,20101202,093926,21300,19
OTP,0,20101202,093927,5210,135
BUX1012,0,20101202,093927,21291,30
BUX1012,0,20101202,093929,21300,1
MOL,0,20101202,093929,18995,47
OTP,0,20101202,093930,5210,319
OTP,0,20101202,093930,5210,20
OTP,0,20101202,093933,5210,1000
BUX1012,0,20101202,093933,21291,10
BUX1012,0,20101202,093934,21291,3
KEG,0,20101202,093936,158,12300
KEG,0,20101202,093936,158,300
KEG,0,20101202,093936,158,450
OTP,0,20101202,093940,5215,300
OTP,0,20101202,093940,5215,119
OTP,0,20101202,093941,5215,80
PANNERGY,0,20101202,093947,887,100
OTP,0,20101202,093953,5210,1123
KEG,0,20101202,093955,157,1000
KEG,0,20101202,093955,157,5000
MOL,0,20101202,093957,18995,100
OTP,0,20101202,094000,5215,251
OTP,0,20101202,094000,5215,100
GSPARK,0,20101202,094015,772,75
MTELEKOM,0,20101202,094020,552,290
EBGOLD,0,20101202,094032,2965,25
OTP,0,20101202,094033,5214,35
OTP,0,20101202,094033,5210,38
OTP,0,20101202,094033,5210,112
BUX1012,0,20101202,094035,21290,6
OTP,0,20101202,094036,5213,500
KEG,0,20101202,094038,156,214
KEG,0,20101202,094038,156,286
BUX1012,0,20101202,094040,21280,1
KEG,0,20101202,094043,156,14
KEG,0,20101202,094043,156,300
KEG,0,20101202,094043,156,200
MOL,0,20101202,094051,18990,20
OTP,0,20101202,094058,5210,17
OTP,0,20101202,094059,5210,90
OTP,0,20101202,094100,5210,781
OTP,0,20101202,094100,5210,50
OTP,0,20101202,094100,5210,89
OTP,0,20101202,094100,5210,80
OTP,0,20101202,094101,5210,16
OTP,0,20101202,094101,5210,200
OTP,0,20101202,094101,5210,249
ECONET,0,20101202,094105,95,751
ECONET,0,20101202,094105,95,10000
ECONET,0,20101202,094105,95,500
BUX1012,0,20101202,094107,21276,2
OTP,0,20101202,094109,5215,400
PANNERGY,0,20101202,094110,890,700
PANNERGY,0,20101202,094110,890,200
PANNERGY,0,20101202,094110,890,100
PANNERGY,0,20101202,094110,890,240
OTP,0,20101202,094111,5211,400
OTP,0,20101202,094112,5211,300
OTP,0,20101202,094114,5215,100
OTP,0,20101202,094114,5215,200
OTP,0,20101202,094114,5216,50
OTP,0,20101202,094114,5217,100
OTP,0,20101202,094114,5219,50
OTP,0,20101202,094115,5211,600
OTP,0,20101202,094115,5210,523
MOL,0,20101202,094115,18970,57
MOL,0,20101202,094115,18970,185
RICHTER,0,20101202,094115,44900,123
BUX1012,0,20101202,094115,21275.5,2
BUX1012,0,20101202,094115,21275.5,3
MTELEKOM,0,20101202,094115,552,406
MTELEKOM,0,20101202,094115,552,4709
EGIS,0,20101202,094115,19150,33
MOL,0,20101202,094117,18970,10
PANNERGY,0,20101202,094119,890,100
OTP,0,20101202,094120,5219,500
MTELEKOM,0,20101202,094120,552,289
PANNERGY,0,20101202,094120,890,1160
OTP,0,20101202,094127,5210,228
OTP,0,20101202,094127,5210,200
OTP,0,20101202,094127,5210,200
OTP,0,20101202,094127,5210,1000
OTP,0,20101202,094127,5207,150
OTP,0,20101202,094127,5207,3000
OTP,0,20101202,094127,5206,285
OTP,0,20101202,094127,5206,100
OTP,0,20101202,094127,5206,20
OTP,0,20101202,094127,5206,11
OTP,0,20101202,094127,5205,95
OTP,0,20101202,094127,5205,40
OTP,0,20101202,094127,5205,1000
OTP,0,20101202,094127,5205,1000
OTP,0,20101202,094127,5203,250
OTP,0,20101202,094127,5202,700
OTP,0,20101202,094127,5201,500
OTP,0,20101202,094127,5201,100
OTP,0,20101202,094127,5201,500
OTP,0,20101202,094127,5201,2500
OTP,0,20101202,094127,5201,7500
OTP,0,20101202,094127,5201,50
OTP,0,20101202,094127,5201,611
OTP,0,20101202,094127,5201,2300
BUX1012,0,20101202,094128,21276,5
BUX1012,0,20101202,094131,21280,10
OTP,0,20101202,094131,5202,20
MOL,0,20101202,094131,18970,91
MOL,0,20101202,094131,18990,10
MOL,0,20101202,094131,18995,4
MOL,0,20101202,094132,18995,4
OTP,0,20101202,094134,5210,50
OTP,0,20101202,094136,5210,100
OTP,0,20101202,094138,5215,50
BUX1012,0,20101202,094139,21280,1
OTP,0,20101202,094141,5215,50
OTP,0,20101202,094141,5210,1830
OTP,0,20101202,094144,5210,100
RICHTER,0,20101202,094147,44900,5
KEG,0,20101202,094151,156,136
OTP,0,20101202,094153,5207,10
OTP,0,20101202,094153,5203,290
OTP,0,20101202,094155,5210,20
OTP,0,20101202,094155,5210,20
OTP,0,20101202,094155,5218,60
OTP,0,20101202,094208,5203,5
MTELEKOM,0,20101202,094220,552,289
ECONET,0,20101202,094220,94,100
OTP,0,20101202,094224,5210,24
OTP,0,20101202,094224,5210,76
RABA,0,20101202,094226,835,500
RABA,0,20101202,094226,835,500
MOL,0,20101202,094228,18950,40
BUX1012,0,20101202,094232,21280,5
BUX1012,0,20101202,094233,21280,5
MOL,0,20101202,094233,18950,35
MOL,0,20101202,094233,18950,5
MOL,0,20101202,094233,18950,5
PANNERGY,0,20101202,094235,890,100
OTP,0,20101202,094240,5216,55
OTP,0,20101202,094240,5217,57
MOL,0,20101202,094245,18950,5
MOL,0,20101202,094254,18995,140
MOL,0,20101202,094254,18995,50
OTP,0,20101202,094254,5211,5
MOL,0,20101202,094256,18995,285
BUX1012,0,20101202,094256,21280,1
BUX1012,0,20101202,094256,21280,9
OTP,0,20101202,094300,5215,200
OTP,0,20101202,094300,5217,142
OTP,0,20101202,094303,5217,76
MTELEKOM,0,20101202,094305,553,136
MTELEKOM,0,20101202,094305,553,100
MTELEKOM,0,20101202,094305,553,1000
MTELEKOM,0,20101202,094305,553,500
MTELEKOM,0,20101202,094305,553,116
MOL,0,20101202,094306,18995,150
ANY,0,20101202,094307,714,100
MOL,0,20101202,094310,18995,25
MOL,0,20101202,094310,19000,75
MTELEKOM,0,20101202,094310,553,13
MOL,0,20101202,094312,18995,5
BUX1012,0,20101202,094313,21280,10
MOL,0,20101202,094314,18995,80
MOL,0,20101202,094316,19000,30
MOL,0,20101202,094317,19000,50
OTP,0,20101202,094319,5215,200
MOL,0,20101202,094319,18980,3
MOL,0,20101202,094319,18950,2
OTP,0,20101202,094321,5216,6
OTP,0,20101202,094325,5216,118
OTP,0,20101202,094325,5218,118
OTP,0,20101202,094325,5218,70
OTP,0,20101202,094325,5219,450
OTP,0,20101202,094325,5219,539
OTP,0,20101202,094325,5219,610
RICHTER,0,20101202,094325,44975,22
OTP,0,20101202,094325,5214,15
OTP,0,20101202,094325,5211,5
MOL,0,20101202,094325,19000,2
MOL,0,20101202,094330,19000,35
OTP,0,20101202,094331,5211,1
OTP,0,20101202,094338,5219,100
OTP,0,20101202,094338,5211,78
OTP,0,20101202,094338,5205,22
OTP,0,20101202,094346,5215,100
EGIS,0,20101202,094347,19290,10
BUX1012,0,20101202,094348,21280.5,1
OTP,0,20101202,094349,5215,100
MOL,0,20101202,094353,19040,50
OTP,0,20101202,094353,5215,120
OTP,0,20101202,094353,5210,170
RABA,0,20101202,094357,835,200
OTP,0,20101202,094401,5210,100
OTP,0,20101202,094402,5219,192
MTELEKOM,0,20101202,094402,553,450
MTELEKOM,0,20101202,094402,553,4550
OTP,0,20101202,094408,5210,1
KEG,0,20101202,094409,158,500
OTP,0,20101202,094409,5210,64
BUX1012,0,20101202,094413,21300,10
BUX1012,0,20101202,094413,21300,1
BUX1012,0,20101202,094413,21300,2
OTP,0,20101202,094418,5210,60
OTP,0,20101202,094419,5215,95
BUX1012,0,20101202,094439,21300,1
OTP,0,20101202,094441,5211,50
OTP,0,20101202,094441,5210,10
OTP,0,20101202,094445,5210,300
OTP,0,20101202,094445,5210,300
OTP,0,20101202,094445,5210,24
OTP,0,20101202,094445,5210,499
MOL,0,20101202,094445,19000,23
MOL,0,20101202,094445,19000,20
MOL,0,20101202,094445,19000,300
RICHTER,0,20101202,094445,44900,8
RICHTER,0,20101202,094445,44900,50
RICHTER,0,20101202,094445,44900,50
MTELEKOM,0,20101202,094445,552,713
MTELEKOM,0,20101202,094445,552,3000
MTELEKOM,0,20101202,094445,552,767
MTELEKOM,0,20101202,094445,552,635
EGIS,0,20101202,094445,19165,10
EGIS,0,20101202,094445,19160,23
RICHTER,0,20101202,094448,44900,15
OTP,0,20101202,094450,5212,380
OTP,0,20101202,094450,5210,501
BUX1012,0,20101202,094452,21300,1
MOL,0,20101202,094453,18950,5
OTP,0,20101202,094457,5210,1119
RICHTER,0,20101202,094503,44900,145
MTELEKOM,0,20101202,094521,552,289
RICHTER,0,20101202,094521,44900,5
BUX1012,0,20101202,094523,21300,35
BUX1012,0,20101202,094523,21300,6
MOL,0,20101202,094537,19000,343
MOL,0,20101202,094537,19000,24
MOL,0,20101202,094537,19040,345
MOL,0,20101202,094537,19045,20
MOL,0,20101202,094537,19045,100
MOL,0,20101202,094537,19045,168
MOL,0,20101202,094544,18950,1
OTP,0,20101202,094549,5210,250
OTP,0,20101202,094551,5210,300
OTP,0,20101202,094552,5210,58
OTP,0,20101202,094556,5210,110
MTELEKOM,0,20101202,094557,552,5000
BUX1012,0,20101202,094558,21276.5,1
BUX1012,0,20101202,094558,21276,2
OTP,0,20101202,094601,5210,180
BUX1012,0,20101202,094603,21300,1
RABA,0,20101202,094607,835,80
BUX1012,0,20101202,094607,21300,49
PANNERGY,0,20101202,094609,890,219
OTP,0,20101202,094620,5210,45
OTP,0,20101202,094620,5210,419
MTELEKOM,0,20101202,094622,552,76
MTELEKOM,0,20101202,094622,552,214
OTP,0,20101202,094626,5209,50
BUX1012,0,20101202,094630,21300,1
RICHTER,0,20101202,094631,44900,20
OTP,0,20101202,094637,5207,50
RICHTER,0,20101202,094646,44900,75
OTP,0,20101202,094700,5209,200
MTELEKOM,0,20101202,094718,552,2025
BUX1012,0,20101202,094731,21280,5
BUX1012,0,20101202,094731,21280,1
BUX1012,0,20101202,094734,21280,13
GENESIS,0,20101202,094735,253,100
GENESIS,0,20101202,094735,252,50
OTP,0,20101202,094747,5208,80
GENESIS,0,20101202,094747,252,893
FHB,0,20101202,094753,985,500
FHB,0,20101202,094753,985,66
BUX1012,0,20101202,094754,21280,1
BUX1012,0,20101202,094754,21280,1
OTP,0,20101202,094805,5208,195
OTP,0,20101202,094805,5209,750
OTP,0,20101202,094805,5210,1055
MTELEKOM,0,20101202,094805,553,619
MOL,0,20101202,094810,19035,100
MOL,0,20101202,094810,19035,13
OTP,0,20101202,094811,5210,500
MTELEKOM,0,20101202,094815,554,1233
MTELEKOM,0,20101202,094816,554,13
MTELEKOM,0,20101202,094817,552,4
OTP,0,20101202,094818,5207,150
OTP,0,20101202,094819,5207,300
RICHTER,0,20101202,094825,44900,11
RICHTER,0,20101202,094825,44900,11
OTP,0,20101202,094826,5210,5
MOL,0,20101202,094831,19045,1
MOL,0,20101202,094831,19000,1
PANNERGY,0,20101202,094832,891,100
RICHTER,0,20101202,094834,44895,5
BUX1012,0,20101202,094837,21285,1
BUX1012,0,20101202,094837,21280,5
BUX1012,0,20101202,094841,21280,14
BUX1012,0,20101202,094842,21280,30
PANNERGY,0,20101202,094846,893,300
OTP,0,20101202,094910,5207,500
OTP,0,20101202,094918,5207,500
OTP,0,20101202,094930,5206,20
PANNERGY,0,20101202,094932,890,100
OTP,0,20101202,094935,5207,1000
MTELEKOM,0,20101202,094938,554,290
OTP,0,20101202,094940,5207,78
PANNERGY,0,20101202,094942,891,100
PANNERGY,0,20101202,094942,890,100
OTP,0,20101202,094950,5209,340
OTP,0,20101202,094959,5209,180
OTP,0,20101202,095000,5209,480
OTP,0,20101202,095000,5209,520
OTP,0,20101202,095013,5209,70
RABA,0,20101202,095022,835,584
RABA,0,20101202,095022,835,80
RABA,0,20101202,095022,840,311
OTP,0,20101202,095025,5209,232
BUX1012,0,20101202,095043,21280,6
BUX1012,0,20101202,095043,21280,5
BUX1012,0,20101202,095043,21280,25
BUX1012,0,20101202,095044,21276,1
OTP,0,20101202,095045,5206,100
OTP,0,20101202,095050,5206,400
OTP,0,20101202,095117,5207,25
OTP,0,20101202,095117,5206,75
RICHTER,0,20101202,095121,44850,50
OTP,0,20101202,095137,5206,55
OTP,0,20101202,095137,5206,111
OTP,0,20101202,095137,5206,500
OTP,0,20101202,095137,5206,1000
OTP,0,20101202,095137,5205,178
OTP,0,20101202,095137,5205,1500
OTP,0,20101202,095137,5205,1500
OTP,0,20101202,095137,5205,500
OTP,0,20101202,095137,5205,300
OTP,0,20101202,095137,5205,500
OTP,0,20101202,095137,5205,31
OTP,0,20101202,095138,5205,100
OTP,0,20101202,095141,5205,425
BUX1012,0,20101202,095143,21280,10
MOL,0,20101202,095143,19010,10
MOL,0,20101202,095143,19005,3
MOL,0,20101202,095143,19005,52
MOL,0,20101202,095143,19005,35
OTP,0,20101202,095156,5209,178
OTP,0,20101202,095156,5209,592
PANNERGY,0,20101202,095158,890,7
PANNERGY,0,20101202,095158,890,93
MOL,0,20101202,095207,19040,15
FHB,0,20101202,095211,985,500
MOL,0,20101202,095212,19040,286
BUX1012,0,20101202,095214,21280,15
BUX1012,0,20101202,095220,21275,1
MOL,0,20101202,095224,19040,44
MOL,0,20101202,095224,19040,28
MOL,0,20101202,095224,19045,228
ECONET,0,20101202,095225,94,150
ECONET,0,20101202,095225,94,224
OTP,0,20101202,095229,5203,1000
OTP,0,20101202,095232,5203,20
OTP,0,20101202,095300,5209,419
MOL,0,20101202,095301,19045,3
MOL,0,20101202,095301,19045,2
BUX1012,0,20101202,095304,21290,1
BUX1012,0,20101202,095304,21295,20
BUX1012,0,20101202,095304,21299,1
BUX1012,0,20101202,095304,21299.5,2
BUX1012,0,20101202,095304,21300,49
BUX1012,0,20101202,095304,21300,1
BUX1012,0,20101202,095304,21300,1
BUX1012,0,20101202,095304,21300,10
BUX1012,0,20101202,095304,21300,2
MTELEKOM,0,20101202,095305,553,1851
BUX1012,0,20101202,095305,21300,13
BUX1012,0,20101202,095305,21280,12
MOL,0,20101202,095310,19065,1
MOL,0,20101202,095310,19065,24
OTP,0,20101202,095312,5203,100
MTELEKOM,0,20101202,095315,553,13
MOL,0,20101202,095316,19070,50
BUX1012,0,20101202,095322,21285,1
OTP,0,20101202,095324,5208,17
RICHTER,0,20101202,095325,44895,22
BUX1012,0,20101202,095325,21310,2
OTP,0,20101202,095326,5208,5
MOL,0,20101202,095326,19090,88
MOL,0,20101202,095330,19090,1
OTP,0,20101202,095331,5208,6
MOL,0,20101202,095336,19090,2
RFV,0,20101202,095343,7798,27
RFV,0,20101202,095343,7799,10
RFV,0,20101202,095343,7800,20
MOL,0,20101202,095345,19060,1
BUX1012,0,20101202,095345,21310,3
BUX1012,0,20101202,095345,21310,9
MOL,0,20101202,095351,19060,15
MOL,0,20101202,095351,19050,15
MOL,0,20101202,095351,19045,25
MOL,0,20101202,095351,19020,165
MOL,0,20101202,095351,19020,50
MOL,0,20101202,095351,19020,130
BUX1012,0,20101202,095407,21310,5
OTP,0,20101202,095420,5205,20
OTP,0,20101202,095430,5205,69
MOL,0,20101202,095434,19050,100
MOL,0,20101202,095434,19035,50
RFV,0,20101202,095438,7800,3
BUX1012,0,20101202,095443,21300,9
OTP,0,20101202,095458,5205,18
OTP,0,20101202,095458,5205,20
OTP,0,20101202,095458,5204,62
OTP,0,20101202,095506,5208,65
OTP,0,20101202,095509,5208,40
BUX1012,0,20101202,095513,21300,1
RICHTER,0,20101202,095519,44895,50
MOL,0,20101202,095519,19060,100
MOL,0,20101202,095519,19060,27
MOL,0,20101202,095519,19060,76
MOL,0,20101202,095527,19060,1
MOL,0,20101202,095531,19060,15
EGIS,0,20101202,095534,19160,6
OTP,0,20101202,095543,5208,20
MOL,0,20101202,095543,19060,50
MOL,0,20101202,095543,19060,35
BUX1012,0,20101202,095550,21300,3
OTP,0,20101202,095550,5205,20
OTP,0,20101202,095550,5205,10
OTP,0,20101202,095550,5205,16
OTP,0,20101202,095550,5205,50
OTP,0,20101202,095550,5204,35
BUX1012,0,20101202,095553,21300,1
BUX1012,0,20101202,095603,21300,9
KEG,0,20101202,095615,157,600
KEG,0,20101202,095615,156,104
KEG,0,20101202,095615,156,300
KEG,0,20101202,095615,156,610
OTP,0,20101202,095620,5205,6
OTP,0,20101202,095620,5205,15
KEG,0,20101202,095621,156,386
MOL,0,20101202,095628,19060,15
MOL,0,20101202,095628,19060,5
RICHTER,0,20101202,095628,44850,50
MTELEKOM,0,20101202,095628,552,757
MTELEKOM,0,20101202,095628,552,4358
EGIS,0,20101202,095628,19160,23
EGIS,0,20101202,095628,19150,10
OTP,0,20101202,095630,5208,97
OTP,0,20101202,095630,5208,167
OTP,0,20101202,095630,5208,50
MTELEKOM,0,20101202,095636,553,3305
MTELEKOM,0,20101202,095636,553,928
OTP,0,20101202,095640,5210,60
OTP,0,20101202,095640,5210,24
OTP,0,20101202,095640,5210,200
KEG,0,20101202,095641,155,550
KEG,0,20101202,095641,155,50
KEG,0,20101202,095641,155,114
KEG,0,20101202,095641,155,1286
OTP,0,20101202,095648,5204,593
OTP,0,20101202,095648,5203,880
OTP,0,20101202,095648,5203,20
OTP,0,20101202,095648,5202,1500
OTP,0,20101202,095648,5202,20
OTP,0,20101202,095648,5201,1000
OTP,0,20101202,095648,5201,1000
OTP,0,20101202,095648,5201,383
OTP,0,20101202,095648,5200,266
OTP,0,20101202,095648,5200,190
OTP,0,20101202,095648,5200,100
OTP,0,20101202,095648,5200,1900
OTP,0,20101202,095648,5200,100
OTP,0,20101202,095648,5200,1000
OTP,0,20101202,095648,5200,500
OTP,0,20101202,095648,5200,20
OTP,0,20101202,095648,5200,100
OTP,0,20101202,095648,5200,300
OTP,0,20101202,095648,5200,50
OTP,0,20101202,095648,5200,2000
OTP,0,20101202,095648,5200,192
OTP,0,20101202,095648,5200,300
OTP,0,20101202,095648,5200,880
OTP,0,20101202,095648,5200,30
OTP,0,20101202,095648,5200,100
OTP,0,20101202,095648,5200,80
OTP,0,20101202,095648,5200,600
OTP,0,20101202,095648,5200,200
OTP,0,20101202,095648,5200,384
OTP,0,20101202,095648,5200,5000
OTP,0,20101202,095648,5200,75
OTP,0,20101202,095648,5200,237
OTP,0,20101202,095648,5200,100
OTP,0,20101202,095648,5200,20
OTP,0,20101202,095648,5200,400
OTP,0,20101202,095648,5200,300
OTP,0,20101202,095648,5200,600
OTP,0,20101202,095648,5200,16
OTP,0,20101202,095648,5200,190
OTP,0,20101202,095648,5200,50
OTP,0,20101202,095648,5200,87
OTP,0,20101202,095648,5200,750
OTP,0,20101202,095648,5200,163
OTP,0,20101202,095648,5200,37
OTP,0,20101202,095648,5200,413
MOL,0,20101202,095650,19040,50
OTP,0,20101202,095653,5201,1500
OTP,0,20101202,095653,5201,500
OTP,0,20101202,095653,5200,1000
OTP,0,20101202,095655,5200,627
OTP,0,20101202,095655,5200,5
OTP,0,20101202,095655,5200,9
OTP,0,20101202,095655,5200,500
OTP,0,20101202,095655,5200,10
OTP,0,20101202,095655,5200,48
OTP,0,20101202,095655,5200,20
OTP,0,20101202,095655,5200,50
OTP,0,20101202,095658,5199,400
OTP,0,20101202,095658,5198,100
OTP,0,20101202,095658,5198,100
OTP,0,20101202,095658,5198,100
OTP,0,20101202,095658,5197,300
BUX1012,0,20101202,095659,21300.5,25
BUX1012,0,20101202,095659,21300,91
OTP,0,20101202,095703,5199,132
BUX1012,0,20101202,095703,21275,1
BUX1012,0,20101202,095703,21266,1
BUX1012,0,20101202,095703,21263,1
BUX1012,0,20101202,095703,21261,1
BUX1012,0,20101202,095703,21260,1
BUX1012,0,20101202,095703,21260,1
MOL,0,20101202,095708,19040,30
MOL,0,20101202,095711,19035,9
OTP,0,20101202,095715,5197,50
OTP,0,20101202,095715,5196,8
OTP,0,20101202,095715,5196,200
OTP,0,20101202,095715,5195,200
OTP,0,20101202,095715,5195,150
OTP,0,20101202,095715,5195,392
OTP,0,20101202,095715,5195,48
RICHTER,0,20101202,095717,44815,31
OTP,0,20101202,095724,5195,60
OTP,0,20101202,095724,5195,640
RICHTER,0,20101202,095726,44850,50
OTP,0,20101202,095730,5199,5
OTP,0,20101202,095734,5195,300
OTP,0,20101202,095741,5199,583
OTP,0,20101202,095741,5199,160
OTP,0,20101202,095741,5200,231
OTP,0,20101202,095741,5200,526
RABA,0,20101202,095744,840,30
RFV,0,20101202,095745,7800,340
GENESIS,0,20101202,095751,258,5
GENESIS,0,20101202,095751,259,50
OTP,0,20101202,095754,5200,174
OTP,0,20101202,095754,5200,826
OTP,0,20101202,095755,5200,50
OTP,0,20101202,095757,5200,247
OTP,0,20101202,095757,5200,3
MOL,0,20101202,095758,19035,11
MOL,0,20101202,095758,19035,49
KEG,0,20101202,095800,155,714
OTP,0,20101202,095802,5200,116
MOL,0,20101202,095802,19040,35
MTELEKOM,0,20101202,095805,554,1852
BUX1012,0,20101202,095807,21280,1
BUX1012,0,20101202,095807,21279,1
PANNERGY,0,20101202,095808,890,7
PANNERGY,0,20101202,095808,890,145
PANNERGY,0,20101202,095808,890,10
BUX1012,0,20101202,095809,21279,1
MOL,0,20101202,095810,19040,85
MOL,0,20101202,095810,19040,27
MTELEKOM,0,20101202,095815,554,13
FHB,0,20101202,095818,984,150
RICHTER,0,20101202,095825,44845,20
OTP,0,20101202,095831,5206,5
OTP,0,20101202,095832,5206,155
OTP,0,20101202,095832,5207,1000
RICHTER,0,20101202,095835,44850,2
MOL,0,20101202,095836,19040,2
OTP,0,20101202,095837,5207,20
BUX1012,0,20101202,095837,21275,1
BUX1012,0,20101202,095837,21274,1
BUX1012,0,20101202,095837,21273,1
RICHTER,0,20101202,095842,44850,21
PANNERGY,0,20101202,095844,890,135
KEG,0,20101202,095844,154,1000
KEG,0,20101202,095844,154,1000
KEG,0,20101202,095844,154,300
KEG,0,20101202,095844,153,4000
KEG,0,20101202,095844,153,250
KEG,0,20101202,095844,152,395
KEG,0,20101202,095844,152,500
KEG,0,20101202,095844,152,480
KEG,0,20101202,095844,152,250
KEG,0,20101202,095844,152,1825
MOL,0,20101202,095846,19040,6
OTP,0,20101202,095854,5208,387
OTP,0,20101202,095854,5209,20
OTP,0,20101202,095854,5210,176
OTP,0,20101202,095854,5210,100
OTP,0,20101202,095854,5210,142
MOL,0,20101202,095856,19050,100
KEG,0,20101202,095857,152,175
KEG,0,20101202,095857,152,2000
KEG,0,20101202,095857,152,400
KEG,0,20101202,095857,152,2000
KEG,0,20101202,095857,151,800
KEG,0,20101202,095857,151,5000
KEG,0,20101202,095857,151,4400
KEG,0,20101202,095857,151,225
EGIS,0,20101202,095858,19200,13
PANNERGY,0,20101202,095907,890,55
PANNERGY,0,20101202,095907,890,188
PANNERGY,0,20101202,095907,888,377
MOL,0,20101202,095911,19050,223
MOL,0,20101202,095911,19060,270
MOL,0,20101202,095911,19085,10
MOL,0,20101202,095911,19090,9
MOL,0,20101202,095911,19090,200
MOL,0,20101202,095911,19095,150
MOL,0,20101202,095911,19100,138
OTP,0,20101202,095911,5210,55
BUX1012,0,20101202,095914,21295,30
BUX1012,0,20101202,095914,21299,10
BUX1012,0,20101202,095914,21300,1
BUX1012,0,20101202,095914,21300,10
BUX1012,0,20101202,095914,21300,30
BUX1012,0,20101202,095919,21300,19
MOL,0,20101202,095920,19100,82
MOL,0,20101202,095920,19100,18
RABA,0,20101202,095921,835,108
RABA,0,20101202,095921,835,1202
GENESIS,0,20101202,095924,262,50
RICHTER,0,20101202,095928,44850,29
MTELEKOM,0,20101202,095928,553,42
MTELEKOM,0,20101202,095928,553,5000
MTELEKOM,0,20101202,095928,552,73
EGIS,0,20101202,095928,19150,26
EGIS,0,20101202,095928,19105,7
OTP,0,20101202,095933,5210,203
OTP,0,20101202,095933,5210,22
MOL,0,20101202,095935,19100,2
MOL,0,20101202,095935,19100,343
BUX1012,0,20101202,095940,21280,1
OTP,0,20101202,095940,5210,78
OTP,0,20101202,095940,5210,340
RICHTER,0,20101202,095942,44815,65
RICHTER,0,20101202,095950,44850,50
BUX1012,0,20101202,095954,21300,1
RABA,0,20101202,100000,835,800
OTP,0,20101202,100015,5208,192
BUX1012,0,20101202,100019,21300,5
OTP,0,20101202,100028,5203,200
OTP,0,20101202,100028,5203,10
OTP,0,20101202,100028,5203,30
RFV,0,20101202,100039,7800,2
OTP,0,20101202,100041,5202,50
BUX1012,0,20101202,100051,21300,1
BUX1012,0,20101202,100051,21300,29
OTP,0,20101202,100055,5208,150
BUX1012,0,20101202,100058,21300,1
EGIS,0,20101202,100100,19200,12
BUX1012,0,20101202,100130,21300,1
EGIS,0,20101202,100133,19110,40
OTP,0,20101202,100139,5202,17
BUX1012,0,20101202,100152,21300,1
BUX1012,0,20101202,100152,21300,12
OTP,0,20101202,100214,5203,500
BUX1012,0,20101202,100238,21300,8
BUX1012,0,20101202,100238,21300,3
BUX1012,0,20101202,100238,21300,3
OTP,0,20101202,100243,5205,170
OTP,0,20101202,100243,5202,30
BUX1012,0,20101202,100245,21300,1
MOL,0,20101202,100248,19100,6
MOL,0,20101202,100248,19100,30
OTP,0,20101202,100300,5208,1658
MTELEKOM,0,20101202,100305,554,1852
OTP,0,20101202,100310,5210,419
BUX1012,0,20101202,100312,21305,1
MOL,0,20101202,100315,19095,115
MTELEKOM,0,20101202,100315,554,13
BUX1012,0,20101202,100322,21305,1
RICHTER,0,20101202,100325,44850,22
BUX1012,0,20101202,100328,21305,11
BUX1012,0,20101202,100328,21300,35
BUX1012,0,20101202,100328,21286,4
OTP,0,20101202,100336,5210,6
BUX1012,0,20101202,100338,21300,1
MOL,0,20101202,100340,19095,1
RICHTER,0,20101202,100354,44820,250
FOTEX,0,20101202,100405,403,200
FOTEX,0,20101202,100405,403,300
OTP,0,20101202,100406,5210,358
OTP,0,20101202,100406,5210,10
OTP,0,20101202,100406,5210,32
RFV,0,20101202,100411,7800,13
KEG,0,20101202,100412,155,286
KEG,0,20101202,100412,157,2000
OTP,0,20101202,100414,5210,150
OTP,0,20101202,100419,5210,100
OTP,0,20101202,100419,5210,218
OTP,0,20101202,100419,5210,400
OTP,0,20101202,100429,5212,1000
EGIS,0,20101202,100435,19200,8
EGIS,0,20101202,100435,19200,5
OTP,0,20101202,100442,5214,200
PANNERGY,0,20101202,100443,890,272
PANNERGY,0,20101202,100503,888,78
BUX1012,0,20101202,100504,21309,1
BUX1012,0,20101202,100504,21310,4
BUX1012,0,20101202,100507,21310,1
BUX1012,0,20101202,100507,21310,2
BUX1012,0,20101202,100507,21310,1
BUX1012,0,20101202,100507,21310,1
BUX1012,0,20101202,100507,21311,2
RICHTER,0,20101202,100508,44850,22
BUX1012,0,20101202,100516,21310,1
OTP,0,20101202,100521,5215,20
OTP,0,20101202,100521,5215,180
OTP,0,20101202,100527,5215,100
BUX1012,0,20101202,100531,21317,1
KEG,0,20101202,100533,157,214
KEG,0,20101202,100533,156,160
KEG,0,20101202,100533,155,250
KEG,0,20101202,100533,155,1000
KEG,0,20101202,100533,155,2000
KEG,0,20101202,100533,155,2500
KEG,0,20101202,100533,155,1775
KEG,0,20101202,100533,155,1000
KEG,0,20101202,100533,155,4000
KEG,0,20101202,100533,154,17315
OTP,0,20101202,100535,5215,25
OTP,0,20101202,100538,5215,150
OTP,0,20101202,100542,5215,50
KEG,0,20101202,100544,157,786
KEG,0,20101202,100544,158,400
KEG,0,20101202,100544,158,3000
KEG,0,20101202,100544,159,814
OTP,0,20101202,100545,5215,911
OTP,0,20101202,100555,5214,8
OTP,0,20101202,100555,5215,489
OTP,0,20101202,100555,5215,50
OTP,0,20101202,100555,5215,300
OTP,0,20101202,100559,5210,100
ANY,0,20101202,100600,710,50
KEG,0,20101202,100602,158,1000
OTP,0,20101202,100605,5217,50
KEG,0,20101202,100614,158,1500
MOL,0,20101202,100618,19095,13
OTP,0,20101202,100620,5217,418
KEG,0,20101202,100624,159,186
KEG,0,20101202,100624,159,500
KEG,0,20101202,100624,159,620
KEG,0,20101202,100624,159,379
KEG,0,20101202,100635,159,101
KEG,0,20101202,100635,159,1899
OTP,0,20101202,100635,5217,185
KEG,0,20101202,100636,159,101
OTP,0,20101202,100638,5217,1347
OTP,0,20101202,100638,5218,153
OTP,0,20101202,100640,5218,1245
OTP,0,20101202,100640,5218,443
OTP,0,20101202,100640,5219,4098
OTP,0,20101202,100640,5220,1500
OTP,0,20101202,100640,5220,20
OTP,0,20101202,100640,5220,28
OTP,0,20101202,100640,5220,302
OTP,0,20101202,100640,5220,10
OTP,0,20101202,100640,5220,500
OTP,0,20101202,100640,5220,20
OTP,0,20101202,100640,5220,120
OTP,0,20101202,100640,5220,500
OTP,0,20101202,100640,5220,12
OTP,0,20101202,100640,5220,40
OTP,0,20101202,100640,5220,20
OTP,0,20101202,100640,5220,90
OTP,0,20101202,100640,5224,20
FHB,0,20101202,100643,984,49
FHB,0,20101202,100643,984,200
FHB,0,20101202,100643,984,400
KEG,0,20101202,100643,159,1000
RICHTER,0,20101202,100644,44850,2
OTP,0,20101202,100651,5224,100
KEG,0,20101202,100651,160,500
OTP,0,20101202,100652,5224,30
OTP,0,20101202,100652,5225,8
KEG,0,20101202,100657,159,580
FHB,0,20101202,100657,984,285
RICHTER,0,20101202,100659,44815,18
BUX1012,0,20101202,100702,21317,4
BUX1012,0,20101202,100702,21318,20
BUX1012,0,20101202,100702,21318.5,2
KEG,0,20101202,100706,159,319
BUX1012,0,20101202,100706,21320,3
OTP,0,20101202,100714,5225,12
OTP,0,20101202,100715,5225,11
OTP,0,20101202,100716,5225,12
OTP,0,20101202,100716,5225,23
EGIS,0,20101202,100717,19200,12
EGIS,0,20101202,100717,19120,21
MOL,0,20101202,100720,19090,343
MOL,0,20101202,100720,19095,12
MOL,0,20101202,100722,19080,2
MOL,0,20101202,100722,19080,34
BUX1012,0,20101202,100722,21321,2
BUX1012,0,20101202,100722,21323,1
BUX1012,0,20101202,100722,21325,1
OTP,0,20101202,100725,5225,300
KEG,0,20101202,100725,159,81
OTP,0,20101202,100728,5225,150
KEG,0,20101202,100731,160,1000
KEG,0,20101202,100731,160,4000
MOL,0,20101202,100734,19095,80
MOL,0,20101202,100734,19095,200
MOL,0,20101202,100734,19095,20
OTP,0,20101202,100737,5225,50
MOL,0,20101202,100743,19080,16
MOL,0,20101202,100743,19070,34
BUX1012,0,20101202,100743,21325,4
RICHTER,0,20101202,100747,44850,100
OTP,0,20101202,100748,5222,200
BUX1012,0,20101202,100750,21333,20
BUX1012,0,20101202,100751,21330,1
KEG,0,20101202,100752,160,1000
OTP,0,20101202,100755,5225,100
KEG,0,20101202,100803,161,419
MTELEKOM,0,20101202,100805,553,1851
RICHTER,0,20101202,100805,44820,250
KEG,0,20101202,100805,160,1000
BUX1012,0,20101202,100811,21333,4
