<TICKER>,<PER>,<DTYYYYMMDD>,<TIME>,<CLOSE>,<VOLUME>
BUX1112,0,20101220,090019,21870,3
BUX1112,0,20101220,090019,21870,10
BUX1112,0,20101220,090019,21870,10
BUX1112,0,20101220,090019,21870,20
BUX1112,0,20101220,090019,21870,1
CSEPEL,0,20101220,090056,265,1250
DANUBIUS,0,20101220,090056,4550,50
EGIS,0,20101220,090056,20300,2
EGIS,0,20101220,090056,20300,43
EGIS,0,20101220,090056,20300,3
FHB,0,20101220,090056,975,50
FHB,0,20101220,090056,975,50
FHB,0,20101220,090056,975,45
FHB,0,20101220,090056,975,100
HUMET,0,20101220,090056,10,9500
HUMET,0,20101220,090056,10,500
KEG,0,20101220,090056,149,3000
KEG,0,20101220,090056,149,830
MOL,0,20101220,090056,19500,104
MOL,0,20101220,090056,19500,50
MTELEKOM,0,20101220,090056,519,230
MTELEKOM,0,20101220,090056,519,770
MTELEKOM,0,20101220,090056,519,371
MTELEKOM,0,20101220,090056,519,3859
MTELEKOM,0,20101220,090056,519,50
MTELEKOM,0,20101220,090056,519,5000
MTELEKOM,0,20101220,090056,519,9908
MTELEKOM,0,20101220,090056,519,92
MTELEKOM,0,20101220,090056,519,4810
MTELEKOM,0,20101220,090056,519,98
MTELEKOM,0,20101220,090056,519,902
MTELEKOM,0,20101220,090056,519,4098
MTELEKOM,0,20101220,090056,519,5000
MTELEKOM,0,20101220,090056,519,10000
MTELEKOM,0,20101220,090056,519,902
MTELEKOM,0,20101220,090056,519,9098
MTELEKOM,0,20101220,090056,519,10000
MTELEKOM,0,20101220,090056,519,100
MTELEKOM,0,20101220,090056,519,802
MTELEKOM,0,20101220,090056,519,10000
OTP,0,20101220,090056,5250,15
OTP,0,20101220,090056,5250,50
OTP,0,20101220,090056,5250,65
OTP,0,20101220,090056,5250,19
OTP,0,20101220,090056,5250,1
OTP,0,20101220,090056,5250,76
OTP,0,20101220,090056,5250,20
OTP,0,20101220,090056,5250,69
OTP,0,20101220,090056,5250,25
OTP,0,20101220,090056,5250,2
OTP,0,20101220,090056,5250,43
OTP,0,20101220,090056,5250,1
OTP,0,20101220,090056,5250,12
OTP,0,20101220,090056,5250,38
OTP,0,20101220,090056,5250,10
PANNERGY,0,20101220,090056,907,316
PANNERGY,0,20101220,090056,907,322
PANNERGY,0,20101220,090056,907,510
PANNERGY,0,20101220,090056,907,490
PANNERGY,0,20101220,090056,907,362
PANNERGY,0,20101220,090056,907,824
PANNERGY,0,20101220,090056,907,20
PANNERGY,0,20101220,090056,907,563
PANNERGY,0,20101220,090056,907,218
PANNERGY,0,20101220,090056,907,42
PANNERGY,0,20101220,090056,907,88
PHYLAXIA,0,20101220,090056,45,10000
RABA,0,20101220,090056,800,20
RICHTER,0,20101220,090056,42280,30
RICHTER,0,20101220,090056,42280,50
RICHTER,0,20101220,090056,42280,20
RICHTER,0,20101220,090056,42280,92
RICHTER,0,20101220,090056,42280,108
RICHTER,0,20101220,090056,42280,10
RICHTER,0,20101220,090056,42280,2
RICHTER,0,20101220,090056,42280,40
RICHTER,0,20101220,090056,42280,40
RICHTER,0,20101220,090056,42280,79
MTELEKOM,0,20101220,090203,519,9198
MTELEKOM,0,20101220,090203,519,1183
OTP,0,20101220,090208,5250,2
OTP,0,20101220,090208,5250,98
ZWACK,0,20101220,090209,13400,13
EGIS,0,20101220,090215,20300,10
RICHTER,0,20101220,090216,42280,30
EGIS,0,20101220,090218,20105,25
PANNERGY,0,20101220,090219,907,400
RICHTER,0,20101220,090220,42280,10
RICHTER,0,20101220,090232,42280,81
RICHTER,0,20101220,090241,42280,19
RICHTER,0,20101220,090242,42300,17
PANNERGY,0,20101220,090249,906,100
PANNERGY,0,20101220,090249,906,280
HUMET,0,20101220,090305,10,1493
HUMET,0,20101220,090305,10,1
HUMET,0,20101220,090305,10,2000
HUMET,0,20101220,090305,10,7506
MTELEKOM,0,20101220,090328,520,5000
MTELEKOM,0,20101220,090328,520,50
MTELEKOM,0,20101220,090328,520,1000
MTELEKOM,0,20101220,090328,520,8817
MTELEKOM,0,20101220,090328,520,5000
MTELEKOM,0,20101220,090328,520,5000
MTELEKOM,0,20101220,090328,520,10000
PANNERGY,0,20101220,090347,906,620
PANNERGY,0,20101220,090347,908,512
PANNERGY,0,20101220,090347,909,60
PANNERGY,0,20101220,090347,909,100
PANNERGY,0,20101220,090347,910,258
GENESIS,0,20101220,090357,211,30
PHYLAXIA,0,20101220,090405,45,2500
BUX1112,0,20101220,090410,21870,1
HUMET,0,20101220,090419,10,1000
KEG,0,20101220,090421,149,5
OTP,0,20101220,090428,5255,45
DANUBIUS,0,20101220,090434,4515,2
DANUBIUS,0,20101220,090434,4500,200
DANUBIUS,0,20101220,090434,4500,98
ZWACK,0,20101220,090451,13300,30
RICHTER,0,20101220,090452,42380,25
MTELEKOM,0,20101220,090456,520,100
RICHTER,0,20101220,090503,42390,1
EGIS,0,20101220,090513,20300,24
EGIS,0,20101220,090524,20310,50
RICHTER,0,20101220,090525,42395,2
FHB,0,20101220,090536,980,50
MTELEKOM,0,20101220,090631,518,10
PHYLAXIA,0,20101220,090633,45,750
BUX1112,0,20101220,090633,21870,2
RICHTER,0,20101220,090654,42350,1
RICHTER,0,20101220,090654,42350,49
PANNERGY,0,20101220,090658,907,200
PANNERGY,0,20101220,090658,905,102
PANNERGY,0,20101220,090658,900,100
PANNERGY,0,20101220,090658,900,150
PANNERGY,0,20101220,090658,900,50
PANNERGY,0,20101220,090658,891,1
RICHTER,0,20101220,090706,42390,50
RICHTER,0,20101220,090706,42395,48
RICHTER,0,20101220,090706,42400,100
RICHTER,0,20101220,090708,42400,28
RICHTER,0,20101220,090708,42400,9
DANUBIUS,0,20101220,090716,4500,2
PANNERGY,0,20101220,090723,900,52
RICHTER,0,20101220,090734,42385,11
RICHTER,0,20101220,090734,42400,100
RICHTER,0,20101220,090736,42400,26
BUX1112,0,20101220,090740,21889,2
BUX1112,0,20101220,090740,21889,3
PANNERGY,0,20101220,090759,908,330
RFV,0,20101220,090800,8550,90
RFV,0,20101220,090800,8560,2
EGIS,0,20101220,090806,20310,3
EGIS,0,20101220,090806,20300,3
RFV,0,20101220,090855,8565,1
BUX1112,0,20101220,090856,21889,2
OTP,0,20101220,090921,5259,11
MOL,0,20101220,090925,19600,10
OTP,0,20101220,090927,5267,1
MTELEKOM,0,20101220,090941,520,400
OTP,0,20101220,090949,5259,1
RICHTER,0,20101220,090958,42350,1
OTP,0,20101220,091004,5259,50
MTELEKOM,0,20101220,091005,520,10000
RICHTER,0,20101220,091014,42300,83
RICHTER,0,20101220,091014,42300,1
MTELEKOM,0,20101220,091041,520,2500
MTELEKOM,0,20101220,091042,520,7000
MTELEKOM,0,20101220,091042,520,5000
MTELEKOM,0,20101220,091052,520,8000
OTP,0,20101220,091058,5260,2
OTP,0,20101220,091058,5259,38
OTP,0,20101220,091058,5258,140
RICHTER,0,20101220,091126,42290,1
BUX1112,0,20101220,091139,21897,1
RICHTER,0,20101220,091141,42275,23
MTELEKOM,0,20101220,091142,519,100
MOL,0,20101220,091205,19510,25
RFV,0,20101220,091227,8568,12
RFV,0,20101220,091227,8565,7
MOL,0,20101220,091235,19595,10
MOL,0,20101220,091235,19600,66
RFV,0,20101220,091250,8565,29
RICHTER,0,20101220,091252,42295,2
HUMET,0,20101220,091302,10,1068
HUMET,0,20101220,091302,10,4432
OTP,0,20101220,091304,5258,100
KEG,0,20101220,091351,149,794
OTP,0,20101220,091457,5260,30
OTP,0,20101220,091457,5260,170
RICHTER,0,20101220,091523,42300,50
MTELEKOM,0,20101220,091537,519,100
MTELEKOM,0,20101220,091537,519,500
BUX1112,0,20101220,091619,21901,1
RICHTER,0,20101220,091641,42300,98
RICHTER,0,20101220,091641,42300,5
RICHTER,0,20101220,091641,42300,50
PANNERGY,0,20101220,091647,905,1000
PANNERGY,0,20101220,091647,900,1
OTP,0,20101220,091653,5260,26
OTP,0,20101220,091711,5264,20
OTP,0,20101220,091711,5265,100
KEG,0,20101220,091711,145,40
OTP,0,20101220,091727,5267,59
OTP,0,20101220,091727,5268,800
OTP,0,20101220,091727,5268,98
FHB,0,20101220,091733,980,138
OTP,0,20101220,091737,5277,24
RICHTER,0,20101220,091814,42300,43
MTELEKOM,0,20101220,091825,519,193
RICHTER,0,20101220,091830,42300,57
MOL,0,20101220,091837,19590,16
RFV,0,20101220,091841,8550,10
RFV,0,20101220,091841,8520,7
RFV,0,20101220,091841,8500,26
MOL,0,20101220,091851,19590,50
OTP,0,20101220,091852,5277,76
OTP,0,20101220,091852,5279,50
OTP,0,20101220,091852,5280,200
OTP,0,20101220,091852,5280,75
OTP,0,20101220,091852,5280,99
OTP,0,20101220,091854,5280,311
OTP,0,20101220,091854,5280,189
RICHTER,0,20101220,091912,42300,43
RICHTER,0,20101220,091912,42300,25
KEG,0,20101220,091913,151,789
KEG,0,20101220,091913,152,200
KEG,0,20101220,091913,152,11
OTP,0,20101220,091914,5280,200
OTP,0,20101220,091923,5270,500
OTP,0,20101220,091923,5265,280
OTP,0,20101220,091923,5261,220
MOL,0,20101220,091926,19595,3
MOL,0,20101220,091929,19595,17
MOL,0,20101220,091929,19595,40
MOL,0,20101220,091929,19600,9
MOL,0,20101220,091929,19600,1200
MOL,0,20101220,091929,19600,25
MOL,0,20101220,091931,19600,9
MOL,0,20101220,091931,19590,16
MOL,0,20101220,091934,19590,7
MOL,0,20101220,091935,19590,11
BUX1112,0,20101220,091938,21910,29
MOL,0,20101220,091943,19580,307
OTP,0,20101220,091943,5270,20
BUX1112,0,20101220,091951,21910,25
EGIS,0,20101220,091952,20400,10
EGIS,0,20101220,091952,20410,100
EGIS,0,20101220,091952,20500,1
BUX1112,0,20101220,091958,21910,2
BUX1112,0,20101220,091958,21920,2
BUX1112,0,20101220,091958,21920,1
BUX1112,0,20101220,091958,21924,3
FREESOFT,0,20101220,092004,1921,7000
OTP,0,20101220,092004,5280,111
ANY,0,20101220,092006,727,490
FHB,0,20101220,092007,977,217
FHB,0,20101220,092007,976,100
FHB,0,20101220,092007,975,100
BUX1112,0,20101220,092009,21930,2
BUX1112,0,20101220,092009,21930,1
MOL,0,20101220,092017,19580,100
MOL,0,20101220,092017,19580,100
RICHTER,0,20101220,092017,42300,32
RICHTER,0,20101220,092017,42300,60
RICHTER,0,20101220,092017,42300,8
MOL,0,20101220,092019,19540,50
RICHTER,0,20101220,092020,42300,2
BUX1112,0,20101220,092020,21946,1
BUX1112,0,20101220,092020,21947,5
BUX1112,0,20101220,092020,21947,3
BUX1112,0,20101220,092020,21947.5,1
BUX1112,0,20101220,092020,21948,4
MOL,0,20101220,092029,19600,267
MOL,0,20101220,092033,19580,75
OTP,0,20101220,092041,5284,200
OTP,0,20101220,092041,5284,60
MOL,0,20101220,092057,19600,100
PANNERGY,0,20101220,092058,905,100
MOL,0,20101220,092109,19600,200
MOL,0,20101220,092112,19620,32
MOL,0,20101220,092112,19600,43
RICHTER,0,20101220,092117,42300,1
MOL,0,20101220,092118,19645,6
MOL,0,20101220,092129,19600,7
MOL,0,20101220,092129,19600,93
MOL,0,20101220,092134,19600,7
MOL,0,20101220,092134,19600,1000
MOL,0,20101220,092137,19540,100
MOL,0,20101220,092138,19530,25
MOL,0,20101220,092138,19530,100
EGIS,0,20101220,092157,20500,2
HUMET,0,20101220,092204,10,500
OTP,0,20101220,092224,5280,20
OTP,0,20101220,092227,5284,1
OTP,0,20101220,092228,5280,369
OTP,0,20101220,092234,5270,10
EGIS,0,20101220,092307,20500,10
MOL,0,20101220,092323,19580,100
EGIS,0,20101220,092332,20500,5
OTP,0,20101220,092337,5270,65
MOL,0,20101220,092422,19595,2
MOL,0,20101220,092422,19600,26
MOL,0,20101220,092422,19600,27
MOL,0,20101220,092426,19580,50
OTP,0,20101220,092439,5270,105
OTP,0,20101220,092439,5270,595
MOL,0,20101220,092441,19580,20
MOL,0,20101220,092510,19600,73
MOL,0,20101220,092510,19600,62
MOL,0,20101220,092510,19600,5
BUX1112,0,20101220,092513,21925,1
MOL,0,20101220,092516,19600,10
RICHTER,0,20101220,092521,42300,22
RICHTER,0,20101220,092521,42300,23
MOL,0,20101220,092521,19600,150
MOL,0,20101220,092527,19600,40
OTP,0,20101220,092529,5271,28
MOL,0,20101220,092530,19600,10
MOL,0,20101220,092530,19600,100
OTP,0,20101220,092532,5271,60
OTP,0,20101220,092535,5271,10
MOL,0,20101220,092536,19580,80
MOL,0,20101220,092536,19580,2
MTELEKOM,0,20101220,092539,519,4007
MTELEKOM,0,20101220,092539,519,993
MOL,0,20101220,092542,19580,8
MOL,0,20101220,092544,19580,88
MTELEKOM,0,20101220,092550,519,9007
MTELEKOM,0,20101220,092553,519,993
MTELEKOM,0,20101220,092553,519,9664
MOL,0,20101220,092602,19580,54
MOL,0,20101220,092602,19580,46
OTP,0,20101220,092604,5271,402
OTP,0,20101220,092604,5270,358
MTELEKOM,0,20101220,092612,519,5000
MTELEKOM,0,20101220,092643,519,5000
PANNERGY,0,20101220,092644,905,127
BUX1112,0,20101220,092652,21925,29
BUX1112,0,20101220,092652,21915,21
HUMET,0,20101220,092658,9,5000
MOL,0,20101220,092711,19600,25
BUX1112,0,20101220,092729,21925,1
BUX1112,0,20101220,092734,21925,20
MOL,0,20101220,092754,19645,4
KEG,0,20101220,092823,150,100
OTP,0,20101220,092845,5275,50
OTP,0,20101220,092846,5276,631
OTP,0,20101220,092847,5276,319
OTP,0,20101220,092847,5276,681
OTP,0,20101220,092847,5276,319
RICHTER,0,20101220,092850,42275,2
RICHTER,0,20101220,092850,42275,98
OTP,0,20101220,092852,5276,681
OTP,0,20101220,092853,5276,319
OTP,0,20101220,092910,5276,43
RICHTER,0,20101220,092913,42295,60
RICHTER,0,20101220,092913,42295,90
RICHTER,0,20101220,092913,42295,60
RICHTER,0,20101220,092913,42295,90
OTP,0,20101220,092915,5276,638
RICHTER,0,20101220,092924,42295,60
RICHTER,0,20101220,092925,42295,90
RICHTER,0,20101220,092925,42295,60
RICHTER,0,20101220,092925,42295,90
BUX1112,0,20101220,092954,21925,1
MOL,0,20101220,093005,19605,100
MOL,0,20101220,093018,19600,5
MOL,0,20101220,093018,19600,150
MOL,0,20101220,093018,19600,45
BUX1112,0,20101220,093018,21925,18
BUX1112,0,20101220,093018,21925,9
BUX1112,0,20101220,093018,21925,19
MTELEKOM,0,20101220,093029,520,3000
MTELEKOM,0,20101220,093029,520,5000
MTELEKOM,0,20101220,093029,520,2000
MTELEKOM,0,20101220,093029,520,5000
MTELEKOM,0,20101220,093029,520,3000
PANNERGY,0,20101220,093031,905,90
MOL,0,20101220,093033,19600,5
MOL,0,20101220,093033,19600,95
MOL,0,20101220,093033,19600,55
MOL,0,20101220,093038,19600,45
OTP,0,20101220,093038,5277,300
OTP,0,20101220,093038,5278,200
OTP,0,20101220,093038,5279,100
OTP,0,20101220,093038,5279,25
OTP,0,20101220,093038,5279,300
OTP,0,20101220,093038,5280,100
OTP,0,20101220,093038,5280,475
RICHTER,0,20101220,093041,42290,7
RICHTER,0,20101220,093041,42295,60
RICHTER,0,20101220,093041,42295,50
RICHTER,0,20101220,093041,42300,48
RICHTER,0,20101220,093041,42300,50
MTELEKOM,0,20101220,093042,520,7000
OTP,0,20101220,093043,5280,493
RICHTER,0,20101220,093044,42300,48
RICHTER,0,20101220,093044,42300,37
RICHTER,0,20101220,093047,42300,13
PANNERGY,0,20101220,093048,905,75
MTELEKOM,0,20101220,093052,520,3000
MTELEKOM,0,20101220,093052,520,2000
MTELEKOM,0,20101220,093053,520,3000
RICHTER,0,20101220,093057,42300,37
RICHTER,0,20101220,093103,42300,200
MTELEKOM,0,20101220,093107,521,100
MTELEKOM,0,20101220,093108,520,7000
MTELEKOM,0,20101220,093108,520,5000
MTELEKOM,0,20101220,093115,520,3000
MTELEKOM,0,20101220,093116,520,7000
OTP,0,20101220,093123,5280,32
OTP,0,20101220,093123,5280,300
MTELEKOM,0,20101220,093123,520,2000
MTELEKOM,0,20101220,093124,520,1000
MTELEKOM,0,20101220,093124,520,4000
RICHTER,0,20101220,093126,42275,2
MTELEKOM,0,20101220,093128,520,1000
BUX1112,0,20101220,093128,21925,1
RICHTER,0,20101220,093130,42300,5
RICHTER,0,20101220,093130,42260,25
RICHTER,0,20101220,093130,42250,23
OTP,0,20101220,093157,5280,78
MTELEKOM,0,20101220,093159,521,400
MTELEKOM,0,20101220,093159,521,1000
MTELEKOM,0,20101220,093159,521,1700
MTELEKOM,0,20101220,093159,521,1900
MTELEKOM,0,20101220,093207,521,100
MTELEKOM,0,20101220,093207,521,4200
OTP,0,20101220,093214,5272,190
OTP,0,20101220,093232,5271,122
MTELEKOM,0,20101220,093234,521,100
MTELEKOM,0,20101220,093244,521,367
MTELEKOM,0,20101220,093258,521,133
FHB,0,20101220,093303,975,1000
HUMET,0,20101220,093304,9,10000
MTELEKOM,0,20101220,093305,522,200
MTELEKOM,0,20101220,093305,523,10
MTELEKOM,0,20101220,093305,523,5000
MTELEKOM,0,20101220,093305,523,1000
MTELEKOM,0,20101220,093305,523,2000
MTELEKOM,0,20101220,093305,523,200
MTELEKOM,0,20101220,093305,523,2000
OTP,0,20101220,093313,5280,133
OTP,0,20101220,093313,5280,367
MOL,0,20101220,093316,19600,5
MOL,0,20101220,093316,19600,2
MOL,0,20101220,093316,19600,3
MOL,0,20101220,093327,19600,97
MOL,0,20101220,093332,19580,3
OTP,0,20101220,093334,5280,13
OTP,0,20101220,093334,5280,150
OTP,0,20101220,093334,5280,337
OTP,0,20101220,093346,5280,663
OTP,0,20101220,093346,5280,45
MOL,0,20101220,093409,19620,152
MOL,0,20101220,093409,19620,50
OTP,0,20101220,093414,5280,200
MTELEKOM,0,20101220,093416,523,1000
MTELEKOM,0,20101220,093416,523,2000
MTELEKOM,0,20101220,093419,523,2000
MOL,0,20101220,093423,19620,35
MOL,0,20101220,093430,19585,15
ECONET,0,20101220,093434,90,1905
MTELEKOM,0,20101220,093434,523,1500
OTP,0,20101220,093439,5280,92
OTP,0,20101220,093439,5280,108
FHB,0,20101220,093440,975,50
MTELEKOM,0,20101220,093505,523,50
MTELEKOM,0,20101220,093509,523,2950
FHB,0,20101220,093510,975,150
MOL,0,20101220,093513,19600,51
MOL,0,20101220,093513,19590,94
OTP,0,20101220,093521,5280,392
MTELEKOM,0,20101220,093524,523,290
MTELEKOM,0,20101220,093524,523,2000
ECONET,0,20101220,093542,90,1344
RICHTER,0,20101220,093608,42250,9
MTELEKOM,0,20101220,093626,523,47
MTELEKOM,0,20101220,093629,523,100
RICHTER,0,20101220,093642,42250,8
RICHTER,0,20101220,093642,42250,92
OTP,0,20101220,093655,5280,28
MTELEKOM,0,20101220,093706,523,200
MTELEKOM,0,20101220,093711,523,4
PANNERGY,0,20101220,093728,905,50
MTELEKOM,0,20101220,093733,523,1500
MTELEKOM,0,20101220,093750,523,276
BUX1112,0,20101220,093757,21934.5,7
BUX1112,0,20101220,093757,21935,8
MOL,0,20101220,093801,19600,15
OTP,0,20101220,093816,5271,80
SYNERGON,0,20101220,093817,497,1
MTELEKOM,0,20101220,093821,524,20
BUX1112,0,20101220,093829,21935,1
MTELEKOM,0,20101220,093831,524,3780
MTELEKOM,0,20101220,093831,524,5000
MTELEKOM,0,20101220,093831,524,170
MTELEKOM,0,20101220,093831,524,136
MTELEKOM,0,20101220,093831,524,578
MTELEKOM,0,20101220,093831,524,8000
MTELEKOM,0,20101220,093831,524,2750
MTELEKOM,0,20101220,093831,524,5000
MTELEKOM,0,20101220,093831,524,150
MTELEKOM,0,20101220,093831,524,1000
BUX1112,0,20101220,093849,21935,1
BUX1112,0,20101220,093849,21936,1
RICHTER,0,20101220,093850,42285,1
MOL,0,20101220,093851,19600,80
RABA,0,20101220,093854,804,178
MOL,0,20101220,093910,19600,5
MOL,0,20101220,093910,19590,6
MOL,0,20101220,093915,19590,4
ECONET,0,20101220,093918,90,860
ECONET,0,20101220,093918,90,140
RICHTER,0,20101220,093924,42285,12
MTELEKOM,0,20101220,093958,524,820
MTELEKOM,0,20101220,093958,525,481
MTELEKOM,0,20101220,093958,525,2422
MTELEKOM,0,20101220,093958,525,1010
MTELEKOM,0,20101220,093958,525,200
MTELEKOM,0,20101220,093958,525,67
MOL,0,20101220,094000,19600,12
BUX1112,0,20101220,094001,21915,1
BUX1112,0,20101220,094001,21913,1
MTELEKOM,0,20101220,094008,525,1000
RICHTER,0,20101220,094012,42250,5
RICHTER,0,20101220,094024,42250,3
RICHTER,0,20101220,094027,42200,2
MTELEKOM,0,20101220,094037,524,1550
OTP,0,20101220,094043,5271,217
MOL,0,20101220,094045,19600,1
RICHTER,0,20101220,094057,42200,18
RICHTER,0,20101220,094057,42200,25
RICHTER,0,20101220,094057,42200,50
RICHTER,0,20101220,094057,42200,3
RICHTER,0,20101220,094103,42200,17
RICHTER,0,20101220,094103,42200,2
MTELEKOM,0,20101220,094107,525,933
MTELEKOM,0,20101220,094107,525,5000
MTELEKOM,0,20101220,094107,525,2000
MTELEKOM,0,20101220,094107,525,500
MTELEKOM,0,20101220,094107,525,170
MTELEKOM,0,20101220,094107,525,500
MTELEKOM,0,20101220,094107,525,1250
MTELEKOM,0,20101220,094107,525,1050
MTELEKOM,0,20101220,094107,525,1000
MTELEKOM,0,20101220,094107,525,500
MTELEKOM,0,20101220,094107,525,500
MTELEKOM,0,20101220,094107,525,5350
MTELEKOM,0,20101220,094107,525,250
MTELEKOM,0,20101220,094107,525,232
MTELEKOM,0,20101220,094107,525,5000
MTELEKOM,0,20101220,094107,525,765
MTELEKOM,0,20101220,094112,524,350
MTELEKOM,0,20101220,094112,525,7235
OTP,0,20101220,094116,5271,50
MTELEKOM,0,20101220,094135,525,100
MTELEKOM,0,20101220,094135,525,1000
MTELEKOM,0,20101220,094135,525,2000
MOL,0,20101220,094205,19620,20
OTP,0,20101220,094205,5280,300
OTP,0,20101220,094205,5280,499
OTP,0,20101220,094205,5280,1000
MTELEKOM,0,20101220,094208,525,350
MTELEKOM,0,20101220,094209,526,750
MTELEKOM,0,20101220,094209,526,200
MTELEKOM,0,20101220,094209,526,5000
MTELEKOM,0,20101220,094209,526,170
MTELEKOM,0,20101220,094209,526,100
MTELEKOM,0,20101220,094209,526,150
MTELEKOM,0,20101220,094209,526,250
MTELEKOM,0,20101220,094209,526,200
MTELEKOM,0,20101220,094209,526,136
MTELEKOM,0,20101220,094209,526,2000
MTELEKOM,0,20101220,094229,527,5000
OTP,0,20101220,094232,5280,22
MTELEKOM,0,20101220,094233,527,1000
MTELEKOM,0,20101220,094233,527,140
MTELEKOM,0,20101220,094233,527,260
MTELEKOM,0,20101220,094233,527,1000
MTELEKOM,0,20101220,094233,527,8000
MTELEKOM,0,20101220,094233,527,3550
MTELEKOM,0,20101220,094233,527,4000
MTELEKOM,0,20101220,094251,527,3000
MOL,0,20101220,094259,19600,37
MOL,0,20101220,094259,19600,63
MTELEKOM,0,20101220,094300,527,2000
MTELEKOM,0,20101220,094300,527,1000
OTP,0,20101220,094300,5280,50
OTP,0,20101220,094312,5280,129
OTP,0,20101220,094312,5280,171
MTELEKOM,0,20101220,094313,528,2000
MTELEKOM,0,20101220,094313,528,600
MTELEKOM,0,20101220,094313,528,120
MTELEKOM,0,20101220,094313,528,91
MTELEKOM,0,20101220,094313,528,200
MTELEKOM,0,20101220,094313,528,700
MTELEKOM,0,20101220,094313,528,5000
MTELEKOM,0,20101220,094313,528,500
MTELEKOM,0,20101220,094313,528,1040
MTELEKOM,0,20101220,094313,528,100
MTELEKOM,0,20101220,094313,528,1000
MTELEKOM,0,20101220,094313,528,150
MTELEKOM,0,20101220,094313,528,1098
MTELEKOM,0,20101220,094313,528,500
MTELEKOM,0,20101220,094313,528,2500
MTELEKOM,0,20101220,094313,528,2070
MTELEKOM,0,20101220,094313,528,2000
MTELEKOM,0,20101220,094313,528,5000
MTELEKOM,0,20101220,094313,528,5000
MTELEKOM,0,20101220,094315,527,10
MOL,0,20101220,094316,19600,33
MOL,0,20101220,094321,19600,17
MOL,0,20101220,094330,19600,33
RICHTER,0,20101220,094332,42200,37
MOL,0,20101220,094334,19585,17
OTP,0,20101220,094350,5280,329
OTP,0,20101220,094350,5280,1000
OTP,0,20101220,094358,5280,1000
PANNERGY,0,20101220,094413,903,2500
OTP,0,20101220,094418,5280,616
RICHTER,0,20101220,094425,42200,13
MTELEKOM,0,20101220,094433,527,990
MTELEKOM,0,20101220,094433,527,10
MTELEKOM,0,20101220,094435,527,200
OTP,0,20101220,094443,5280,55
OTP,0,20101220,094443,5280,445
MOL,0,20101220,094445,19600,200
MTELEKOM,0,20101220,094457,528,2000
OTP,0,20101220,094459,5280,55
OTP,0,20101220,094507,5280,445
OTP,0,20101220,094516,5280,50
OTP,0,20101220,094525,5275,8
RICHTER,0,20101220,094532,42150,12
RICHTER,0,20101220,094532,42150,10
MTELEKOM,0,20101220,094536,527,100
RICHTER,0,20101220,094537,42110,6
MTELEKOM,0,20101220,094538,527,4500
MTELEKOM,0,20101220,094545,527,180
FOTEX,0,20101220,094552,390,1000
MTELEKOM,0,20101220,094557,527,1010
MTELEKOM,0,20101220,094557,527,1990
MTELEKOM,0,20101220,094608,527,243
MTELEKOM,0,20101220,094608,527,757
RICHTER,0,20101220,094610,42120,5
RICHTER,0,20101220,094610,42110,44
RICHTER,0,20101220,094614,42100,1
MTELEKOM,0,20101220,094619,527,200
MTELEKOM,0,20101220,094625,527,2000
MTELEKOM,0,20101220,094629,527,550
RFV,0,20101220,094633,8510,12
MTELEKOM,0,20101220,094633,527,5000
MTELEKOM,0,20101220,094634,527,3500
MTELEKOM,0,20101220,094636,527,2993
MOL,0,20101220,094643,19585,18
MOL,0,20101220,094643,19585,50
MOL,0,20101220,094643,19580,32
RICHTER,0,20101220,094649,42100,49
RICHTER,0,20101220,094649,42100,50
RICHTER,0,20101220,094649,42100,8
RICHTER,0,20101220,094649,42100,2
TVK,0,20101220,094659,3355,350
MTELEKOM,0,20101220,094707,527,2007
MTELEKOM,0,20101220,094707,527,200
MTELEKOM,0,20101220,094719,527,1000
MOL,0,20101220,094740,19580,68
MOL,0,20101220,094740,19580,32
MTELEKOM,0,20101220,094741,527,1793
FOTEX,0,20101220,094817,390,500
OTP,0,20101220,094834,5275,500
BUX1112,0,20101220,094834,21920,10
RFV,0,20101220,094839,8510,47
MOL,0,20101220,094843,19585,50
MOL,0,20101220,094843,19580,18
MOL,0,20101220,094843,19580,32
FOTEX,0,20101220,094850,390,200
ZWACK,0,20101220,094851,13350,3
FOTEX,0,20101220,094900,390,300
MOL,0,20101220,094901,19580,68
FOTEX,0,20101220,094901,390,200
EGIS,0,20101220,094904,20420,1
MOL,0,20101220,094905,19555,32
FOTEX,0,20101220,094919,390,368
BUX1112,0,20101220,094919,21930,1
MOL,0,20101220,094926,19595,100
MOL,0,20101220,094932,19555,18
MOL,0,20101220,094932,19550,82
MTELEKOM,0,20101220,094934,527,10
FOTEX,0,20101220,094945,390,632
RICHTER,0,20101220,094945,42195,21
FOTEX,0,20101220,094947,390,898
BUX1112,0,20101220,094954,21930,50
MOL,0,20101220,094954,19550,18
MOL,0,20101220,094954,19550,10
MOL,0,20101220,094954,19550,72
OTP,0,20101220,094955,5279,300
OTP,0,20101220,094955,5280,1505
OTP,0,20101220,094955,5280,30
OTP,0,20101220,094955,5280,100
OTP,0,20101220,095001,5280,200
BUX1112,0,20101220,095008,21936,1
BUX1112,0,20101220,095008,21936,5
MOL,0,20101220,095014,19550,128
MOL,0,20101220,095019,19525,21
OTP,0,20101220,095022,5280,365
OTP,0,20101220,095029,5280,135
OTP,0,20101220,095030,5280,404
ZWACK,0,20101220,095033,13350,67
OTP,0,20101220,095058,5280,41
OTP,0,20101220,095058,5280,53
MTELEKOM,0,20101220,095145,526,5000
MOL,0,20101220,095150,19550,15
OTP,0,20101220,095152,5282,441
MTELEKOM,0,20101220,095202,526,634
MOL,0,20101220,095207,19600,10
MTELEKOM,0,20101220,095217,526,100
SYNERGON,0,20101220,095231,497,92
OTP,0,20101220,095234,5283,15
OTP,0,20101220,095234,5284,300
OTP,0,20101220,095234,5285,14
OTP,0,20101220,095234,5285,100
OTP,0,20101220,095234,5285,71
MOL,0,20101220,095236,19530,163
OTP,0,20101220,095237,5285,29
OTP,0,20101220,095237,5288,20
OTP,0,20101220,095237,5288,25
OTP,0,20101220,095237,5290,150
OTP,0,20101220,095237,5290,50
OTP,0,20101220,095237,5290,50
OTP,0,20101220,095237,5290,2
OTP,0,20101220,095237,5290,174
OTP,0,20101220,095237,5290,2
OTP,0,20101220,095237,5290,324
OTP,0,20101220,095237,5290,2
OTP,0,20101220,095237,5290,174
MTELEKOM,0,20101220,095244,526,766
MTELEKOM,0,20101220,095244,526,234
OTP,0,20101220,095304,5287,47
FOTEX,0,20101220,095305,394,750
MOL,0,20101220,095309,19530,37
MOL,0,20101220,095309,19525,79
MOL,0,20101220,095309,19520,79
OTP,0,20101220,095312,5283,396
OTP,0,20101220,095313,5283,25
OTP,0,20101220,095313,5282,59
OTP,0,20101220,095313,5282,416
OTP,0,20101220,095313,5284,2
OTP,0,20101220,095313,5288,190
OTP,0,20101220,095313,5290,392
MTELEKOM,0,20101220,095317,527,197
MTELEKOM,0,20101220,095317,527,100
MTELEKOM,0,20101220,095317,527,233
OTP,0,20101220,095325,5290,902
OTP,0,20101220,095341,5290,500
PANNERGY,0,20101220,095343,900,47
PANNERGY,0,20101220,095343,900,28
ELMU,0,20101220,095348,27020,10
OTP,0,20101220,095350,5281,50
MTELEKOM,0,20101220,095355,526,200
ELMU,0,20101220,095407,27010,10
OTP,0,20101220,095415,5281,100
RICHTER,0,20101220,095429,42195,6
RICHTER,0,20101220,095436,42100,4
RICHTER,0,20101220,095436,42100,6
RICHTER,0,20101220,095436,42100,10
OTP,0,20101220,095440,5288,20
OTP,0,20101220,095440,5289,23
RICHTER,0,20101220,095442,42060,38
MTELEKOM,0,20101220,095447,526,5000
MTELEKOM,0,20101220,095450,526,4566
MTELEKOM,0,20101220,095450,526,434
MTELEKOM,0,20101220,095502,526,7000
ELMU,0,20101220,095505,27010,3
FOTEX,0,20101220,095506,390,470
FOTEX,0,20101220,095506,390,530
MTELEKOM,0,20101220,095507,526,3010
FOTEX,0,20101220,095508,390,102
RICHTER,0,20101220,095512,42060,32
RICHTER,0,20101220,095512,42055,5
RICHTER,0,20101220,095512,42050,3
RICHTER,0,20101220,095512,42050,5
RICHTER,0,20101220,095512,42050,10
RICHTER,0,20101220,095512,42050,12
RICHTER,0,20101220,095512,42050,6
RICHTER,0,20101220,095512,42050,2
OTP,0,20101220,095512,5281,350
OTP,0,20101220,095512,5280,447
OTP,0,20101220,095512,5280,1000
OTP,0,20101220,095512,5280,15
MTELEKOM,0,20101220,095513,526,2000
MTELEKOM,0,20101220,095514,526,2556
MTELEKOM,0,20101220,095514,526,2000
OTP,0,20101220,095516,5280,3188
MTELEKOM,0,20101220,095516,525,450
OTP,0,20101220,095517,5279,410
RICHTER,0,20101220,095518,42035,5
RICHTER,0,20101220,095518,42035,2
OTP,0,20101220,095521,5280,368
OTP,0,20101220,095522,5280,2410
RICHTER,0,20101220,095523,42195,23
RICHTER,0,20101220,095523,42200,17
BUX1112,0,20101220,095529,21932,2
BUX1112,0,20101220,095529,21930,2
OTP,0,20101220,095530,5279,350
RICHTER,0,20101220,095536,42035,8
RICHTER,0,20101220,095536,42030,64
OTP,0,20101220,095539,5276,81
OTP,0,20101220,095539,5275,419
BUX1112,0,20101220,095540,21930,1
OTP,0,20101220,095541,5275,73
OTP,0,20101220,095541,5275,427
RICHTER,0,20101220,095552,42030,36
RICHTER,0,20101220,095552,42025,100
OTP,0,20101220,095555,5275,500
OTP,0,20101220,095558,5275,50
DANUBIUS,0,20101220,095601,4410,50
DANUBIUS,0,20101220,095601,4400,1
MTELEKOM,0,20101220,095604,525,1500
MTELEKOM,0,20101220,095606,525,2700
MTELEKOM,0,20101220,095606,525,2300
MTELEKOM,0,20101220,095608,525,5000
HUMET,0,20101220,095610,9,5000
OTP,0,20101220,095611,5275,23
OTP,0,20101220,095611,5273,277
RICHTER,0,20101220,095614,42025,150
MTELEKOM,0,20101220,095618,525,2700
OTP,0,20101220,095626,5277,500
OTP,0,20101220,095626,5278,8
OTP,0,20101220,095635,5279,500
BUX1112,0,20101220,095636,21930,50
BUX1112,0,20101220,095643,21930,1
OTP,0,20101220,095644,5279,422
MTELEKOM,0,20101220,095646,525,2300
OTP,0,20101220,095650,5278,78
FOTEX,0,20101220,095653,387,100
BUX1112,0,20101220,095700,21930,1
OTP,0,20101220,095710,5273,223
OTP,0,20101220,095710,5271,30
OTP,0,20101220,095710,5271,600
OTP,0,20101220,095710,5270,500
OTP,0,20101220,095710,5270,500
BUX1112,0,20101220,095710,21930,9
EGIS,0,20101220,095716,20405,30
EGIS,0,20101220,095716,20400,50
OTP,0,20101220,095717,5269,378
OTP,0,20101220,095717,5270,1622
BUX1112,0,20101220,095720,21930,2
OTP,0,20101220,095720,5270,425
OTP,0,20101220,095721,5270,500
OTP,0,20101220,095725,5269,411
OTP,0,20101220,095725,5270,1331
MTELEKOM,0,20101220,095730,525,2700
BUX1112,0,20101220,095730,21930,8
BUX1112,0,20101220,095730,21930,1
EGIS,0,20101220,095731,20400,50
OTP,0,20101220,095746,5265,200
EGIS,0,20101220,095753,20405,30
EGIS,0,20101220,095753,20400,50
MTELEKOM,0,20101220,095805,525,2300
MTELEKOM,0,20101220,095805,525,2000
BUX1112,0,20101220,095810,21931,2
MTELEKOM,0,20101220,095825,525,5700
FHB,0,20101220,095834,977,50
FHB,0,20101220,095834,976,150
FHB,0,20101220,095834,975,143
RFV,0,20101220,095837,8500,24
RFV,0,20101220,095837,8495,6
FHB,0,20101220,095853,975,207
FHB,0,20101220,095853,968,60
FHB,0,20101220,095853,967,200
FHB,0,20101220,095853,966,400
OTP,0,20101220,095900,5262,500
OTP,0,20101220,095900,5262,200
OTP,0,20101220,095903,5261,280
OTP,0,20101220,095903,5261,200
FHB,0,20101220,095904,966,133
MTELEKOM,0,20101220,095904,525,97
BUX1112,0,20101220,095904,21930,10
OTP,0,20101220,095909,5260,4
OTP,0,20101220,095909,5260,20
OTP,0,20101220,095909,5260,30
OTP,0,20101220,095909,5260,25
OTP,0,20101220,095909,5260,300
OTP,0,20101220,095909,5260,1500
OTP,0,20101220,095909,5260,36
OTP,0,20101220,095909,5260,3
OTP,0,20101220,095909,5260,9
OTP,0,20101220,095909,5260,15
OTP,0,20101220,095911,5260,300
OTP,0,20101220,095917,5260,1000
EGIS,0,20101220,095923,20400,6
EGIS,0,20101220,095923,20400,50
EGIS,0,20101220,095923,20400,44
MOL,0,20101220,095924,19550,150
MOL,0,20101220,095924,19530,45
OTP,0,20101220,095927,5267,436
OTP,0,20101220,095927,5268,700
OTP,0,20101220,095927,5270,411
OTP,0,20101220,095927,5270,2453
OTP,0,20101220,095928,5261,1000
OTP,0,20101220,095929,5260,200
OTP,0,20101220,095929,5260,20
OTP,0,20101220,095929,5260,29
OTP,0,20101220,095933,5260,51
BUX1112,0,20101220,095933,21930,10
MTELEKOM,0,20101220,095943,524,556
MTELEKOM,0,20101220,095943,524,2000
MTELEKOM,0,20101220,095943,524,10000
BUX1112,0,20101220,095952,21930,24
PHYLAXIA,0,20101220,100005,45,400
MTELEKOM,0,20101220,100012,524,1000
MOL,0,20101220,100019,19540,100
MOL,0,20101220,100019,19530,150
MOL,0,20101220,100035,19545,65
MOL,0,20101220,100035,19530,5
MOL,0,20101220,100035,19520,121
MOL,0,20101220,100035,19510,59
OTP,0,20101220,100048,5265,500
OTP,0,20101220,100050,5265,1500
OTP,0,20101220,100101,5260,95
PANNERGY,0,20101220,100107,900,165
OTP,0,20101220,100112,5269,976
OTP,0,20101220,100112,5270,230
OTP,0,20101220,100116,5270,148
OTP,0,20101220,100127,5270,270
OTP,0,20101220,100134,5270,47
OTP,0,20101220,100140,5271,300
PANNERGY,0,20101220,100154,900,806
OTP,0,20101220,100156,5274,1158
OTP,0,20101220,100156,5275,42
OTP,0,20101220,100200,5271,10
OTP,0,20101220,100202,5272,1000
RICHTER,0,20101220,100209,42035,10
RICHTER,0,20101220,100209,42035,10
RICHTER,0,20101220,100209,42030,120
RICHTER,0,20101220,100209,42020,4
RICHTER,0,20101220,100209,42015,4
RICHTER,0,20101220,100209,42015,5
RICHTER,0,20101220,100209,42015,97
RICHTER,0,20101220,100215,42015,100
OTP,0,20101220,100221,5271,200
OTP,0,20101220,100226,5272,20
OTP,0,20101220,100226,5271,466
OTP,0,20101220,100226,5271,9
OTP,0,20101220,100226,5271,427
MOL,0,20101220,100228,19515,5
ANY,0,20101220,100228,730,50
RICHTER,0,20101220,100239,42050,30
OTP,0,20101220,100242,5275,458
BUX1112,0,20101220,100247,21920,10
MTELEKOM,0,20101220,100257,525,46
OTP,0,20101220,100301,5280,1390
OTP,0,20101220,100301,5280,3610
RICHTER,0,20101220,100316,42050,89
OTP,0,20101220,100317,5279,296
OTP,0,20101220,100336,5279,985
OTP,0,20101220,100336,5280,515
RICHTER,0,20101220,100338,42050,11
PANNERGY,0,20101220,100352,900,1
PANNERGY,0,20101220,100352,900,100
ZWACK,0,20101220,100352,13350,20
OTP,0,20101220,100355,5280,500
OTP,0,20101220,100355,5280,375
RICHTER,0,20101220,100358,42100,5
RICHTER,0,20101220,100359,42050,50
RICHTER,0,20101220,100407,42050,50
BUX1112,0,20101220,100410,21917,2
BUX1112,0,20101220,100410,21916,4
RICHTER,0,20101220,100420,42050,100
OTP,0,20101220,100420,5280,50
SYNERGON,0,20101220,100431,498,7
RICHTER,0,20101220,100438,42050,21
RICHTER,0,20101220,100446,42050,111
OTP,0,20101220,100448,5285,200
MOL,0,20101220,100454,19555,5
MOL,0,20101220,100503,19555,13
MOL,0,20101220,100503,19530,137
OTP,0,20101220,100504,5280,11
MTELEKOM,0,20101220,100514,524,1000
BUX1112,0,20101220,100530,21919.5,2
FHB,0,20101220,100533,970,343
MTELEKOM,0,20101220,100545,523,15
BUX1112,0,20101220,100549,21916,1
MOL,0,20101220,100606,19530,10
MTELEKOM,0,20101220,100607,524,2000
MTELEKOM,0,20101220,100620,524,1000
OTP,0,20101220,100622,5280,64
MTELEKOM,0,20101220,100629,524,1000
MTELEKOM,0,20101220,100629,524,2000
MTELEKOM,0,20101220,100629,524,500
MTELEKOM,0,20101220,100632,525,378
MTELEKOM,0,20101220,100633,525,76
OTP,0,20101220,100635,5280,336
MTELEKOM,0,20101220,100640,524,135
BUX1112,0,20101220,100700,21916,5
BUX1112,0,20101220,100700,21913,1
BUX1112,0,20101220,100700,21901,1
BUX1112,0,20101220,100700,21901,4
RICHTER,0,20101220,100724,42050,89
BUX1112,0,20101220,100738,21919.5,1
BUX1112,0,20101220,100738,21920,39
OTP,0,20101220,100739,5280,64
OTP,0,20101220,100739,5275,936
MOL,0,20101220,100740,19530,3
MOL,0,20101220,100740,19530,22
DANUBIUS,0,20101220,100742,4350,50
MTELEKOM,0,20101220,100745,525,8
OTP,0,20101220,100747,5275,64
OTP,0,20101220,100753,5275,64
OTP,0,20101220,100753,5275,146
DANUBIUS,0,20101220,100818,4340,20
OTP,0,20101220,100819,5285,42
OTP,0,20101220,100822,5271,30
MTELEKOM,0,20101220,100843,524,600
SYNERGON,0,20101220,100900,498,249
SYNERGON,0,20101220,100900,498,201
MTELEKOM,0,20101220,100929,524,600
BUX1112,0,20101220,100935,21900,1
ZWACK,0,20101220,100942,13320,20
MTELEKOM,0,20101220,100946,524,165
EGIS,0,20101220,100959,20400,6
EGIS,0,20101220,100959,20400,70
MOL,0,20101220,101031,19545,20
OTP,0,20101220,101034,5272,30
MTELEKOM,0,20101220,101037,524,200
MOL,0,20101220,101046,19545,130
MOL,0,20101220,101056,19560,35
MTELEKOM,0,20101220,101106,524,1635
MTELEKOM,0,20101220,101106,524,100
OTP,0,20101220,101110,5275,50
MTELEKOM,0,20101220,101112,525,684
OTP,0,20101220,101128,5280,30
FHB,0,20101220,101136,975,200
FHB,0,20101220,101136,975,100
GENESIS,0,20101220,101150,210,1000
GENESIS,0,20101220,101150,208,500
GENESIS,0,20101220,101150,206,190
GENESIS,0,20101220,101150,206,20
GENESIS,0,20101220,101150,205,2050
GENESIS,0,20101220,101150,204,250
GENESIS,0,20101220,101150,203,50
GENESIS,0,20101220,101150,203,500
GENESIS,0,20101220,101150,203,440
OTP,0,20101220,101152,5275,950
MTELEKOM,0,20101220,101222,524,8265
MTELEKOM,0,20101220,101222,524,3000
MTELEKOM,0,20101220,101222,524,555
FHB,0,20101220,101225,975,243
FHB,0,20101220,101225,975,343
GENESIS,0,20101220,101226,211,30
MTELEKOM,0,20101220,101232,524,1810
MTELEKOM,0,20101220,101233,524,4383
MTELEKOM,0,20101220,101234,524,31987
MTELEKOM,0,20101220,101242,524,6000
BUX1112,0,20101220,101248,21919.5,1
BUX1112,0,20101220,101248,21920,19
OTP,0,20101220,101300,5272,12
MOL,0,20101220,101308,19550,53
OTP,0,20101220,101309,5274,986
OTP,0,20101220,101309,5275,34
MOL,0,20101220,101311,19550,177
RICHTER,0,20101220,101315,42100,3
MOL,0,20101220,101321,19560,53
MOL,0,20101220,101325,19560,100
PHYLAXIA,0,20101220,101325,45,150
OTP,0,20101220,101330,5272,458
OTP,0,20101220,101330,5271,543
OTP,0,20101220,101330,5271,1000
OTP,0,20101220,101330,5271,1500
OTP,0,20101220,101330,5270,329
OTP,0,20101220,101330,5270,1136
MOL,0,20101220,101331,19560,31
OTP,0,20101220,101332,5270,864
OTP,0,20101220,101332,5270,90
OTP,0,20101220,101340,5270,1400
RICHTER,0,20101220,101345,42050,100
OTP,0,20101220,101351,5270,10
OTP,0,20101220,101351,5270,80
OTP,0,20101220,101358,5270,1
MOL,0,20101220,101400,19560,5
MTELEKOM,0,20101220,101426,524,193
MTELEKOM,0,20101220,101426,524,1000
OTP,0,20101220,101426,5270,20
OTP,0,20101220,101530,5280,1
FHB,0,20101220,101534,975,100
FHB,0,20101220,101543,975,209
OTP,0,20101220,101607,5270,399
OTP,0,20101220,101607,5265,101
MOL,0,20101220,101622,19560,26
RICHTER,0,20101220,101632,42100,50
MTELEKOM,0,20101220,101633,524,2934
MTELEKOM,0,20101220,101635,524,873
MTELEKOM,0,20101220,101635,524,3847
MTELEKOM,0,20101220,101643,524,1153
MTELEKOM,0,20101220,101643,524,2000
MTELEKOM,0,20101220,101643,524,5000
MTELEKOM,0,20101220,101719,524,500
MOL,0,20101220,101730,19590,20
MOL,0,20101220,101730,19590,20
MOL,0,20101220,101730,19595,60
SYNERGON,0,20101220,101745,499,1470
RICHTER,0,20101220,101752,42055,60
SYNERGON,0,20101220,101825,499,850
OTP,0,20101220,101830,5270,50
OTP,0,20101220,101838,5270,950
OTP,0,20101220,101838,5270,376
RICHTER,0,20101220,101847,42100,2
RICHTER,0,20101220,101847,42100,3
MOL,0,20101220,101910,19560,100
MOL,0,20101220,101916,19595,7
OTP,0,20101220,101925,5270,74
MOL,0,20101220,101927,19565,150
GENESIS,0,20101220,101927,207,500
RFV,0,20101220,101958,8495,7
RFV,0,20101220,101958,8495,1
RICHTER,0,20101220,102040,42060,10
RICHTER,0,20101220,102046,42055,40
RICHTER,0,20101220,102046,42055,47
MOL,0,20101220,102100,19595,33
MOL,0,20101220,102100,19600,31
MOL,0,20101220,102100,19600,36
MOL,0,20101220,102100,19600,20
MOL,0,20101220,102100,19600,3
MOL,0,20101220,102100,19600,5
MOL,0,20101220,102100,19600,39
MOL,0,20101220,102111,19600,61
MOL,0,20101220,102111,19600,8
RICHTER,0,20101220,102121,42070,50
SYNERGON,0,20101220,102141,498,600
FHB,0,20101220,102227,975,34
FHB,0,20101220,102227,975,1410
FHB,0,20101220,102248,980,500
OTP,0,20101220,102302,5275,1000
OTP,0,20101220,102303,5278,20
PANNERGY,0,20101220,102332,895,25
OTP,0,20101220,102355,5280,850
MTELEKOM,0,20101220,102402,524,4500
OTP,0,20101220,102409,5280,426
MOL,0,20101220,102436,19575,27
MOL,0,20101220,102437,19575,489
MTELEKOM,0,20101220,102443,524,7556
MTELEKOM,0,20101220,102443,524,5000
MTELEKOM,0,20101220,102448,523,568
MTELEKOM,0,20101220,102448,523,1264
FHB,0,20101220,102451,978,200
OTP,0,20101220,102502,5277,70
OTP,0,20101220,102502,5276,30
RICHTER,0,20101220,102504,42100,86
RICHTER,0,20101220,102504,42100,60
RICHTER,0,20101220,102504,42100,4
RICHTER,0,20101220,102504,42100,16
OTP,0,20101220,102514,5276,970
OTP,0,20101220,102514,5275,612
OTP,0,20101220,102527,5279,908
OTP,0,20101220,102527,5280,792
RICHTER,0,20101220,102529,42100,4
OTP,0,20101220,102531,5280,931
OTP,0,20101220,102531,5280,69
OTP,0,20101220,102534,5280,184
RICHTER,0,20101220,102538,42100,46
RICHTER,0,20101220,102538,42100,4
MTELEKOM,0,20101220,102554,523,3736
MTELEKOM,0,20101220,102554,523,1000
MTELEKOM,0,20101220,102554,523,200
MTELEKOM,0,20101220,102554,523,120
MTELEKOM,0,20101220,102554,523,2944
OTP,0,20101220,102556,5284,1006
MTELEKOM,0,20101220,102557,523,8000
OTP,0,20101220,102559,5284,1994
OTP,0,20101220,102559,5284,200
OTP,0,20101220,102603,5280,24
MTELEKOM,0,20101220,102604,523,9056
MTELEKOM,0,20101220,102604,523,5944
MTELEKOM,0,20101220,102607,523,7000
BUX1112,0,20101220,102612,21918,1
BUX1112,0,20101220,102612,21920,1
BUX1112,0,20101220,102612,21920,1
OTP,0,20101220,102614,5284,1000
MTELEKOM,0,20101220,102624,523,12556
MTELEKOM,0,20101220,102625,523,3410
MTELEKOM,0,20101220,102628,523,1090
MTELEKOM,0,20101220,102628,523,5410
EGIS,0,20101220,102644,20350,5
EGIS,0,20101220,102644,20350,50
EGIS,0,20101220,102644,20320,30
EGIS,0,20101220,102644,20315,3
MTELEKOM,0,20101220,102648,523,233
MTELEKOM,0,20101220,102650,523,857
OTP,0,20101220,102704,5282,17
RICHTER,0,20101220,102718,42100,2
RICHTER,0,20101220,102718,42100,2
RICHTER,0,20101220,102718,42100,50
RICHTER,0,20101220,102718,42100,5
RICHTER,0,20101220,102718,42100,1
OTP,0,20101220,102728,5282,1
OTP,0,20101220,102745,5285,190
OTP,0,20101220,102745,5289,50
OTP,0,20101220,102745,5289,60
RICHTER,0,20101220,102746,42110,5
RICHTER,0,20101220,102746,42100,7
RICHTER,0,20101220,102746,42100,50
RICHTER,0,20101220,102746,42100,71
OTP,0,20101220,102752,5289,2388
MTELEKOM,0,20101220,102753,523,1143
MTELEKOM,0,20101220,102753,523,629
MTELEKOM,0,20101220,102753,524,2228
OTP,0,20101220,102801,5289,552
OTP,0,20101220,102801,5289,15
OTP,0,20101220,102801,5289,50
OTP,0,20101220,102801,5290,88
OTP,0,20101220,102801,5290,100
OTP,0,20101220,102801,5290,677
OTP,0,20101220,102804,5281,15
RICHTER,0,20101220,102814,42100,49
RICHTER,0,20101220,102814,42100,50
OTP,0,20101220,102821,5288,300
OTP,0,20101220,102821,5288,200
OTP,0,20101220,102822,5288,500
OTP,0,20101220,102830,5289,500
MOL,0,20101220,102841,19600,90
OTP,0,20101220,102854,5289,600
OTP,0,20101220,102854,5290,913
OTP,0,20101220,102854,5290,50
OTP,0,20101220,102854,5290,2
OTP,0,20101220,102854,5290,50
OTP,0,20101220,102924,5290,130
BUX1112,0,20101220,102933,21910,1
BUX1112,0,20101220,102933,21906,13
BUX1112,0,20101220,102933,21905,1
BUX1112,0,20101220,102933,21902,1
BUX1112,0,20101220,102933,21901,9
OTP,0,20101220,102947,5290,134
OTP,0,20101220,102953,5290,366
OTP,0,20101220,103000,5281,1
OTP,0,20101220,103010,5290,20
BUX1112,0,20101220,103010,21901,1
BUX1112,0,20101220,103010,21900,9
BUX1112,0,20101220,103010,21900,15
RICHTER,0,20101220,103018,42075,218
OTP,0,20101220,103024,5285,1
BUX1112,0,20101220,103055,21900,25
KEG,0,20101220,103112,147,200
KEG,0,20101220,103112,147,800
BUX1112,0,20101220,103135,21900,25
EGIS,0,20101220,103140,20400,4
EGIS,0,20101220,103140,20400,240
RABA,0,20101220,103144,804,190
SYNERGON,0,20101220,103144,499,320
EGIS,0,20101220,103203,20400,4
PANNERGY,0,20101220,103312,900,50
PANNERGY,0,20101220,103312,900,140
PHYLAXIA,0,20101220,103331,45,1800
PHYLAXIA,0,20101220,103331,45,200
MTELEKOM,0,20101220,103338,522,1313
MTELEKOM,0,20101220,103415,522,8447
MTELEKOM,0,20101220,103423,522,240
MTELEKOM,0,20101220,103423,522,100
MTELEKOM,0,20101220,103423,522,100
MTELEKOM,0,20101220,103423,522,1000
MTELEKOM,0,20101220,103435,522,1247
OTP,0,20101220,103436,5285,51
MTELEKOM,0,20101220,103444,522,1200
RICHTER,0,20101220,103455,42100,25
RICHTER,0,20101220,103514,42100,5
ANY,0,20101220,103542,727,10
BUX1112,0,20101220,103545,21900,11
RICHTER,0,20101220,103557,42100,50
MTELEKOM,0,20101220,103614,523,2070
RABA,0,20101220,103636,804,365
KEG,0,20101220,103648,147,200
PHYLAXIA,0,20101220,103712,45,3050
KEG,0,20101220,103719,146,500
MTELEKOM,0,20101220,103724,523,2930
MTELEKOM,0,20101220,103724,523,30
OTP,0,20101220,103745,5285,13
KEG,0,20101220,103806,146,100
KEG,0,20101220,103806,146,200
KEG,0,20101220,103806,146,501
RICHTER,0,20101220,103849,42100,4
RICHTER,0,20101220,103849,42090,50
RICHTER,0,20101220,103849,42085,50
RICHTER,0,20101220,103849,42080,14
OTP,0,20101220,103858,5285,200
OTP,0,20101220,103906,5285,50
OTP,0,20101220,103929,5285,160
FHB,0,20101220,103948,975,1919
FHB,0,20101220,103950,971,200
FHB,0,20101220,103950,970,600
RICHTER,0,20101220,104023,42100,30
RICHTER,0,20101220,104026,42100,20
RICHTER,0,20101220,104116,42100,30
RICHTER,0,20101220,104116,42100,412
RICHTER,0,20101220,104214,42100,8
RICHTER,0,20101220,104214,42100,192
RICHTER,0,20101220,104237,42100,8
RICHTER,0,20101220,104241,42100,52
GENESIS,0,20101220,104243,207,500
OTP,0,20101220,104249,5285,1000
OTP,0,20101220,104306,5285,10
FHB,0,20101220,104316,975,34
OTP,0,20101220,104339,5285,1515
RICHTER,0,20101220,104347,42100,40
OTP,0,20101220,104442,5281,3
MOL,0,20101220,104523,19575,27
MOL,0,20101220,104557,19570,5
MOL,0,20101220,104557,19555,100
MOL,0,20101220,104557,19550,53
MOL,0,20101220,104557,19550,150
BUX1112,0,20101220,104627,21902.5,4
BUX1112,0,20101220,104627,21902,10
BUX1112,0,20101220,104627,21900,20
OTP,0,20101220,104644,5281,981
OTP,0,20101220,104644,5281,1000
OTP,0,20101220,104649,5280,792
OTP,0,20101220,104649,5280,1
OTP,0,20101220,104705,5283,310
ANY,0,20101220,104724,725,90
RICHTER,0,20101220,104729,42100,8
RICHTER,0,20101220,104729,42100,50
RICHTER,0,20101220,104734,42100,4
EGIS,0,20101220,104751,20405,33
MOL,0,20101220,104833,19530,78
MOL,0,20101220,104833,19520,150
MOL,0,20101220,104833,19510,91
MOL,0,20101220,104833,19510,100
MOL,0,20101220,104833,19505,100
MOL,0,20101220,104833,19500,100
MOL,0,20101220,104833,19500,10
MOL,0,20101220,104833,19500,5
MOL,0,20101220,104833,19500,100
OTP,0,20101220,104835,5276,500
OTP,0,20101220,104835,5279,1147
OTP,0,20101220,104835,5280,500
MOL,0,20101220,104836,19500,180
OTP,0,20101220,104839,5280,353
MTELEKOM,0,20101220,104853,523,1000
OTP,0,20101220,104857,5276,3
OTP,0,20101220,104857,5275,20
OTP,0,20101220,104857,5273,2
MOL,0,20101220,104902,19510,150
MOL,0,20101220,104902,19500,320
OTP,0,20101220,104908,5273,500
OTP,0,20101220,104932,5280,500
OTP,0,20101220,104932,5280,353
OTP,0,20101220,104934,5280,147
ECONET,0,20101220,104940,91,5
OTP,0,20101220,104945,5273,1
BUX1112,0,20101220,105032,21905,1
RICHTER,0,20101220,105112,42100,38
RICHTER,0,20101220,105112,42185,68
FHB,0,20101220,105207,975,1
OTP,0,20101220,105224,5275,1
MTELEKOM,0,20101220,105231,523,1110
OTP,0,20101220,105244,5274,149
GSPARK,0,20101220,105249,781,800
OTP,0,20101220,105337,5274,451
FHB,0,20101220,105355,971,17
FHB,0,20101220,105355,971,83
ECONET,0,20101220,105436,91,2995
ECONET,0,20101220,105436,91,5
OTP,0,20101220,105438,5275,60
OTP,0,20101220,105519,5277,200
ECONET,0,20101220,105521,91,5000
BUX1112,0,20101220,105523,21905,5
MTELEKOM,0,20101220,105537,523,370
OTP,0,20101220,105537,5275,440
OTP,0,20101220,105537,5275,3000
OTP,0,20101220,105538,5275,240
OTP,0,20101220,105538,5279,180
OTP,0,20101220,105538,5280,80
MOL,0,20101220,105542,19525,300
FOTEX,0,20101220,105550,388,200
FOTEX,0,20101220,105550,387,100
FOTEX,0,20101220,105550,386,350
FOTEX,0,20101220,105550,386,150
FOTEX,0,20101220,105550,385,230
RICHTER,0,20101220,105551,42185,2
RICHTER,0,20101220,105551,42185,48
BUX1112,0,20101220,105615,21905,1
RICHTER,0,20101220,105621,42100,30
ANY,0,20101220,105647,728,1000
MOL,0,20101220,105706,19520,10
MTELEKOM,0,20101220,105716,523,4
KEG,0,20101220,105724,149,1
MOL,0,20101220,105728,19540,50
MOL,0,20101220,105728,19545,150
MOL,0,20101220,105728,19550,200
OTP,0,20101220,105730,5276,5
OTP,0,20101220,105730,5273,20
MTELEKOM,0,20101220,105756,523,400
OTP,0,20101220,105806,5279,500
HUMET,0,20101220,105829,9,2500
OTP,0,20101220,105859,5279,150
ECONET,0,20101220,105930,91,358
ECONET,0,20101220,105930,91,600
OTP,0,20101220,110041,5279,500
RICHTER,0,20101220,110043,42170,4
RICHTER,0,20101220,110043,42105,6
RFV,0,20101220,110316,8450,34
PANNERGY,0,20101220,110420,902,72
RICHTER,0,20101220,110426,42150,50
MTELEKOM,0,20101220,110442,524,600
MTELEKOM,0,20101220,110458,524,10
MTELEKOM,0,20101220,110528,524,37162
MTELEKOM,0,20101220,110528,524,10000
MTELEKOM,0,20101220,110528,524,100
MTELEKOM,0,20101220,110528,524,500
MTELEKOM,0,20101220,110553,525,3011
MTELEKOM,0,20101220,110553,525,572
MTELEKOM,0,20101220,110553,525,5000
MTELEKOM,0,20101220,110553,525,10000
MTELEKOM,0,20101220,110553,525,1000
MTELEKOM,0,20101220,110553,525,10000
MTELEKOM,0,20101220,110553,525,300
MTELEKOM,0,20101220,110553,525,45
MTELEKOM,0,20101220,110553,525,3456
PANNERGY,0,20101220,110559,903,200
PANNERGY,0,20101220,110559,903,50
PANNERGY,0,20101220,110559,904,300
PANNERGY,0,20101220,110559,905,450
SYNERGON,0,20101220,110604,498,151
SYNERGON,0,20101220,110604,499,149
MTELEKOM,0,20101220,110614,525,300
PANNERGY,0,20101220,110623,905,140
RICHTER,0,20101220,110716,42150,3
RICHTER,0,20101220,110716,42150,47
MTELEKOM,0,20101220,110735,526,500
MTELEKOM,0,20101220,110735,526,200
MTELEKOM,0,20101220,110735,526,2000
MTELEKOM,0,20101220,110735,526,387
MTELEKOM,0,20101220,110735,526,100
MTELEKOM,0,20101220,110735,526,313
OTP,0,20101220,110740,5280,220
PANNERGY,0,20101220,110749,905,736
PANNERGY,0,20101220,110749,905,100
MTELEKOM,0,20101220,110749,526,5000
MTELEKOM,0,20101220,110753,526,110
MTELEKOM,0,20101220,110753,526,2000
MTELEKOM,0,20101220,110753,526,5000
PANNERGY,0,20101220,110805,905,558
MTELEKOM,0,20101220,110810,526,3000
RICHTER,0,20101220,110814,42150,3
RICHTER,0,20101220,110814,42150,47
MOL,0,20101220,110826,19550,350
SYNERGON,0,20101220,110938,497,5
DANUBIUS,0,20101220,110948,4305,20
DANUBIUS,0,20101220,110948,4305,35
DANUBIUS,0,20101220,110948,4305,15
DANUBIUS,0,20101220,110948,4300,25
DANUBIUS,0,20101220,110948,4300,93
DANUBIUS,0,20101220,110948,4300,8
OTP,0,20101220,111000,5280,215
MOL,0,20101220,111037,19555,430
RABA,0,20101220,111112,802,1200
OTP,0,20101220,111136,5280,65
OTP,0,20101220,111136,5280,20
MTELEKOM,0,20101220,111142,526,1000
MTELEKOM,0,20101220,111151,526,1000
MTELEKOM,0,20101220,111156,526,3000
MTELEKOM,0,20101220,111203,526,1000
MOL,0,20101220,111227,19560,32
MOL,0,20101220,111227,19570,50
MOL,0,20101220,111227,19570,13
MOL,0,20101220,111227,19575,5
EGIS,0,20101220,111257,20410,30
EGIS,0,20101220,111303,20410,70
MOL,0,20101220,111307,19550,50
MOL,0,20101220,111307,19550,240
MOL,0,20101220,111307,19550,20
RICHTER,0,20101220,111308,42120,50
ECONET,0,20101220,111311,91,1042
ECONET,0,20101220,111311,91,144
RICHTER,0,20101220,111314,42120,3
MTELEKOM,0,20101220,111318,527,567
MTELEKOM,0,20101220,111318,527,300
MTELEKOM,0,20101220,111318,527,1000
MTELEKOM,0,20101220,111318,527,1200
MTELEKOM,0,20101220,111318,527,750
MTELEKOM,0,20101220,111318,527,840
MTELEKOM,0,20101220,111318,527,300
MTELEKOM,0,20101220,111318,527,5000
MTELEKOM,0,20101220,111318,527,5000
MTELEKOM,0,20101220,111318,527,200
MTELEKOM,0,20101220,111318,527,20
MTELEKOM,0,20101220,111318,527,4850
MTELEKOM,0,20101220,111318,527,600
MTELEKOM,0,20101220,111318,527,200
MTELEKOM,0,20101220,111318,527,2000
MTELEKOM,0,20101220,111318,527,1001
MTELEKOM,0,20101220,111318,527,20000
MTELEKOM,0,20101220,111318,527,5000
MTELEKOM,0,20101220,111318,527,200
OTP,0,20101220,111323,5276,20
MTELEKOM,0,20101220,111327,528,25453
MTELEKOM,0,20101220,111327,528,100
MTELEKOM,0,20101220,111327,528,2000
MTELEKOM,0,20101220,111327,528,8000
MTELEKOM,0,20101220,111327,528,200
MTELEKOM,0,20101220,111327,528,4700
MTELEKOM,0,20101220,111327,528,200
MTELEKOM,0,20101220,111327,528,110
MTELEKOM,0,20101220,111327,528,240
MTELEKOM,0,20101220,111327,528,200
MTELEKOM,0,20101220,111327,528,471
MTELEKOM,0,20101220,111327,528,1000
MTELEKOM,0,20101220,111327,528,20000
MTELEKOM,0,20101220,111327,528,7000
MOL,0,20101220,111328,19550,85
RFV,0,20101220,111343,8490,20
RFV,0,20101220,111343,8500,6
RFV,0,20101220,111343,8500,33
MTELEKOM,0,20101220,111346,529,680
MTELEKOM,0,20101220,111346,529,500
MTELEKOM,0,20101220,111346,529,5000
MTELEKOM,0,20101220,111346,529,2900
MTELEKOM,0,20101220,111346,529,1000
MTELEKOM,0,20101220,111346,529,6000
MTELEKOM,0,20101220,111346,529,5500
MTELEKOM,0,20101220,111346,529,110
MTELEKOM,0,20101220,111346,529,5000
MTELEKOM,0,20101220,111346,529,15000
MTELEKOM,0,20101220,111346,529,500
MTELEKOM,0,20101220,111346,529,1000
MTELEKOM,0,20101220,111346,529,300
MTELEKOM,0,20101220,111346,529,10000
MTELEKOM,0,20101220,111346,529,1000
MTELEKOM,0,20101220,111346,529,1000
MTELEKOM,0,20101220,111346,529,1000
MTELEKOM,0,20101220,111346,529,10000
MTELEKOM,0,20101220,111346,529,2000
MTELEKOM,0,20101220,111346,529,1000
MTELEKOM,0,20101220,111352,530,10
MTELEKOM,0,20101220,111352,530,500
MTELEKOM,0,20101220,111352,530,5000
MTELEKOM,0,20101220,111352,530,200
MTELEKOM,0,20101220,111352,530,30
MTELEKOM,0,20101220,111352,530,4260
MTELEKOM,0,20101220,111352,530,740
MTELEKOM,0,20101220,111352,530,180
MTELEKOM,0,20101220,111352,530,2500
MTELEKOM,0,20101220,111352,530,6580
MTELEKOM,0,20101220,111352,530,10000
MTELEKOM,0,20101220,111352,530,10000
MTELEKOM,0,20101220,111353,529,300
MTELEKOM,0,20101220,111353,530,10000
MTELEKOM,0,20101220,111355,530,1420
MTELEKOM,0,20101220,111355,530,200
MTELEKOM,0,20101220,111355,530,2000
MTELEKOM,0,20101220,111355,530,2000
MTELEKOM,0,20101220,111355,530,1789
MTELEKOM,0,20101220,111355,530,10
MTELEKOM,0,20101220,111355,530,500
MTELEKOM,0,20101220,111355,530,1000
MTELEKOM,0,20101220,111355,530,200
MTELEKOM,0,20101220,111355,530,881
MTELEKOM,0,20101220,111355,530,379
MTELEKOM,0,20101220,111355,530,9621
MTELEKOM,0,20101220,111356,530,71379
OTP,0,20101220,111356,5280,8
MTELEKOM,0,20101220,111403,530,1000
MTELEKOM,0,20101220,111407,530,500
OTP,0,20101220,111412,5276,50
MTELEKOM,0,20101220,111415,530,15000
OTP,0,20101220,111420,5280,4
MTELEKOM,0,20101220,111423,530,3500
ECONET,0,20101220,111436,91,800
ECONET,0,20101220,111450,91,14
MTELEKOM,0,20101220,111453,529,500
RICHTER,0,20101220,111527,42120,49
RICHTER,0,20101220,111532,42120,1
RICHTER,0,20101220,111535,42120,49
MTELEKOM,0,20101220,111550,530,1316
MTELEKOM,0,20101220,111557,530,184
MTELEKOM,0,20101220,111557,530,842
MTELEKOM,0,20101220,111557,530,1000
MTELEKOM,0,20101220,111557,530,212
BUX1112,0,20101220,111609,21920,1
KEG,0,20101220,111616,147,450
KEG,0,20101220,111616,147,2000
OTP,0,20101220,111619,5280,1
ECONET,0,20101220,111622,91,1000
DANUBIUS,0,20101220,111623,4305,100
DANUBIUS,0,20101220,111623,4300,399
RICHTER,0,20101220,111636,42150,20
DANUBIUS,0,20101220,111646,4300,14
MOL,0,20101220,111659,19555,110
OTP,0,20101220,111702,5280,2
OTP,0,20101220,111702,5280,25
OTP,0,20101220,111702,5280,55
DANUBIUS,0,20101220,111704,4300,145
RICHTER,0,20101220,111719,42120,1
RICHTER,0,20101220,111719,42115,3
RICHTER,0,20101220,111719,42105,46
KEG,0,20101220,111731,147,50
MOL,0,20101220,111734,19550,165
MOL,0,20101220,111734,19550,85
MTELEKOM,0,20101220,111739,529,525
EGIS,0,20101220,111745,20495,10
EGIS,0,20101220,111745,20500,8
EGIS,0,20101220,111745,20500,3
RICHTER,0,20101220,111746,42105,40
RICHTER,0,20101220,111753,42105,8
RICHTER,0,20101220,111753,42100,92
OTP,0,20101220,111756,5280,418
OTP,0,20101220,111756,5280,40
EGIS,0,20101220,111813,20500,75
MTELEKOM,0,20101220,111816,529,1138
PHYLAXIA,0,20101220,111816,45,1906
MOL,0,20101220,111855,19530,9
RICHTER,0,20101220,111858,42115,10
RICHTER,0,20101220,111858,42100,20
MOL,0,20101220,111908,19550,138
MOL,0,20101220,111912,19545,50
RICHTER,0,20101220,111913,42100,58
RICHTER,0,20101220,111913,42100,50
PANNERGY,0,20101220,111916,902,75
SYNERGON,0,20101220,111929,497,1503
SYNERGON,0,20101220,111929,497,100
MTELEKOM,0,20101220,111934,529,1000
MOL,0,20101220,111940,19530,1
OTP,0,20101220,111948,5276,446
OTP,0,20101220,111948,5276,1200
OTP,0,20101220,111948,5275,1000
OTP,0,20101220,111948,5275,500
OTP,0,20101220,111948,5275,2000
OTP,0,20101220,112002,5275,500
OTP,0,20101220,112015,5274,1142
OTP,0,20101220,112015,5275,1000
OTP,0,20101220,112020,5275,500
OTP,0,20101220,112020,5275,310
OTP,0,20101220,112020,5275,190
MOL,0,20101220,112023,19550,200
OTP,0,20101220,112033,5275,1000
RICHTER,0,20101220,112041,42085,50
BUX1112,0,20101220,112059,21920,1
BUX1112,0,20101220,112059,21920,2
EGIS,0,20101220,112108,20460,10
OTP,0,20101220,112112,5277,350
OTP,0,20101220,112119,5276,70
RICHTER,0,20101220,112127,42080,11
RICHTER,0,20101220,112127,42080,89
MTELEKOM,0,20101220,112134,529,180
RICHTER,0,20101220,112137,42080,200
RICHTER,0,20101220,112153,42080,11
RICHTER,0,20101220,112153,42060,7
RICHTER,0,20101220,112153,42060,50
RICHTER,0,20101220,112153,42050,10
OTP,0,20101220,112158,5273,602
OTP,0,20101220,112158,5273,50
OTP,0,20101220,112158,5272,4000
OTP,0,20101220,112158,5271,1000
OTP,0,20101220,112158,5270,100
OTP,0,20101220,112158,5270,1
OTP,0,20101220,112158,5270,247
RICHTER,0,20101220,112214,42035,22
OTP,0,20101220,112216,5270,25
OTP,0,20101220,112218,5275,930
OTP,0,20101220,112218,5275,70
MTELEKOM,0,20101220,112228,529,2000
EGIS,0,20101220,112236,20495,16
OTP,0,20101220,112239,5274,1006
OTP,0,20101220,112241,5274,184
OTP,0,20101220,112244,5274,5
OTP,0,20101220,112300,5275,1000
OTP,0,20101220,112303,5274,1000
MTELEKOM,0,20101220,112328,529,2288
MTELEKOM,0,20101220,112330,529,2369
RICHTER,0,20101220,112343,42040,30
RICHTER,0,20101220,112343,42035,20
MOL,0,20101220,112350,19535,150
PANNERGY,0,20101220,112358,903,65
RICHTER,0,20101220,112412,42080,14
OTP,0,20101220,112424,5274,1000
OTP,0,20101220,112442,5275,27
EGIS,0,20101220,112455,20550,3
BUX1112,0,20101220,112502,21915,8
BUX1112,0,20101220,112502,21912,1
BUX1112,0,20101220,112502,21911,20
BUX1112,0,20101220,112502,21910,1
MTELEKOM,0,20101220,112517,528,1000
DANUBIUS,0,20101220,112640,4305,98
MTELEKOM,0,20101220,112740,528,2500
MTELEKOM,0,20101220,112740,528,2500
BUX1112,0,20101220,112742,21910,20
MTELEKOM,0,20101220,112810,528,500
KEG,0,20101220,112820,147,2450
KEG,0,20101220,112820,146,499
KEG,0,20101220,112820,146,1000
KEG,0,20101220,112820,146,200
KEG,0,20101220,112820,146,1000
KEG,0,20101220,112820,146,4851
MTELEKOM,0,20101220,112820,529,2631
MTELEKOM,0,20101220,112820,529,699
MTELEKOM,0,20101220,112820,529,300
MTELEKOM,0,20101220,112820,529,2000
MTELEKOM,0,20101220,112838,529,1000
PHYLAXIA,0,20101220,112921,45,3000
MOL,0,20101220,113028,19550,24
MTELEKOM,0,20101220,113055,529,200
PANNERGY,0,20101220,113129,908,16
PANNERGY,0,20101220,113129,908,169
MTELEKOM,0,20101220,113209,529,375
MOL,0,20101220,113218,19555,24
KEG,0,20101220,113240,146,516
KEG,0,20101220,113306,149,1
PANNERGY,0,20101220,113316,908,831
OTP,0,20101220,113317,5275,903
OTP,0,20101220,113317,5275,1
PANNERGY,0,20101220,113325,909,150
PANNERGY,0,20101220,113325,909,500
PANNERGY,0,20101220,113325,910,12
PANNERGY,0,20101220,113325,910,680
PANNERGY,0,20101220,113325,910,1000
PANNERGY,0,20101220,113325,910,10
PANNERGY,0,20101220,113325,910,1000
PANNERGY,0,20101220,113325,910,50
MOL,0,20101220,113329,19555,176
MTELEKOM,0,20101220,113338,529,75
BUX1112,0,20101220,113338,21915,12
OTP,0,20101220,113353,5280,479
OTP,0,20101220,113353,5280,21
OTP,0,20101220,113354,5280,500
RICHTER,0,20101220,113436,42040,5
RICHTER,0,20101220,113451,42080,1
OTP,0,20101220,113456,5275,1479
OTP,0,20101220,113456,5275,1147
OTP,0,20101220,113456,5275,374
OTP,0,20101220,113505,5274,270
OTP,0,20101220,113609,5275,500
OTP,0,20101220,113610,5275,500
OTP,0,20101220,113613,5275,480
OTP,0,20101220,113617,5275,8
PANNERGY,0,20101220,113638,910,499
OTP,0,20101220,113643,5275,12
OTP,0,20101220,113643,5275,38
PANNERGY,0,20101220,113647,912,1500
PANNERGY,0,20101220,113647,914,100
PANNERGY,0,20101220,113647,915,800
PANNERGY,0,20101220,113647,915,70
PANNERGY,0,20101220,113647,915,530
EGIS,0,20101220,113700,20510,8
PANNERGY,0,20101220,113719,915,309
PANNERGY,0,20101220,113719,915,200
OTP,0,20101220,113746,5276,530
MTELEKOM,0,20101220,113757,529,500
RICHTER,0,20101220,113821,42045,50
MTELEKOM,0,20101220,113823,529,18850
MTELEKOM,0,20101220,113823,529,1000
MTELEKOM,0,20101220,113823,529,5000
MTELEKOM,0,20101220,113823,530,3000
MTELEKOM,0,20101220,113823,530,1000
MTELEKOM,0,20101220,113823,530,2000
MTELEKOM,0,20101220,113823,530,189
MTELEKOM,0,20101220,113823,530,500
MTELEKOM,0,20101220,113823,530,100
MTELEKOM,0,20101220,113823,530,5000
MTELEKOM,0,20101220,113823,530,5000
MTELEKOM,0,20101220,113823,530,510
MTELEKOM,0,20101220,113823,530,100
MTELEKOM,0,20101220,113823,530,5000
MTELEKOM,0,20101220,113823,530,380
MTELEKOM,0,20101220,113823,530,2000
MTELEKOM,0,20101220,113823,530,190
MTELEKOM,0,20101220,113823,530,40000
MTELEKOM,0,20101220,113930,529,500
OTP,0,20101220,113949,5275,962
OTP,0,20101220,113952,5274,230
MTELEKOM,0,20101220,113955,529,1000
BUX1112,0,20101220,113957,21915,3
BUX1112,0,20101220,113957,21925,2
MTELEKOM,0,20101220,114000,530,5000
MTELEKOM,0,20101220,114000,530,5000
MTELEKOM,0,20101220,114005,530,5000
PANNERGY,0,20101220,114009,914,141
BUX1112,0,20101220,114011,21930,1
BUX1112,0,20101220,114011,21930,2
BUX1112,0,20101220,114011,21930,2
BUX1112,0,20101220,114011,21936,10
BUX1112,0,20101220,114011,21943,1
BUX1112,0,20101220,114011,21945,1
BUX1112,0,20101220,114011,21945,1
BUX1112,0,20101220,114011,21945,1
BUX1112,0,20101220,114011,21945,1
BUX1112,0,20101220,114011,21946,8
BUX1112,0,20101220,114015,21946,1
BUX1112,0,20101220,114022,21946,16
MTELEKOM,0,20101220,114030,530,3000
MTELEKOM,0,20101220,114033,530,2000
MTELEKOM,0,20101220,114044,530,1660
BUX1112,0,20101220,114051,21940,10
PANNERGY,0,20101220,114055,915,258
RICHTER,0,20101220,114108,42080,85
EGIS,0,20101220,114108,20500,9
PHYLAXIA,0,20101220,114124,45,1844
PHYLAXIA,0,20101220,114124,45,955
PHYLAXIA,0,20101220,114124,45,990
RICHTER,0,20101220,114125,42100,2
MTELEKOM,0,20101220,114151,530,1000
MTELEKOM,0,20101220,114207,530,6000
MTELEKOM,0,20101220,114207,530,3300
MTELEKOM,0,20101220,114207,529,2000
MTELEKOM,0,20101220,114207,529,20700
MTELEKOM,0,20101220,114222,530,5000
MTELEKOM,0,20101220,114230,530,10000
MTELEKOM,0,20101220,114231,530,5000
PANNERGY,0,20101220,114233,915,70
PANNERGY,0,20101220,114233,915,30
MTELEKOM,0,20101220,114236,530,9000
RICHTER,0,20101220,114239,42080,15
RICHTER,0,20101220,114239,42080,35
MTELEKOM,0,20101220,114259,530,1000
MTELEKOM,0,20101220,114259,530,1000
MTELEKOM,0,20101220,114259,530,5700
MTELEKOM,0,20101220,114303,530,5000
OTP,0,20101220,114315,5275,728
RICHTER,0,20101220,114324,42100,79
RICHTER,0,20101220,114324,42100,41
FHB,0,20101220,114326,971,17
FHB,0,20101220,114326,970,213
OTP,0,20101220,114326,5274,1000
PANNERGY,0,20101220,114329,914,75
PANNERGY,0,20101220,114329,915,270
PANNERGY,0,20101220,114329,916,305
OTP,0,20101220,114331,5275,310
OTP,0,20101220,114344,5275,690
OTP,0,20101220,114347,5274,800
MTELEKOM,0,20101220,114349,530,100
OTP,0,20101220,114359,5273,500
EGIS,0,20101220,114401,20505,38
EGIS,0,20101220,114401,20500,30
EGIS,0,20101220,114401,20500,43
MTELEKOM,0,20101220,114423,531,110
MTELEKOM,0,20101220,114423,531,500
MTELEKOM,0,20101220,114423,531,3390
MTELEKOM,0,20101220,114423,531,200
MTELEKOM,0,20101220,114439,531,1810
MTELEKOM,0,20101220,114439,531,190
RICHTER,0,20101220,114442,42100,9
RICHTER,0,20101220,114442,42100,100
RICHTER,0,20101220,114442,42100,41
MTELEKOM,0,20101220,114455,531,810
MTELEKOM,0,20101220,114455,532,120
MTELEKOM,0,20101220,114455,532,4035
OTP,0,20101220,114502,5275,1000
KEG,0,20101220,114502,146,1533
KEG,0,20101220,114502,146,967
FHB,0,20101220,114528,970,100
RFV,0,20101220,114534,8450,10
RFV,0,20101220,114534,8450,10
RFV,0,20101220,114534,8401,100
RFV,0,20101220,114548,8430,8
SYNERGON,0,20101220,114548,497,397
SYNERGON,0,20101220,114548,498,103
MOL,0,20101220,114548,19555,40
MOL,0,20101220,114548,19550,50
MOL,0,20101220,114548,19550,210
RICHTER,0,20101220,114550,42100,8
MTELEKOM,0,20101220,114551,532,1965
MTELEKOM,0,20101220,114551,532,1900
MTELEKOM,0,20101220,114551,532,600
MTELEKOM,0,20101220,114551,532,300
MTELEKOM,0,20101220,114551,532,400
MTELEKOM,0,20101220,114551,532,500
MTELEKOM,0,20101220,114551,532,1000
MTELEKOM,0,20101220,114551,532,3335
MTELEKOM,0,20101220,114555,532,1000
MTELEKOM,0,20101220,114600,531,156
MTELEKOM,0,20101220,114604,532,500
RICHTER,0,20101220,114615,42085,1
MOL,0,20101220,114617,19560,30
MOL,0,20101220,114617,19560,27
MOL,0,20101220,114629,19565,19
RICHTER,0,20101220,114635,42100,50
OTP,0,20101220,114637,5275,310
OTP,0,20101220,114637,5275,1043
OTP,0,20101220,114637,5275,1000
BUX1112,0,20101220,114645,21940,4
BUX1112,0,20101220,114645,21940,1
BUX1112,0,20101220,114645,21945,8
BUX1112,0,20101220,114645,21946,10
BUX1112,0,20101220,114645,21946,3
BUX1112,0,20101220,114645,21947,3
BUX1112,0,20101220,114645,21947,1
BUX1112,0,20101220,114645,21947.5,1
BUX1112,0,20101220,114645,21947.5,1
BUX1112,0,20101220,114645,21948,18
RICHTER,0,20101220,114647,42085,37
RICHTER,0,20101220,114647,42085,60
RICHTER,0,20101220,114647,42070,3
BUX1112,0,20101220,114656,21948,50
MOL,0,20101220,114658,19560,50
BUX1112,0,20101220,114705,21948,7
BUX1112,0,20101220,114705,21949.5,1
BUX1112,0,20101220,114705,21949.5,5
BUX1112,0,20101220,114705,21950,5
BUX1112,0,20101220,114705,21950,1
BUX1112,0,20101220,114705,21950,20
BUX1112,0,20101220,114705,21950,11
MTELEKOM,0,20101220,114709,531,1330
RICHTER,0,20101220,114711,42100,50
MOL,0,20101220,114715,19560,93
MOL,0,20101220,114715,19550,7
RICHTER,0,20101220,114718,42100,50
MOL,0,20101220,114722,19550,50
ZWACK,0,20101220,114722,13300,5
MTELEKOM,0,20101220,114740,532,165
MTELEKOM,0,20101220,114740,532,975
MTELEKOM,0,20101220,114740,532,860
OTP,0,20101220,114743,5276,71
RICHTER,0,20101220,114752,42100,50
OTP,0,20101220,114803,5276,679
OTP,0,20101220,114803,5275,2647
MTELEKOM,0,20101220,114835,532,300
OTP,0,20101220,114849,5275,200
FHB,0,20101220,114857,972,100
MTELEKOM,0,20101220,114857,531,100
MTELEKOM,0,20101220,114859,531,3000
OTP,0,20101220,114859,5272,20
DANUBIUS,0,20101220,114901,4370,20
DANUBIUS,0,20101220,114901,4380,110
DANUBIUS,0,20101220,114901,4400,50
DANUBIUS,0,20101220,114901,4400,255
DANUBIUS,0,20101220,114901,4400,65
RICHTER,0,20101220,114901,42100,50
MTELEKOM,0,20101220,114915,531,1000
OTP,0,20101220,114929,5274,20
OTP,0,20101220,114934,5272,80
OTP,0,20101220,114934,5272,500
OTP,0,20101220,114934,5271,1000
OTP,0,20101220,114934,5271,1000
OTP,0,20101220,114934,5270,1228
OTP,0,20101220,114934,5270,500
OTP,0,20101220,114934,5270,500
OTP,0,20101220,114934,5270,500
OTP,0,20101220,114934,5270,500
OTP,0,20101220,114934,5270,72
OTP,0,20101220,114934,5270,922
MOL,0,20101220,114939,19570,100
MOL,0,20101220,114939,19570,25
OTP,0,20101220,114947,5265,899
MOL,0,20101220,114952,19570,70
OTP,0,20101220,115008,5268,1145
OTP,0,20101220,115027,5265,1000
OTP,0,20101220,115038,5263,244
OTP,0,20101220,115046,5265,500
MTELEKOM,0,20101220,115053,531,1000
MTELEKOM,0,20101220,115053,531,250
MTELEKOM,0,20101220,115059,531,1000
BUX1112,0,20101220,115104,21950,6
SYNERGON,0,20101220,115129,498,422
SYNERGON,0,20101220,115129,499,278
FOTEX,0,20101220,115130,386,500
FOTEX,0,20101220,115130,386,200
FOTEX,0,20101220,115130,385,70
FOTEX,0,20101220,115130,385,1000
FOTEX,0,20101220,115130,385,200
FOTEX,0,20101220,115130,385,380
FOTEX,0,20101220,115156,385,150
MTELEKOM,0,20101220,115159,531,1000
MTELEKOM,0,20101220,115224,532,1840
MTELEKOM,0,20101220,115224,532,160
DANUBIUS,0,20101220,115253,4400,500
OTP,0,20101220,115257,5269,1000
RICHTER,0,20101220,115259,42080,50
RICHTER,0,20101220,115331,42100,20
RICHTER,0,20101220,115331,42100,50
MTELEKOM,0,20101220,115339,532,4840
MTELEKOM,0,20101220,115339,532,5000
MTELEKOM,0,20101220,115339,532,5000
MTELEKOM,0,20101220,115339,532,2000
MTELEKOM,0,20101220,115357,532,100
MTELEKOM,0,20101220,115425,532,300
MTELEKOM,0,20101220,115426,533,2000
MTELEKOM,0,20101220,115426,533,150
MTELEKOM,0,20101220,115426,533,140
MTELEKOM,0,20101220,115426,533,500
MTELEKOM,0,20101220,115426,533,500
MTELEKOM,0,20101220,115426,533,2000
MTELEKOM,0,20101220,115426,533,1500
MTELEKOM,0,20101220,115426,533,2000
MTELEKOM,0,20101220,115426,533,2000
MTELEKOM,0,20101220,115426,533,500
MTELEKOM,0,20101220,115426,533,200
MTELEKOM,0,20101220,115426,533,150
MTELEKOM,0,20101220,115426,533,1000
MTELEKOM,0,20101220,115426,533,5000
MTELEKOM,0,20101220,115433,533,2360
MTELEKOM,0,20101220,115438,533,2640
OTP,0,20101220,115443,5269,500
OTP,0,20101220,115445,5269,500
BUX1112,0,20101220,115448,21940,3
BUX1112,0,20101220,115448,21949,1
BUX1112,0,20101220,115448,21950,1
OTP,0,20101220,115451,5270,40
MTELEKOM,0,20101220,115457,533,100
OTP,0,20101220,115523,5270,460
MTELEKOM,0,20101220,115531,533,2260
MTELEKOM,0,20101220,115531,533,2740
MTELEKOM,0,20101220,115533,533,20
MTELEKOM,0,20101220,115533,532,170
OTP,0,20101220,115545,5267,30
MTELEKOM,0,20101220,115606,533,5000
MTELEKOM,0,20101220,115616,534,100
MTELEKOM,0,20101220,115616,534,2000
MTELEKOM,0,20101220,115616,534,150
MTELEKOM,0,20101220,115616,534,500
MTELEKOM,0,20101220,115616,534,100
MTELEKOM,0,20101220,115616,534,600
MTELEKOM,0,20101220,115616,534,49
MTELEKOM,0,20101220,115616,534,5000
MTELEKOM,0,20101220,115616,534,4664
MTELEKOM,0,20101220,115616,534,200
MTELEKOM,0,20101220,115616,534,100
MTELEKOM,0,20101220,115616,534,100
MTELEKOM,0,20101220,115616,534,200
MTELEKOM,0,20101220,115616,534,1000
MTELEKOM,0,20101220,115616,534,1500
MTELEKOM,0,20101220,115616,534,1000
MTELEKOM,0,20101220,115626,534,2737
MTELEKOM,0,20101220,115626,534,2263
MTELEKOM,0,20101220,115635,534,2737
MTELEKOM,0,20101220,115635,534,1263
MTELEKOM,0,20101220,115636,534,1000
MTELEKOM,0,20101220,115649,534,150
OTP,0,20101220,115652,5270,500
KEG,0,20101220,115655,148,600
KEG,0,20101220,115655,149,1998
KEG,0,20101220,115655,149,385
KEG,0,20101220,115655,150,17
MTELEKOM,0,20101220,115700,534,2587
MTELEKOM,0,20101220,115709,534,5000
MTELEKOM,0,20101220,115715,534,2413
RICHTER,0,20101220,115725,42090,50
MTELEKOM,0,20101220,115729,534,550
BUX1112,0,20101220,115737,21949,1
BUX1112,0,20101220,115737,21950,7
MTELEKOM,0,20101220,115816,534,110
KEG,0,20101220,115823,150,83
KEG,0,20101220,115823,150,250
KEG,0,20101220,115823,150,167
OTP,0,20101220,115826,5270,40
MTELEKOM,0,20101220,115828,534,293
OTP,0,20101220,115842,5275,5
MTELEKOM,0,20101220,115923,535,110
MTELEKOM,0,20101220,115923,535,100
MTELEKOM,0,20101220,115923,535,164
FHB,0,20101220,115925,975,255
FHB,0,20101220,115925,976,100
FHB,0,20101220,115925,978,200
FHB,0,20101220,115925,978,615
FHB,0,20101220,115925,979,100
FHB,0,20101220,115925,979,115
FHB,0,20101220,115925,980,115
BUX1112,0,20101220,115930,21950,11
OTP,0,20101220,115933,5267,24
MTELEKOM,0,20101220,115935,534,1000
OTP,0,20101220,115938,5270,20
MTELEKOM,0,20101220,115950,534,634
MTELEKOM,0,20101220,115950,534,366
OTP,0,20101220,120008,5270,134
OTP,0,20101220,120008,5275,1366
OTP,0,20101220,120015,5275,103
OTP,0,20101220,120015,5275,97
OTP,0,20101220,120021,5275,3
OTP,0,20101220,120021,5275,991
OTP,0,20101220,120022,5275,206
OTP,0,20101220,120027,5275,1700
MTELEKOM,0,20101220,120058,534,250
MTELEKOM,0,20101220,120112,534,19384
MTELEKOM,0,20101220,120112,534,5616
RICHTER,0,20101220,120125,42100,30
MTELEKOM,0,20101220,120132,533,100
OTP,0,20101220,120133,5274,200
BUX1112,0,20101220,120134,21950,4
OTP,0,20101220,120152,5274,1000
OTP,0,20101220,120206,5274,315
OTP,0,20101220,120206,5275,94
OTP,0,20101220,120206,5275,1591
MTELEKOM,0,20101220,120208,533,4900
MTELEKOM,0,20101220,120208,533,200
PANNERGY,0,20101220,120211,915,200
PANNERGY,0,20101220,120211,916,380
PANNERGY,0,20101220,120219,916,415
PANNERGY,0,20101220,120219,917,50
PANNERGY,0,20101220,120219,917,300
PANNERGY,0,20101220,120219,917,750
PANNERGY,0,20101220,120219,918,500
PANNERGY,0,20101220,120219,918,95
PANNERGY,0,20101220,120219,919,596
PANNERGY,0,20101220,120219,919,486
PANNERGY,0,20101220,120219,919,250
PANNERGY,0,20101220,120219,920,100
PANNERGY,0,20101220,120219,920,300
PANNERGY,0,20101220,120219,920,220
PANNERGY,0,20101220,120219,920,718
PANNERGY,0,20101220,120219,920,500
PANNERGY,0,20101220,120219,920,470
MTELEKOM,0,20101220,120230,533,5516
MTELEKOM,0,20101220,120230,534,1000
MTELEKOM,0,20101220,120230,534,5000
MTELEKOM,0,20101220,120230,534,1000
MTELEKOM,0,20101220,120230,534,200
RICHTER,0,20101220,120231,42120,100
RICHTER,0,20101220,120231,42120,50
RICHTER,0,20101220,120231,42135,50
RICHTER,0,20101220,120231,42140,100
MTELEKOM,0,20101220,120236,534,10000
OTP,0,20101220,120237,5274,1000
OTP,0,20101220,120251,5275,409
OTP,0,20101220,120251,5275,591
RABA,0,20101220,120255,801,95
RABA,0,20101220,120255,801,200
RABA,0,20101220,120255,800,585
OTP,0,20101220,120255,5275,409
OTP,0,20101220,120303,5271,50
OTP,0,20101220,120303,5270,50
RICHTER,0,20101220,120305,42145,50
BUX1112,0,20101220,120322,21950,1
BUX1112,0,20101220,120322,21950,2
MTELEKOM,0,20101220,120324,533,1000
RICHTER,0,20101220,120331,42145,30
OTP,0,20101220,120334,5275,2000
OTP,0,20101220,120343,5280,342
OTP,0,20101220,120343,5280,20
OTP,0,20101220,120343,5280,1000
OTP,0,20101220,120343,5280,1000
OTP,0,20101220,120343,5280,138
MTELEKOM,0,20101220,120346,533,200
OTP,0,20101220,120357,5275,1500
OTP,0,20101220,120357,5275,3000
MTELEKOM,0,20101220,120400,533,1084
OTP,0,20101220,120404,5274,1000
OTP,0,20101220,120409,5273,270
OTP,0,20101220,120413,5271,17
MTELEKOM,0,20101220,120416,532,5000
OTP,0,20101220,120418,5274,1008
OTP,0,20101220,120421,5275,500
OTP,0,20101220,120434,5280,500
RABA,0,20101220,120437,800,250
OTP,0,20101220,120437,5280,500
OTP,0,20101220,120442,5279,500
RICHTER,0,20101220,120442,42145,20
RICHTER,0,20101220,120442,42150,50
RICHTER,0,20101220,120442,42170,30
OTP,0,20101220,120448,5279,500
MTELEKOM,0,20101220,120449,532,200
MTELEKOM,0,20101220,120449,533,916
MTELEKOM,0,20101220,120449,533,2000
MTELEKOM,0,20101220,120449,534,823
MTELEKOM,0,20101220,120449,534,3000
MTELEKOM,0,20101220,120449,534,28530
OTP,0,20101220,120454,5275,2000
OTP,0,20101220,120459,5278,1000
OTP,0,20101220,120503,5279,258
MTELEKOM,0,20101220,120504,534,2065
MTELEKOM,0,20101220,120504,534,9405
MTELEKOM,0,20101220,120504,534,26064
OTP,0,20101220,120504,5275,983
OTP,0,20101220,120505,5275,1000
OTP,0,20101220,120508,5275,17
OTP,0,20101220,120508,5275,983
OTP,0,20101220,120512,5279,925
OTP,0,20101220,120520,5280,473
ZWACK,0,20101220,120523,13300,40
OTP,0,20101220,120526,5279,523
RICHTER,0,20101220,120543,42170,20
RICHTER,0,20101220,120543,42175,50
RICHTER,0,20101220,120543,42180,50
RICHTER,0,20101220,120543,42185,22
RICHTER,0,20101220,120543,42185,50
RICHTER,0,20101220,120543,42190,58
RICHTER,0,20101220,120544,42190,142
RICHTER,0,20101220,120544,42190,50
RICHTER,0,20101220,120544,42200,50
RICHTER,0,20101220,120544,42200,8
RICHTER,0,20101220,120548,42200,4
PANNERGY,0,20101220,120549,914,50
RICHTER,0,20101220,120550,42200,100
RICHTER,0,20101220,120554,42200,146
OTP,0,20101220,120557,5275,527
OTP,0,20101220,120601,5280,1000
OTP,0,20101220,120601,5280,2000
OTP,0,20101220,120605,5275,973
RICHTER,0,20101220,120608,42200,250
OTP,0,20101220,120609,5274,1000
OTP,0,20101220,120609,5274,52
OTP,0,20101220,120609,5275,27
RICHTER,0,20101220,120609,42150,99
MTELEKOM,0,20101220,120616,533,91
BUX1112,0,20101220,120630,21953,1
BUX1112,0,20101220,120645,21953,4
BUX1112,0,20101220,120645,21965,15
OTP,0,20101220,120648,5280,1000
OTP,0,20101220,120648,5280,1000
BUX1112,0,20101220,120710,21969,1
BUX1112,0,20101220,120710,21969.5,1
BUX1112,0,20101220,120710,21969.5,5
BUX1112,0,20101220,120710,21969.5,1
BUX1112,0,20101220,120710,21970,10
MTELEKOM,0,20101220,120713,533,235
BUX1112,0,20101220,120715,21975,1
MTELEKOM,0,20101220,120723,533,200
OTP,0,20101220,120729,5280,300
BUX1112,0,20101220,120731,21975,24
BUX1112,0,20101220,120731,21979,4
BUX1112,0,20101220,120731,21980,10
BUX1112,0,20101220,120731,21980,1
BUX1112,0,20101220,120731,21980,15
OTP,0,20101220,120738,5276,20
EGIS,0,20101220,120740,20505,30
EGIS,0,20101220,120740,20500,7
EGIS,0,20101220,120740,20500,1
FHB,0,20101220,120740,973,115
FHB,0,20101220,120740,973,184
MOL,0,20101220,120740,19570,4
MOL,0,20101220,120740,19555,4
MOL,0,20101220,120740,19550,43
MOL,0,20101220,120740,19550,2
MOL,0,20101220,120740,19550,100
MOL,0,20101220,120740,19550,165
MTELEKOM,0,20101220,120740,533,4763
OTP,0,20101220,120740,5276,180
OTP,0,20101220,120740,5275,1108
RICHTER,0,20101220,120741,42200,99
OTP,0,20101220,120749,5275,813
MTELEKOM,0,20101220,120752,533,100
MTELEKOM,0,20101220,120755,533,4611
MTELEKOM,0,20101220,120755,532,1000
MTELEKOM,0,20101220,120755,532,3000
MTELEKOM,0,20101220,120755,532,1389
OTP,0,20101220,120759,5274,544
MOL,0,20101220,120803,19585,23
MOL,0,20101220,120803,19585,477
TVK,0,20101220,120822,3350,120
RICHTER,0,20101220,120828,42210,6
MTELEKOM,0,20101220,120836,534,200
MTELEKOM,0,20101220,120836,534,475
BUX1112,0,20101220,120836,21981.5,1
BUX1112,0,20101220,120836,21982,2
BUX1112,0,20101220,120836,21986,1
BUX1112,0,20101220,120836,21990,1
BUX1112,0,20101220,120836,21990,1
BUX1112,0,20101220,120836,21990,1
BUX1112,0,20101220,120836,21993,5
BUX1112,0,20101220,120836,21994,10
BUX1112,0,20101220,120836,21995,5
BUX1112,0,20101220,120836,21995,1
BUX1112,0,20101220,120836,21996.5,5
BUX1112,0,20101220,120836,21997,3
BUX1112,0,20101220,120836,21999,1
BUX1112,0,20101220,120836,21999,3
BUX1112,0,20101220,120836,21999,3
MOL,0,20101220,120843,19555,5
MOL,0,20101220,120843,19555,195
MTELEKOM,0,20101220,120844,533,96
RICHTER,0,20101220,120855,42210,8
RICHTER,0,20101220,120855,42200,1
RICHTER,0,20101220,120855,42200,84
OTP,0,20101220,120856,5275,250
BUX1112,0,20101220,120856,21981,1
KEG,0,20101220,120858,149,430
KEG,0,20101220,120858,150,70
OTP,0,20101220,120906,5275,300
OTP,0,20101220,120908,5275,60
MTELEKOM,0,20101220,120909,533,854
RICHTER,0,20101220,120910,42200,2
MOL,0,20101220,120922,19565,55
MOL,0,20101220,120922,19560,45
OTP,0,20101220,120925,5274,500
OTP,0,20101220,120947,5275,200
BUX1112,0,20101220,121013,21997,1
BUX1112,0,20101220,121013,21997.5,1
BUX1112,0,20101220,121013,21998,3
BUX1112,0,20101220,121013,21999,7
BUX1112,0,20101220,121013,21999,2
BUX1112,0,20101220,121013,21999.5,2
BUX1112,0,20101220,121013,21999.5,25
BUX1112,0,20101220,121013,22000,1
BUX1112,0,20101220,121013,22000,50
BUX1112,0,20101220,121013,22010,1
BUX1112,0,20101220,121013,22024,1
BUX1112,0,20101220,121013,22024,2
BUX1112,0,20101220,121013,22025,4
KEG,0,20101220,121024,150,13
KEG,0,20101220,121024,150,237
OTP,0,20101220,121035,5275,77
OTP,0,20101220,121035,5275,423
OTP,0,20101220,121047,5275,10
OTP,0,20101220,121047,5285,10
RICHTER,0,20101220,121051,42200,20
MTELEKOM,0,20101220,121138,533,146
MTELEKOM,0,20101220,121138,533,500
DANUBIUS,0,20101220,121154,4400,175
MTELEKOM,0,20101220,121207,533,254
MTELEKOM,0,20101220,121217,533,105
RABA,0,20101220,121238,800,145
RABA,0,20101220,121238,800,125
RABA,0,20101220,121238,800,200
RABA,0,20101220,121238,800,330
RABA,0,20101220,121238,800,120
RABA,0,20101220,121238,800,80
RABA,0,20101220,121303,800,120
RABA,0,20101220,121303,799,880
OTP,0,20101220,121319,5272,60
KEG,0,20101220,121328,150,423
KEG,0,20101220,121328,150,77
RICHTER,0,20101220,121332,42150,10
RICHTER,0,20101220,121332,42150,100
RICHTER,0,20101220,121332,42100,40
MTELEKOM,0,20101220,121359,533,927
MTELEKOM,0,20101220,121426,532,1000
MTELEKOM,0,20101220,121431,532,4595
ECONET,0,20101220,121433,91,486
ECONET,0,20101220,121433,91,4514
DANUBIUS,0,20101220,121441,4400,800
FHB,0,20101220,121450,976,43
MTELEKOM,0,20101220,121557,532,405
MTELEKOM,0,20101220,121557,532,282
OTP,0,20101220,121614,5275,302
KEG,0,20101220,121635,150,1499
KEG,0,20101220,121635,150,5000
KEG,0,20101220,121635,151,101
DANUBIUS,0,20101220,121722,4490,3
MTELEKOM,0,20101220,121726,531,100
PANNERGY,0,20101220,121759,918,100
OTP,0,20101220,121809,5273,125
OTP,0,20101220,121809,5273,200
RICHTER,0,20101220,121831,42155,50
KEG,0,20101220,121844,151,399
KEG,0,20101220,121844,151,1
OTP,0,20101220,121859,5273,900
PANNERGY,0,20101220,121901,917,100
PANNERGY,0,20101220,121901,918,1018
PANNERGY,0,20101220,121901,919,1306
PANNERGY,0,20101220,121901,920,530
PANNERGY,0,20101220,121901,920,100
PANNERGY,0,20101220,121901,920,250
PANNERGY,0,20101220,121901,920,4000
PANNERGY,0,20101220,121901,920,396
OTP,0,20101220,121908,5275,500
OTP,0,20101220,121911,5273,500
OTP,0,20101220,121911,5272,186
OTP,0,20101220,121911,5272,500
OTP,0,20101220,121911,5272,814
FOTEX,0,20101220,121922,385,800
FOTEX,0,20101220,122041,385,200
OTP,0,20101220,122049,5273,60
BUX1112,0,20101220,122059,21998.5,1
BUX1112,0,20101220,122059,21999,1
BUX1112,0,20101220,122059,22000,8
MTELEKOM,0,20101220,122102,532,500
OTP,0,20101220,122103,5273,20
OTP,0,20101220,122104,5273,420
BUX1112,0,20101220,122118,22000,42
MOL,0,20101220,122121,19570,15
MOL,0,20101220,122121,19580,200
MOL,0,20101220,122121,19585,23
MOL,0,20101220,122121,19590,50
MOL,0,20101220,122121,19590,10
MOL,0,20101220,122121,19590,2
MOL,0,20101220,122123,19590,98
MOL,0,20101220,122123,19590,100
MOL,0,20101220,122123,19595,102
MOL,0,20101220,122134,19595,5
MOL,0,20101220,122134,19595,100
MOL,0,20101220,122134,19595,100
MOL,0,20101220,122134,19600,2
MOL,0,20101220,122134,19600,50
MOL,0,20101220,122134,19600,43
BUX1112,0,20101220,122153,22000,5
BUX1112,0,20101220,122200,22000,3
OTP,0,20101220,122222,5273,200
OTP,0,20101220,122230,5273,353
OTP,0,20101220,122230,5275,147
BUX1112,0,20101220,122238,22000,1
PANNERGY,0,20101220,122311,918,50
MTELEKOM,0,20101220,122322,531,500
MTELEKOM,0,20101220,122322,531,1500
EGIS,0,20101220,122335,20505,44
EGIS,0,20101220,122335,20500,6
MTELEKOM,0,20101220,122354,531,3000
RICHTER,0,20101220,122406,42160,10
RICHTER,0,20101220,122406,42160,76
RICHTER,0,20101220,122406,42155,14
OTP,0,20101220,122421,5275,51
OTP,0,20101220,122421,5275,349
MTELEKOM,0,20101220,122423,531,200
MTELEKOM,0,20101220,122433,531,300
MTELEKOM,0,20101220,122433,530,4510
MTELEKOM,0,20101220,122433,530,200
MTELEKOM,0,20101220,122433,530,4990
BUX1112,0,20101220,122445,22000,10
OTP,0,20101220,122448,5275,90
PANNERGY,0,20101220,122450,920,950
OTP,0,20101220,122520,5275,16
OTP,0,20101220,122522,5275,200
GENESIS,0,20101220,122524,205,520
OTP,0,20101220,122527,5275,345
OTP,0,20101220,122527,5275,155
PANNERGY,0,20101220,122540,920,14
PANNERGY,0,20101220,122540,920,36
MOL,0,20101220,122541,19595,21
MOL,0,20101220,122541,19600,7
MOL,0,20101220,122541,19600,40
MOL,0,20101220,122541,19600,30
MTELEKOM,0,20101220,122554,530,200
GENESIS,0,20101220,122556,208,30
RICHTER,0,20101220,122613,42200,10
EGIS,0,20101220,122621,20550,72
PANNERGY,0,20101220,122634,919,116
PHYLAXIA,0,20101220,122646,45,510
PHYLAXIA,0,20101220,122646,45,2490
MOL,0,20101220,122659,19600,50
PANNERGY,0,20101220,122701,919,120
PANNERGY,0,20101220,122719,919,45
RICHTER,0,20101220,122722,42200,70
MTELEKOM,0,20101220,122733,531,200
MTELEKOM,0,20101220,122733,531,1800
MTELEKOM,0,20101220,122748,531,900
OTP,0,20101220,122753,5271,1200
OTP,0,20101220,122753,5270,950
OTP,0,20101220,122753,5270,200
OTP,0,20101220,122753,5270,500
OTP,0,20101220,122753,5270,10
OTP,0,20101220,122753,5270,140
OTP,0,20101220,122802,5270,360
RICHTER,0,20101220,122814,42200,100
BUX1112,0,20101220,122826,22000,8
RICHTER,0,20101220,122831,42155,3
OTP,0,20101220,122833,5265,350
PHYLAXIA,0,20101220,122834,45,3000
BUX1112,0,20101220,122834,22000,1
BUX1112,0,20101220,122849,22000,2
RABA,0,20101220,122903,800,300
BUX1112,0,20101220,122909,22000,10
PHYLAXIA,0,20101220,122912,45,1000
BUX1112,0,20101220,122913,22000,1
BUX1112,0,20101220,122915,22000,17
BUX1112,0,20101220,122915,22000,33
BUX1112,0,20101220,122921,22000,4
OTP,0,20101220,122928,5265,50
BUX1112,0,20101220,122939,22000,10
OTP,0,20101220,123002,5265,50
OTP,0,20101220,123009,5270,376
BUX1112,0,20101220,123011,22000,3
BUX1112,0,20101220,123011,22000,43
MTELEKOM,0,20101220,123020,531,55
RICHTER,0,20101220,123022,42200,3
BUX1112,0,20101220,123027,22000,1
HUMET,0,20101220,123059,10,10000
MOL,0,20101220,123114,19600,20
MOL,0,20101220,123114,19600,100
BUX1112,0,20101220,123118,22000,6
BUX1112,0,20101220,123118,22000,44
MOL,0,20101220,123121,19600,189
BUX1112,0,20101220,123134,22000,6
BUX1112,0,20101220,123134,22000,44
BUX1112,0,20101220,123202,22000,4
MOL,0,20101220,123203,19560,100
BUX1112,0,20101220,123223,22000,1
MOL,0,20101220,123229,19595,319
OTP,0,20101220,123235,5270,200
OTP,0,20101220,123258,5270,50
PANNERGY,0,20101220,123304,919,19
PANNERGY,0,20101220,123304,919,293
PANNERGY,0,20101220,123304,920,688
RICHTER,0,20101220,123327,42200,2
PANNERGY,0,20101220,123333,920,276
PANNERGY,0,20101220,123333,920,200
PANNERGY,0,20101220,123333,920,500
PANNERGY,0,20101220,123333,920,24
MTELEKOM,0,20101220,123335,530,4810
MTELEKOM,0,20101220,123335,530,5190
MTELEKOM,0,20101220,123349,530,10000
MOL,0,20101220,123350,19560,100
OTP,0,20101220,123423,5270,1
BUX1112,0,20101220,123437,22000,1
BUX1112,0,20101220,123437,22000,1
KEG,0,20101220,123442,150,100
OTP,0,20101220,123446,5265,1
RABA,0,20101220,123458,802,500
RABA,0,20101220,123458,804,160
OTP,0,20101220,123522,5270,1
MTELEKOM,0,20101220,123524,531,200
BUX1112,0,20101220,123528,22000,1
OTP,0,20101220,123536,5265,1
OTP,0,20101220,123551,5270,5000
OTP,0,20101220,123552,5265,228
PANNERGY,0,20101220,123602,920,100
OTP,0,20101220,123605,5270,12
OTP,0,20101220,123605,5270,488
BUX1112,0,20101220,123709,22001,20
BUX1112,0,20101220,123709,22000,5
MTELEKOM,0,20101220,123720,530,200
MOL,0,20101220,123721,19560,100
BUX1112,0,20101220,123725,22000,43
BUX1112,0,20101220,123725,22000,50
BUX1112,0,20101220,123827,21999.5,1
BUX1112,0,20101220,123827,22000,7
PANNERGY,0,20101220,123838,918,60
PANNERGY,0,20101220,123838,920,86
PANNERGY,0,20101220,123838,920,114
BUX1112,0,20101220,123938,22000,1
BUX1112,0,20101220,123954,22000,41
BUX1112,0,20101220,123954,22000,9
BUX1112,0,20101220,124002,22000,25
ECONET,0,20101220,124103,91,1986
ECONET,0,20101220,124103,91,11100
MTELEKOM,0,20101220,124121,531,1000
BUX1112,0,20101220,124123,22000,1
BUX1112,0,20101220,124136,22000,1
OTP,0,20101220,124158,5265,17
GENESIS,0,20101220,124206,206,200
MTELEKOM,0,20101220,124208,530,1
BUX1112,0,20101220,124249,22001,16
BUX1112,0,20101220,124249,22000,9
KEG,0,20101220,124255,148,1000
KEG,0,20101220,124255,147,600
KEG,0,20101220,124255,147,2000
KEG,0,20101220,124255,147,505
KEG,0,20101220,124255,146,33
KEG,0,20101220,124255,146,1000
KEG,0,20101220,124255,146,2000
KEG,0,20101220,124255,146,700
KEG,0,20101220,124255,145,960
KEG,0,20101220,124255,145,1202
BUX1112,0,20101220,124306,22000,1
RABA,0,20101220,124320,800,500
OTP,0,20101220,124326,5270,56
KEG,0,20101220,124330,150,100
ECONET,0,20101220,124354,91,450
RICHTER,0,20101220,124429,42275,2
BUX1112,0,20101220,124434,22000,4
KEG,0,20101220,124440,145,798
KEG,0,20101220,124440,145,10000
KEG,0,20101220,124440,145,9202
RICHTER,0,20101220,124447,42200,60
MOL,0,20101220,124450,19580,20
MOL,0,20101220,124450,19600,10
RICHTER,0,20101220,124458,42275,40
KEG,0,20101220,124517,149,1200
KEG,0,20101220,124517,150,800
RICHTER,0,20101220,124710,42275,8
RICHTER,0,20101220,124727,42275,472
MOL,0,20101220,124758,19600,4
MOL,0,20101220,124802,19570,25
MOL,0,20101220,124802,19560,25
PHYLAXIA,0,20101220,124822,46,100
GENESIS,0,20101220,124939,206,300
RICHTER,0,20101220,124946,42275,8
RICHTER,0,20101220,124946,42275,150
RICHTER,0,20101220,124946,42275,142
OTP,0,20101220,125031,5270,10
GENESIS,0,20101220,125058,206,50
GENESIS,0,20101220,125058,208,10
MOL,0,20101220,125129,19560,1
RICHTER,0,20101220,125154,42275,8
RICHTER,0,20101220,125154,42280,92
RICHTER,0,20101220,125156,42280,8
RICHTER,0,20101220,125156,42280,50
RICHTER,0,20101220,125156,42295,42
RICHTER,0,20101220,125201,42295,28
RICHTER,0,20101220,125201,42295,5
RICHTER,0,20101220,125201,42300,58
RICHTER,0,20101220,125201,42300,9
SYNERGON,0,20101220,125211,496,200
OTP,0,20101220,125224,5265,3
RICHTER,0,20101220,125225,42300,1
ZWACK,0,20101220,125301,13175,13
OTP,0,20101220,125327,5265,300
OTP,0,20101220,125327,5265,200
RICHTER,0,20101220,125328,42295,50
HUMET,0,20101220,125334,9,10
OTP,0,20101220,125348,5263,40
OTP,0,20101220,125413,5262,50
RABA,0,20101220,125431,800,100
EGIS,0,20101220,125456,20505,30
EGIS,0,20101220,125456,20505,15
EGIS,0,20101220,125456,20500,55
MTELEKOM,0,20101220,125510,530,20
MOL,0,20101220,125511,19590,10
MOL,0,20101220,125511,19600,66
MOL,0,20101220,125511,19600,24
OTP,0,20101220,125522,5265,725
EGIS,0,20101220,125528,20550,15
EGIS,0,20101220,125629,20550,75
EGIS,0,20101220,125641,20550,10
ANY,0,20101220,125649,725,10
EGIS,0,20101220,125650,20550,13
RABA,0,20101220,125651,800,150
MOL,0,20101220,125737,19560,8
MTELEKOM,0,20101220,125809,530,130
MTELEKOM,0,20101220,125809,530,210
MTELEKOM,0,20101220,125809,530,1660
PANNERGY,0,20101220,125853,918,100
OTP,0,20101220,125914,5265,275
OTP,0,20101220,125914,5265,500
OTP,0,20101220,125934,5262,50
OTP,0,20101220,125954,5262,100
BUX1112,0,20101220,130013,21999,1
BUX1112,0,20101220,130013,22000,4
RFV,0,20101220,130017,8405,11
RFV,0,20101220,130017,8401,7
RFV,0,20101220,130017,8400,3
MTELEKOM,0,20101220,130019,530,9626
MTELEKOM,0,20101220,130019,530,200
MTELEKOM,0,20101220,130019,530,1000
MTELEKOM,0,20101220,130019,530,1000
MTELEKOM,0,20101220,130019,530,500
MTELEKOM,0,20101220,130019,530,280
RFV,0,20101220,130031,8410,117
MTELEKOM,0,20101220,130038,530,170
PANNERGY,0,20101220,130055,920,86
PANNERGY,0,20101220,130055,920,400
PANNERGY,0,20101220,130055,920,600
PANNERGY,0,20101220,130055,920,50
PANNERGY,0,20101220,130055,921,1000
RABA,0,20101220,130058,799,100
HUMET,0,20101220,130101,9,1100
HUMET,0,20101220,130158,9,2100
PANNERGY,0,20101220,130228,921,450
PANNERGY,0,20101220,130248,921,200
PANNERGY,0,20101220,130255,922,500
OTP,0,20101220,130302,5263,100
OTP,0,20101220,130302,5262,280
OTP,0,20101220,130302,5262,100
OTP,0,20101220,130302,5262,20
KEG,0,20101220,130316,148,150
OTP,0,20101220,130403,5262,280
OTP,0,20101220,130403,5261,500
OTP,0,20101220,130403,5260,237
OTP,0,20101220,130403,5260,1000
OTP,0,20101220,130403,5260,1
OTP,0,20101220,130403,5260,366
EGIS,0,20101220,130403,20550,100
OTP,0,20101220,130431,5260,1134
OTP,0,20101220,130431,5260,100
OTP,0,20101220,130431,5260,100
OTP,0,20101220,130431,5260,10
OTP,0,20101220,130431,5260,156
OTP,0,20101220,130436,5260,54
OTP,0,20101220,130449,5260,446
PANNERGY,0,20101220,130453,921,200
OTP,0,20101220,130453,5255,193
MOL,0,20101220,130542,19560,20
OTP,0,20101220,130554,5255,7
OTP,0,20101220,130554,5255,3
OTP,0,20101220,130628,5256,24
OTP,0,20101220,130628,5255,47
OTP,0,20101220,130628,5255,79
MTELEKOM,0,20101220,130705,530,150
OTP,0,20101220,130716,5255,44
EGIS,0,20101220,130851,20510,30
EGIS,0,20101220,130851,20505,37
EGIS,0,20101220,130851,20500,38
EGIS,0,20101220,130851,20500,50
EGIS,0,20101220,130851,20500,50
FHB,0,20101220,130855,974,400
FHB,0,20101220,130855,973,200
FHB,0,20101220,130855,972,420
FHB,0,20101220,130855,972,1000
FHB,0,20101220,130855,971,2000
FHB,0,20101220,130855,970,809
MTELEKOM,0,20101220,130900,530,1074
MTELEKOM,0,20101220,130900,530,926
OTP,0,20101220,130920,5257,370
PANNERGY,0,20101220,130929,921,14
FHB,0,20101220,130935,970,600
MTELEKOM,0,20101220,130951,530,1000
MTELEKOM,0,20101220,130959,530,1074
MTELEKOM,0,20101220,130959,530,251
EGIS,0,20101220,131015,20500,295
OTP,0,20101220,131016,5255,30
MTELEKOM,0,20101220,131029,530,6286
MTELEKOM,0,20101220,131050,529,1000
MTELEKOM,0,20101220,131050,529,1000
MTELEKOM,0,20101220,131050,529,200
EGIS,0,20101220,131054,20500,500
OTP,0,20101220,131108,5255,100
EGIS,0,20101220,131108,20500,500
EGIS,0,20101220,131118,20500,500
MTELEKOM,0,20101220,131128,529,5000
RICHTER,0,20101220,131139,42295,25
RICHTER,0,20101220,131139,42295,42
RICHTER,0,20101220,131139,42300,40
RICHTER,0,20101220,131139,42300,2
RICHTER,0,20101220,131139,42300,100
RICHTER,0,20101220,131144,42300,41
MOL,0,20101220,131158,19570,10
MOL,0,20101220,131158,19590,10
MOL,0,20101220,131158,19590,100
MOL,0,20101220,131158,19600,34
OTP,0,20101220,131223,5257,30
OTP,0,20101220,131223,5257,720
OTP,0,20101220,131231,5257,50
BUX1112,0,20101220,131238,21997.5,1
RICHTER,0,20101220,131247,42300,100
OTP,0,20101220,131304,5256,22
RICHTER,0,20101220,131307,42300,97
RICHTER,0,20101220,131346,42350,100
RICHTER,0,20101220,131346,42350,50
MTELEKOM,0,20101220,131359,530,5000
GENESIS,0,20101220,131425,205,559
GENESIS,0,20101220,131425,204,500
GENESIS,0,20101220,131425,204,500
GENESIS,0,20101220,131425,204,500
GENESIS,0,20101220,131425,203,560
GENESIS,0,20101220,131425,203,300
GENESIS,0,20101220,131425,202,2081
RICHTER,0,20101220,131439,42380,100
RICHTER,0,20101220,131439,42380,50
RICHTER,0,20101220,131439,42380,3
RICHTER,0,20101220,131439,42390,80
RICHTER,0,20101220,131439,42390,5
RICHTER,0,20101220,131439,42395,100
RICHTER,0,20101220,131439,42395,60
RICHTER,0,20101220,131439,42400,150
RICHTER,0,20101220,131439,42400,10
RICHTER,0,20101220,131439,42400,95
OTP,0,20101220,131450,5264,3000
RICHTER,0,20101220,131456,42300,100
KEG,0,20101220,131457,145,398
KEG,0,20101220,131457,145,500
KEG,0,20101220,131457,145,1100
KEG,0,20101220,131457,144,1000
KEG,0,20101220,131457,144,5002
BUX1112,0,20101220,131514,21998,10
OTP,0,20101220,131517,5258,2000
PHYLAXIA,0,20101220,131522,45,3510
PHYLAXIA,0,20101220,131522,45,500
FOTEX,0,20101220,131523,385,100
ECONET,0,20101220,131530,91,500
PANNERGY,0,20101220,131530,920,22
FOTEX,0,20101220,131534,385,200
KEG,0,20101220,131539,149,600
KEG,0,20101220,131539,150,100
BUX1112,0,20101220,131610,22000,3
RICHTER,0,20101220,131611,42305,100
RICHTER,0,20101220,131611,42300,100
OTP,0,20101220,131620,5263,14
BUX1112,0,20101220,131624,22000,2
MTELEKOM,0,20101220,131648,530,1000
BUX1112,0,20101220,131654,22000,37
BUX1112,0,20101220,131654,22000,2
MTELEKOM,0,20101220,131658,530,5000
OTP,0,20101220,131703,5263,86
OTP,0,20101220,131703,5265,114
RFV,0,20101220,131704,8490,100
OTP,0,20101220,131729,5260,1000
KEG,0,20101220,131731,144,998
KEG,0,20101220,131731,144,2
RABA,0,20101220,131732,799,20
PANNERGY,0,20101220,131741,920,600
MTELEKOM,0,20101220,131755,529,240
MTELEKOM,0,20101220,131807,530,1000
MTELEKOM,0,20101220,131808,529,50
PANNERGY,0,20101220,131852,920,378
BUX1112,0,20101220,131903,22000,25
OTP,0,20101220,131924,5265,111
OTP,0,20101220,131924,5265,89
BUX1112,0,20101220,131935,22000,36
BUX1112,0,20101220,131935,22000,14
RABA,0,20101220,131953,798,83
RABA,0,20101220,131953,798,67
EGIS,0,20101220,131958,20505,976
EGIS,0,20101220,131958,20500,24
RFV,0,20101220,131959,8415,100
MTELEKOM,0,20101220,132011,530,50
PHYLAXIA,0,20101220,132028,45,850
BUX1112,0,20101220,132040,22000,25
BUX1112,0,20101220,132119,22000,10
MOL,0,20101220,132158,19560,21
PANNERGY,0,20101220,132158,920,622
KEG,0,20101220,132203,148,1000
KEG,0,20101220,132203,149,1000
KEG,0,20101220,132203,149,750
KEG,0,20101220,132203,150,50
RICHTER,0,20101220,132206,42300,50
OTP,0,20101220,132212,5260,500
RFV,0,20101220,132217,8490,100
MTELEKOM,0,20101220,132221,529,1000
KEG,0,20101220,132223,144,200
KEG,0,20101220,132306,149,1000
KEG,0,20101220,132306,149,250
KEG,0,20101220,132306,149,202
KEG,0,20101220,132306,150,48
BUX1112,0,20101220,132331,22000,1
BUX1112,0,20101220,132331,22000,49
GENESIS,0,20101220,132350,206,30
RFV,0,20101220,132428,8411,10
RFV,0,20101220,132448,8410,20
MTELEKOM,0,20101220,132505,530,320
RICHTER,0,20101220,132538,42300,100
RFV,0,20101220,132544,8415,101
RICHTER,0,20101220,132608,42370,47
OTP,0,20101220,132609,5260,50
OTP,0,20101220,132610,5260,450
OTP,0,20101220,132610,5260,50
HUMET,0,20101220,132758,9,26000
PHYLAXIA,0,20101220,132830,45,5000
OTP,0,20101220,132853,5260,20
PHYLAXIA,0,20101220,132856,45,400
MTELEKOM,0,20101220,132957,529,3710
MTELEKOM,0,20101220,133018,529,1243
MTELEKOM,0,20101220,133025,528,500
MTELEKOM,0,20101220,133025,528,823
MTELEKOM,0,20101220,133025,528,3000
MTELEKOM,0,20101220,133025,528,200
MTELEKOM,0,20101220,133025,528,500
MTELEKOM,0,20101220,133025,528,1867
PHYLAXIA,0,20101220,133030,45,4440
MTELEKOM,0,20101220,133033,530,10
OTP,0,20101220,133033,5260,140
OTP,0,20101220,133054,5260,20
PANNERGY,0,20101220,133131,917,110
PANNERGY,0,20101220,133131,915,90
MOL,0,20101220,133142,19560,19
MOL,0,20101220,133142,19550,135
MOL,0,20101220,133142,19550,200
MOL,0,20101220,133142,19550,5
MOL,0,20101220,133143,19550,141
OTP,0,20101220,133225,5260,270
OTP,0,20101220,133257,5258,600
MOL,0,20101220,133347,19550,9
MOL,0,20101220,133347,19550,191
PANNERGY,0,20101220,133350,920,6
OTP,0,20101220,133426,5257,100
OTP,0,20101220,133431,5257,100
OTP,0,20101220,133450,5257,10
KARPOT,0,20101220,133506,450,492
OTP,0,20101220,133524,5256,200
OTP,0,20101220,133524,5256,68
ECONET,0,20101220,133537,90,1060
ECONET,0,20101220,133537,90,940
OTP,0,20101220,133540,5265,1
EGIS,0,20101220,133555,20550,12
MTELEKOM,0,20101220,133609,528,52983
MTELEKOM,0,20101220,133622,528,133
MTELEKOM,0,20101220,133622,528,120
MTELEKOM,0,20101220,133622,528,4747
MTELEKOM,0,20101220,133655,528,253
MTELEKOM,0,20101220,133655,528,150
MTELEKOM,0,20101220,133710,528,597
MTELEKOM,0,20101220,133710,528,14403
MTELEKOM,0,20101220,133712,528,80
BUX1112,0,20101220,133727,22001,1
MTELEKOM,0,20101220,133729,528,517
MTELEKOM,0,20101220,133729,528,1000
MTELEKOM,0,20101220,133735,528,2000
MTELEKOM,0,20101220,133805,529,5
MTELEKOM,0,20101220,133830,529,1995
MTELEKOM,0,20101220,133830,529,2845
MTELEKOM,0,20101220,133830,529,1218
MTELEKOM,0,20101220,133830,529,500
MTELEKOM,0,20101220,133830,529,1000
MTELEKOM,0,20101220,133830,530,6334
MTELEKOM,0,20101220,133830,530,38
OTP,0,20101220,133922,5256,100
MTELEKOM,0,20101220,133949,528,1483
MTELEKOM,0,20101220,133949,528,717
MTELEKOM,0,20101220,133959,529,2200
MOL,0,20101220,134055,19550,20
MTELEKOM,0,20101220,134115,528,135
BUX1112,0,20101220,134123,22002,3
BUX1112,0,20101220,134123,22001,7
MOL,0,20101220,134123,19560,20
MOL,0,20101220,134123,19560,5
MOL,0,20101220,134143,19550,39
MOL,0,20101220,134143,19550,61
MTELEKOM,0,20101220,134155,529,8
MTELEKOM,0,20101220,134210,529,2292
MTELEKOM,0,20101220,134210,529,1000
OTP,0,20101220,134221,5256,232
OTP,0,20101220,134221,5256,68
MTELEKOM,0,20101220,134222,530,4962
MTELEKOM,0,20101220,134222,530,38
MTELEKOM,0,20101220,134223,530,3362
MTELEKOM,0,20101220,134223,530,300
MTELEKOM,0,20101220,134223,530,1338
MTELEKOM,0,20101220,134225,530,662
MTELEKOM,0,20101220,134225,530,250
MTELEKOM,0,20101220,134225,530,1000
MTELEKOM,0,20101220,134225,530,100
MTELEKOM,0,20101220,134232,530,2988
RICHTER,0,20101220,134348,42250,100
RABA,0,20101220,134415,799,100
KEG,0,20101220,134420,145,400
KEG,0,20101220,134420,145,1000
KEG,0,20101220,134420,145,500
KEG,0,20101220,134420,144,1298
KEG,0,20101220,134420,144,1000
KEG,0,20101220,134420,144,1000
KEG,0,20101220,134420,144,802
MOL,0,20101220,134428,19550,25
BUX1112,0,20101220,134452,22001,6
KEG,0,20101220,134456,147,100
MTELEKOM,0,20101220,134500,530,800
MOL,0,20101220,134524,19560,95
FHB,0,20101220,134529,970,1059
FHB,0,20101220,134529,970,700
FHB,0,20101220,134529,970,300
FHB,0,20101220,134529,970,50
FHB,0,20101220,134529,970,91
BUX1112,0,20101220,134613,22001,6
BUX1112,0,20101220,134613,22000,1
BUX1112,0,20101220,134613,22000,3
FHB,0,20101220,134633,970,9
FHB,0,20101220,134633,969,742
TVK,0,20101220,134651,3335,25
PFLAX,0,20101220,134712,487,27178
FHB,0,20101220,134713,965,100
FHB,0,20101220,134713,965,202
MTELEKOM,0,20101220,134738,529,1708
MTELEKOM,0,20101220,134738,529,17292
HUMET,0,20101220,134742,9,1290
HUMET,0,20101220,134742,9,150
HUMET,0,20101220,134742,9,210
MTELEKOM,0,20101220,134830,529,580
OTP,0,20101220,134832,5260,430
SYNERGON,0,20101220,134833,496,18000
RICHTER,0,20101220,134909,42250,50
MOL,0,20101220,135005,19550,12
RICHTER,0,20101220,135025,42250,3
RICHTER,0,20101220,135025,42210,3
OTP,0,20101220,135031,5260,10
RICHTER,0,20101220,135054,42210,5
MTELEKOM,0,20101220,135058,530,641
EGIS,0,20101220,135119,20550,3
FOTEX,0,20101220,135206,384,100
FOTEX,0,20101220,135206,383,200
FOTEX,0,20101220,135206,383,100
FOTEX,0,20101220,135206,383,100
FOTEX,0,20101220,135206,383,10
OTP,0,20101220,135215,5264,100
OTP,0,20101220,135215,5264,55
OTP,0,20101220,135215,5265,345
BUX1112,0,20101220,135234,22000,1
EGIS,0,20101220,135248,20505,57
EGIS,0,20101220,135248,20500,54
EGIS,0,20101220,135248,20500,200
EGIS,0,20101220,135248,20500,182
EGIS,0,20101220,135300,20500,100
MTELEKOM,0,20101220,135308,530,1570
OTP,0,20101220,135322,5260,490
OTP,0,20101220,135322,5260,700
BUX1112,0,20101220,135351,22000,46
MTELEKOM,0,20101220,135353,529,1128
MTELEKOM,0,20101220,135353,529,580
MTELEKOM,0,20101220,135353,529,1000
MTELEKOM,0,20101220,135353,529,5000
DANUBIUS,0,20101220,135400,4400,47
DANUBIUS,0,20101220,135400,4400,50
RICHTER,0,20101220,135421,42210,5
BUX1112,0,20101220,135423,21999.5,2
BUX1112,0,20101220,135423,22000,4
FHB,0,20101220,135436,966,313
OTP,0,20101220,135452,5265,83
MOL,0,20101220,135641,19550,152
MOL,0,20101220,135641,19550,348
RABA,0,20101220,135706,799,70
MTELEKOM,0,20101220,135710,529,1000
OTP,0,20101220,135715,5265,170
OTP,0,20101220,135715,5265,500
OTP,0,20101220,135715,5265,62
SYNERGON,0,20101220,135717,495,250
SYNERGON,0,20101220,135717,495,150
SYNERGON,0,20101220,135717,489,885
SYNERGON,0,20101220,135717,488,1155
OTP,0,20101220,135728,5265,500
OTP,0,20101220,135728,5265,265
OTP,0,20101220,135742,5265,500
OTP,0,20101220,135752,5265,68
BUX1112,0,20101220,135811,22005,10
BUX1112,0,20101220,135813,22005,1
BUX1112,0,20101220,135822,22009,1
BUX1112,0,20101220,135822,22009.5,1
BUX1112,0,20101220,135822,22010,2
OTP,0,20101220,135836,5264,3000
MOL,0,20101220,135838,19550,2
MTELEKOM,0,20101220,135912,528,1100
MTELEKOM,0,20101220,135912,528,500
MTELEKOM,0,20101220,135912,528,300
OTP,0,20101220,135926,5269,1
EGIS,0,20101220,135946,20410,25
OTP,0,20101220,140010,5261,105
OTP,0,20101220,140010,5260,395
MTELEKOM,0,20101220,140013,528,1170
MTELEKOM,0,20101220,140013,527,8830
EGIS,0,20101220,140040,20410,5
EGIS,0,20101220,140040,20400,6
EGIS,0,20101220,140040,20400,50
EGIS,0,20101220,140040,20400,15
BUX1112,0,20101220,140103,22009.5,1
BUX1112,0,20101220,140103,22010,2
BUX1112,0,20101220,140103,22010,17
MTELEKOM,0,20101220,140105,527,300
EGIS,0,20101220,140112,20400,25
EGIS,0,20101220,140119,20400,23
MOL,0,20101220,140134,19535,50
MOL,0,20101220,140141,19530,100
MOL,0,20101220,140150,19530,140
RICHTER,0,20101220,140157,42210,37
RICHTER,0,20101220,140157,42205,100
RICHTER,0,20101220,140157,42200,2
RICHTER,0,20101220,140157,42200,1
MOL,0,20101220,140209,19530,30
MOL,0,20101220,140209,19520,120
BUX1112,0,20101220,140218,22005,1
OTP,0,20101220,140230,5260,39
MTELEKOM,0,20101220,140256,527,150
EGIS,0,20101220,140308,20480,25
EGIS,0,20101220,140308,20495,9
MTELEKOM,0,20101220,140329,527,4018
MTELEKOM,0,20101220,140329,527,500
MTELEKOM,0,20101220,140329,527,2000
MTELEKOM,0,20101220,140329,527,215
MTELEKOM,0,20101220,140329,527,5400
