<TICKER>,<PER>,<DTYYYYMMDD>,<TIME>,<CLOSE>,<VOLUME>
BUX1012,0,20101217,090008,21321,4
BUX1012,0,20101217,090008,21321,6
BUX1012,0,20101217,090008,21321,3
BUX1012,0,20101217,090008,21321,2
BUX1012,0,20101217,090008,21321,5
BUX1012,0,20101217,090008,21321,3
BUX1012,0,20101217,090008,21321,2
BUX1012,0,20101217,090008,21321,22
BUX1012,0,20101217,090008,21321,2
BUX1012,0,20101217,090008,21321,1
BUX1012,0,20101217,090008,21321,3
BUX1012,0,20101217,090008,21321,1
BUX1012,0,20101217,090008,21321,1
BUX1012,0,20101217,090008,21321,1
BUX1012,0,20101217,090008,21321,1
BUX1112,0,20101217,090008,21920,2
BUX1112,0,20101217,090008,21920,1
DANUBIUS,0,20101217,090029,4210,50
ECONET,0,20101217,090029,92,1000
GENESIS,0,20101217,090029,205,468
GENESIS,0,20101217,090029,205,1032
GENESIS,0,20101217,090029,205,468
KARPOT,0,20101217,090029,480,308
KEG,0,20101217,090029,157,1000
KEG,0,20101217,090029,157,1000
KEG,0,20101217,090029,157,2400
KEG,0,20101217,090029,157,1600
KEG,0,20101217,090029,157,500
KEG,0,20101217,090029,157,200
MOL,0,20101217,090029,19300,31
MOL,0,20101217,090029,19300,70
MOL,0,20101217,090029,19300,100
MOL,0,20101217,090029,19300,67
MOL,0,20101217,090029,19300,60
MOL,0,20101217,090029,19300,40
MOL,0,20101217,090029,19300,30
MOL,0,20101217,090029,19300,100
MOL,0,20101217,090029,19300,330
MOL,0,20101217,090029,19300,5
MOL,0,20101217,090029,19300,10
MOL,0,20101217,090029,19300,5
MOL,0,20101217,090029,19300,20
MOL,0,20101217,090029,19300,30
MTELEKOM,0,20101217,090029,521,800
MTELEKOM,0,20101217,090029,521,10
MTELEKOM,0,20101217,090029,521,500
MTELEKOM,0,20101217,090029,521,95
MTELEKOM,0,20101217,090029,521,200
MTELEKOM,0,20101217,090029,521,250
MTELEKOM,0,20101217,090029,521,1484
MTELEKOM,0,20101217,090029,521,94
MTELEKOM,0,20101217,090029,521,100
OTP,0,20101217,090029,5250,285
OTP,0,20101217,090029,5250,870
OTP,0,20101217,090029,5250,1853
OTP,0,20101217,090029,5250,89
OTP,0,20101217,090029,5250,29
OTP,0,20101217,090029,5250,10
OTP,0,20101217,090029,5250,375
OTP,0,20101217,090029,5250,644
OTP,0,20101217,090029,5250,356
OTP,0,20101217,090029,5250,644
OTP,0,20101217,090029,5250,356
OTP,0,20101217,090029,5250,500
OTP,0,20101217,090029,5250,35
OTP,0,20101217,090029,5250,11
OTP,0,20101217,090029,5250,20
OTP,0,20101217,090029,5250,78
OTP,0,20101217,090029,5250,32
OTP,0,20101217,090029,5250,968
OTP,0,20101217,090029,5250,32
OTP,0,20101217,090029,5250,2968
OTP,0,20101217,090029,5250,2500
OTP,0,20101217,090029,5250,2266
RFV,0,20101217,090029,8400,25
RFV,0,20101217,090029,8400,9
RFV,0,20101217,090029,8400,6
RFV,0,20101217,090029,8400,23
RFV,0,20101217,090029,8400,3
RICHTER,0,20101217,090029,42700,4
RICHTER,0,20101217,090029,42700,1
RICHTER,0,20101217,090029,42700,2
RICHTER,0,20101217,090029,42700,28
RICHTER,0,20101217,090029,42700,50
RICHTER,0,20101217,090029,42700,19
RICHTER,0,20101217,090029,42700,79
OTP,0,20101217,090200,5260,200
OTP,0,20101217,090200,5260,100
OTP,0,20101217,090200,5260,66
OTP,0,20101217,090200,5260,1134
BUX1012,0,20101217,090204,21321,1
BUX1012,0,20101217,090204,21320,50
BUX1012,0,20101217,090204,21318,2
BUX1012,0,20101217,090204,21311,47
OTP,0,20101217,090205,5260,3581
OTP,0,20101217,090205,5260,369
MOL,0,20101217,090205,19300,20
BUX1112,0,20101217,090207,21925,2
BUX1012,0,20101217,090208,21328,1
BUX1012,0,20101217,090208,21330,1
BUX1012,0,20101217,090208,21345,1
MOL,0,20101217,090208,19300,122
BUX1012,0,20101217,090210,21311,3
OTP,0,20101217,090210,5260,1000
OTP,0,20101217,090212,5260,131
OTP,0,20101217,090212,5260,400
MOL,0,20101217,090213,19300,4
OTP,0,20101217,090215,5260,469
MOL,0,20101217,090215,19300,10
MOL,0,20101217,090216,19300,44
OTP,0,20101217,090217,5260,531
OTP,0,20101217,090218,5260,469
MTELEKOM,0,20101217,090222,521,1953
MTELEKOM,0,20101217,090222,522,1296
MTELEKOM,0,20101217,090222,522,704
MTELEKOM,0,20101217,090224,522,1299
MTELEKOM,0,20101217,090224,522,5701
MTELEKOM,0,20101217,090224,522,3899
OTP,0,20101217,090225,5265,385
OTP,0,20101217,090225,5265,50
OTP,0,20101217,090225,5265,1300
OTP,0,20101217,090225,5260,1000
MTELEKOM,0,20101217,090228,523,2000
MTELEKOM,0,20101217,090228,523,170
MTELEKOM,0,20101217,090228,523,1952
BUX1112,0,20101217,090229,21928,2
MTELEKOM,0,20101217,090235,524,1000
MTELEKOM,0,20101217,090235,524,170
MTELEKOM,0,20101217,090235,524,3000
MTELEKOM,0,20101217,090235,525,500
MTELEKOM,0,20101217,090235,525,200
MTELEKOM,0,20101217,090235,525,500
MTELEKOM,0,20101217,090235,525,320
MTELEKOM,0,20101217,090235,525,1500
MTELEKOM,0,20101217,090235,525,3120
MTELEKOM,0,20101217,090235,525,200
MTELEKOM,0,20101217,090235,525,170
MTELEKOM,0,20101217,090235,525,1000
MTELEKOM,0,20101217,090235,525,1500
RICHTER,0,20101217,090239,42800,2
OTP,0,20101217,090241,5260,100
MOL,0,20101217,090241,19380,85
MOL,0,20101217,090241,19380,89
OTP,0,20101217,090241,5260,26
BUX1012,0,20101217,090241,21312,1
MOL,0,20101217,090248,19380,50
MOL,0,20101217,090248,19385,10
MOL,0,20101217,090248,19400,100
MOL,0,20101217,090248,19400,250
MTELEKOM,0,20101217,090252,526,190
MTELEKOM,0,20101217,090252,526,200
MTELEKOM,0,20101217,090252,526,3000
MTELEKOM,0,20101217,090252,526,110
OTP,0,20101217,090252,5265,800
BUX1012,0,20101217,090252,21270,10
BUX1012,0,20101217,090252,21260,10
BUX1012,0,20101217,090252,21256,1
BUX1012,0,20101217,090252,21256,20
BUX1012,0,20101217,090252,21256,20
BUX1012,0,20101217,090252,21255,50
BUX1012,0,20101217,090252,21250,5
OTP,0,20101217,090253,5260,405
OTP,0,20101217,090253,5260,1000
MOL,0,20101217,090253,19400,50
MOL,0,20101217,090253,19400,10
BUX1112,0,20101217,090254,21928,1
MOL,0,20101217,090257,19440,141
BUX1012,0,20101217,090257,21300,100
MTELEKOM,0,20101217,090301,527,140
MTELEKOM,0,20101217,090301,527,136
MTELEKOM,0,20101217,090301,527,1000
MTELEKOM,0,20101217,090301,528,1500
MTELEKOM,0,20101217,090301,528,1000
MTELEKOM,0,20101217,090301,528,200
MTELEKOM,0,20101217,090301,528,4664
MTELEKOM,0,20101217,090301,528,100
MTELEKOM,0,20101217,090301,528,20
MTELEKOM,0,20101217,090301,528,1240
DANUBIUS,0,20101217,090301,4210,148
DANUBIUS,0,20101217,090301,4290,30
DANUBIUS,0,20101217,090301,4300,50
MTELEKOM,0,20101217,090302,525,4542
MOL,0,20101217,090303,19405,3
MTELEKOM,0,20101217,090306,528,200
MOL,0,20101217,090307,19400,97
MTELEKOM,0,20101217,090307,525,2593
GENESIS,0,20101217,090308,210,1400
RICHTER,0,20101217,090308,42900,9
RICHTER,0,20101217,090308,42975,5
RICHTER,0,20101217,090308,43190,50
RICHTER,0,20101217,090308,43200,25
RICHTER,0,20101217,090308,43200,8
BUX1012,0,20101217,090308,21251,50
BUX1012,0,20101217,090308,21250,20
BUX1012,0,20101217,090308,21250,30
MTELEKOM,0,20101217,090311,525,7865
MTELEKOM,0,20101217,090311,525,10000
RFV,0,20101217,090311,8500,60
BUX1012,0,20101217,090313,21280,20
MOL,0,20101217,090314,19400,100
MOL,0,20101217,090315,19400,83
MOL,0,20101217,090315,19315,420
MOL,0,20101217,090315,19315,70
MOL,0,20101217,090317,19315,30
RICHTER,0,20101217,090317,43200,3
EGIS,0,20101217,090320,20350,200
OTP,0,20101217,090320,5265,200
MTELEKOM,0,20101217,090320,523,2000
MTELEKOM,0,20101217,090320,523,1719
MOL,0,20101217,090324,19400,100
MTELEKOM,0,20101217,090324,524,1953
MTELEKOM,0,20101217,090324,525,2135
MTELEKOM,0,20101217,090324,525,1968
MTELEKOM,0,20101217,090325,525,1021
MOL,0,20101217,090326,19400,80
MOL,0,20101217,090326,19440,149
BUX1112,0,20101217,090330,21928,3
BUX1112,0,20101217,090330,21928,1
BUX1112,0,20101217,090330,21935,2
BUX1112,0,20101217,090330,21940,1
BUX1112,0,20101217,090330,21940,2
BUX1112,0,20101217,090330,21941,10
BUX1112,0,20101217,090330,21950,1
BUX1112,0,20101217,090330,21950,6
OTP,0,20101217,090330,5265,1000
MOL,0,20101217,090334,19400,200
MOL,0,20101217,090338,19400,100
MOL,0,20101217,090349,19400,200
CSEPEL,0,20101217,090350,282,15
BUX1012,0,20101217,090351,21299,10
BUX1012,0,20101217,090351,21300,20
MOL,0,20101217,090409,19400,95
TVK,0,20101217,090418,3370,97
RFV,0,20101217,090424,8500,30
TVK,0,20101217,090440,3350,3
BUX1012,0,20101217,090441,21318,2
BUX1012,0,20101217,090441,21319,1
BUX1012,0,20101217,090441,21325,20
BUX1012,0,20101217,090441,21328,1
BUX1012,0,20101217,090441,21329,1
BUX1012,0,20101217,090441,21330,100
ECONET,0,20101217,090441,91,24
RFV,0,20101217,090446,8500,5
FHB,0,20101217,090500,974,120
KEG,0,20101217,090507,157,2800
OTP,0,20101217,090511,5264,19
BUX1012,0,20101217,090516,21345,2
MTELEKOM,0,20101217,090522,525,1953
MOL,0,20101217,090522,19440,260
MOL,0,20101217,090522,19440,100
MOL,0,20101217,090525,19495,15
MTELEKOM,0,20101217,090526,525,865
BUX1112,0,20101217,090528,21950,1
MOL,0,20101217,090530,19500,13
MOL,0,20101217,090530,19500,193
MOL,0,20101217,090530,19500,10
MOL,0,20101217,090530,19500,40
MOL,0,20101217,090530,19500,216
MOL,0,20101217,090532,19500,207
MOL,0,20101217,090543,19500,56
BUX1012,0,20101217,090543,21344,1
KEG,0,20101217,090547,158,5
MTELEKOM,0,20101217,090547,525,105
MTELEKOM,0,20101217,090547,525,200
MTELEKOM,0,20101217,090549,525,1995
MTELEKOM,0,20101217,090549,525,5
MOL,0,20101217,090551,19495,4
MTELEKOM,0,20101217,090603,525,1281
KEG,0,20101217,090604,158,995
KEG,0,20101217,090604,159,69
KEG,0,20101217,090604,159,400
MTELEKOM,0,20101217,090605,525,666
MTELEKOM,0,20101217,090605,525,708
BUX1112,0,20101217,090608,21940,10
MOL,0,20101217,090611,19495,100
KEG,0,20101217,090626,159,36
KEG,0,20101217,090626,157,500
KEG,0,20101217,090626,157,600
KEG,0,20101217,090628,157,3000
BUX1012,0,20101217,090630,21344,1
BUX1012,0,20101217,090630,21345,7
BUX1012,0,20101217,090630,21348,1
BUX1012,0,20101217,090630,21349,3
BUX1012,0,20101217,090630,21350,5
BUX1012,0,20101217,090630,21350,28
FHB,0,20101217,090632,974,80
MTELEKOM,0,20101217,090633,525,500
MTELEKOM,0,20101217,090637,524,200
DANUBIUS,0,20101217,090644,4300,10
BUX1112,0,20101217,090645,21933,2
KEG,0,20101217,090648,157,2464
BUX1112,0,20101217,090651,21950,2
MOL,0,20101217,090652,19450,50
BUX1012,0,20101217,090721,21330.5,1
BUX1012,0,20101217,090721,21330,25
BUX1012,0,20101217,090721,21330,4
MTELEKOM,0,20101217,090723,524,1000
MTELEKOM,0,20101217,090723,524,453
OTP,0,20101217,090725,5262,10
MTELEKOM,0,20101217,090726,525,1491
MTELEKOM,0,20101217,090726,525,4509
MTELEKOM,0,20101217,090728,524,370
MTELEKOM,0,20101217,090728,524,588
BUX1012,0,20101217,090731,21350,5
MTELEKOM,0,20101217,090753,525,100
MTELEKOM,0,20101217,090755,525,300
BUX1012,0,20101217,090804,21349,1
BUX1112,0,20101217,090804,21941,1
BUX1012,0,20101217,090804,21349,3
BUX1112,0,20101217,090804,21940,3
BUX1012,0,20101217,090804,21349,4
BUX1112,0,20101217,090804,21940,4
BUX1012,0,20101217,090804,21300,92
BUX1112,0,20101217,090804,21890,92
BUX1112,0,20101217,090809,21950,1
BUX1112,0,20101217,090809,21950,2
MTELEKOM,0,20101217,090825,524,1953
DANUBIUS,0,20101217,090826,4390,15
OTP,0,20101217,090827,5258,60
OTP,0,20101217,090827,5260,414
KEG,0,20101217,090841,159,1000
BUX1012,0,20101217,090846,21321,15
BUX1012,0,20101217,090846,21320,14
BUX1012,0,20101217,090846,21316,1
BUX1012,0,20101217,090846,21312,5
BUX1012,0,20101217,090846,21311,20
BUX1012,0,20101217,090846,21310,100
BUX1012,0,20101217,090856,21310,3
BUX1112,0,20101217,090856,21950,3
PANNERGY,0,20101217,090859,877,78
PANNERGY,0,20101217,090859,879,100
MTELEKOM,0,20101217,090859,525,260
BUX1012,0,20101217,090904,21310,4
BUX1112,0,20101217,090911,21940,1
FHB,0,20101217,090911,974,20
BUX1012,0,20101217,090911,21310,70
MOL,0,20101217,090916,19415,30
MOL,0,20101217,090916,19415,170
BUX1012,0,20101217,090916,21310,15
BUX1012,0,20101217,090916,21310,8
BUX1112,0,20101217,090916,21940,8
MTELEKOM,0,20101217,090920,525,10000
MTELEKOM,0,20101217,090921,524,953
BUX1112,0,20101217,090922,21940,24
MTELEKOM,0,20101217,090924,524,1506
MTELEKOM,0,20101217,090924,524,446
TVNETWORK,0,20101217,090926,297,1113
MTELEKOM,0,20101217,090929,525,4831
MTELEKOM,0,20101217,090929,525,169
MTELEKOM,0,20101217,090930,524,1393
MTELEKOM,0,20101217,090938,525,300
PHYLAXIA,0,20101217,090939,47,1
MOL,0,20101217,090941,19425,50
MTELEKOM,0,20101217,090943,525,600
MTELEKOM,0,20101217,090943,525,2000
MTELEKOM,0,20101217,090943,525,400
MTELEKOM,0,20101217,090943,525,4580
MTELEKOM,0,20101217,090943,525,1953
RICHTER,0,20101217,090948,42990,50
RICHTER,0,20101217,090948,42990,16
RICHTER,0,20101217,090948,42995,97
RICHTER,0,20101217,090948,43000,200
RICHTER,0,20101217,090948,43000,98
OTP,0,20101217,090950,5255,171
OTP,0,20101217,090950,5256,125
OTP,0,20101217,090950,5256,300
OTP,0,20101217,090950,5260,586
OTP,0,20101217,090950,5260,90
OTP,0,20101217,090950,5260,1000
OTP,0,20101217,090950,5260,430
OTP,0,20101217,090950,5262,5670
BUX1012,0,20101217,090951,21330,15
BUX1012,0,20101217,090951,21334,15
BUX1012,0,20101217,090951,21335,70
OTP,0,20101217,090955,5262,430
MOL,0,20101217,091001,19450,50
MOL,0,20101217,091001,19450,10
BUX1012,0,20101217,091002,21311,30
BUX1012,0,20101217,091002,21311,30
BUX1012,0,20101217,091002,21310,100
DANUBIUS,0,20101217,091006,4395,50
OTP,0,20101217,091010,5257,100
BUX1012,0,20101217,091011,21310,2
MOL,0,20101217,091014,19450,50
OTP,0,20101217,091018,5260,1123
OTP,0,20101217,091018,5260,1000
MOL,0,20101217,091024,19450,50
MOL,0,20101217,091029,19455,8
MOL,0,20101217,091029,19450,40
MTELEKOM,0,20101217,091030,526,400
BUX1112,0,20101217,091031,21940,1
RICHTER,0,20101217,091032,43000,39
RICHTER,0,20101217,091032,43000,84
MTELEKOM,0,20101217,091035,525,467
MTELEKOM,0,20101217,091035,525,4648
BUX1012,0,20101217,091036,21334,2
BUX1112,0,20101217,091036,21931,2
BUX1012,0,20101217,091036,21334,1
BUX1112,0,20101217,091036,21930,1
BUX1012,0,20101217,091036,21335,4
BUX1112,0,20101217,091036,21930,4
BUX1012,0,20101217,091036,21335,4
BUX1112,0,20101217,091036,21928,4
BUX1012,0,20101217,091036,21300,28
BUX1112,0,20101217,091036,21890,28
BUX1012,0,20101217,091036,21300,162
BUX1112,0,20101217,091036,21890,162
BUX1012,0,20101217,091036,21325,8
BUX1112,0,20101217,091036,21925,8
EGIS,0,20101217,091038,20205,33
FHB,0,20101217,091046,974,50
BUX1112,0,20101217,091049,21940,4
BUX1012,0,20101217,091051,21320,1
BUX1112,0,20101217,091051,21923,1
BUX1012,0,20101217,091051,21320,9
BUX1112,0,20101217,091051,21920,9
OTP,0,20101217,091051,5260,15
OTP,0,20101217,091051,5260,35
OTP,0,20101217,091052,5260,965
BUX1112,0,20101217,091055,21940,3
BUX1012,0,20101217,091055,21320,4
BUX1112,0,20101217,091055,21940,4
MTELEKOM,0,20101217,091059,526,1600
MTELEKOM,0,20101217,091059,526,201
MTELEKOM,0,20101217,091059,526,2386
MTELEKOM,0,20101217,091059,526,1953
MTELEKOM,0,20101217,091059,527,1000
MTELEKOM,0,20101217,091059,527,5000
MTELEKOM,0,20101217,091059,527,1500
MTELEKOM,0,20101217,091059,527,5000
MTELEKOM,0,20101217,091059,527,6000
MTELEKOM,0,20101217,091059,527,360
MTELEKOM,0,20101217,091100,525,649
RICHTER,0,20101217,091100,43005,120
BUX1012,0,20101217,091104,21320,8
BUX1112,0,20101217,091104,21928,8
BUX1012,0,20101217,091113,21307,50
OTP,0,20101217,091113,5260,50
OTP,0,20101217,091113,5258,350
OTP,0,20101217,091115,5262,2500
BUX1112,0,20101217,091119,21940,1
OTP,0,20101217,091121,5260,1000
BUX1012,0,20101217,091128,21307,50
BUX1012,0,20101217,091133,21307,30
MTELEKOM,0,20101217,091134,527,1140
MTELEKOM,0,20101217,091134,527,783
MTELEKOM,0,20101217,091134,527,2110
MTELEKOM,0,20101217,091134,527,670
MTELEKOM,0,20101217,091135,526,772
BUX1012,0,20101217,091136,21307,20
OTP,0,20101217,091140,5262,1000
OTP,0,20101217,091140,5264,200
OTP,0,20101217,091140,5265,50
OTP,0,20101217,091140,5265,1000
OTP,0,20101217,091140,5266,2000
MTELEKOM,0,20101217,091141,527,27330
MTELEKOM,0,20101217,091141,527,1952
MTELEKOM,0,20101217,091141,527,718
MTELEKOM,0,20101217,091142,526,1102
OTP,0,20101217,091144,5262,100
HUMET,0,20101217,091144,9,100
HUMET,0,20101217,091144,9,2600
MOL,0,20101217,091149,19450,295
MOL,0,20101217,091149,19450,50
MOL,0,20101217,091149,19450,64
MOL,0,20101217,091149,19490,200
MOL,0,20101217,091149,19500,21
MOL,0,20101217,091149,19500,200
MOL,0,20101217,091149,19500,10
MOL,0,20101217,091149,19500,50
MOL,0,20101217,091149,19500,10
MOL,0,20101217,091149,19540,200
MOL,0,20101217,091149,19540,50
MOL,0,20101217,091149,19540,65
MOL,0,20101217,091149,19545,15
MOL,0,20101217,091149,19545,5
MOL,0,20101217,091149,19550,100
MOL,0,20101217,091149,19550,10
MOL,0,20101217,091149,19550,1051
RICHTER,0,20101217,091152,43150,19
RICHTER,0,20101217,091152,43180,10
RICHTER,0,20101217,091152,43200,20
RICHTER,0,20101217,091152,43200,17
RICHTER,0,20101217,091152,43280,2
RICHTER,0,20101217,091152,43290,5
RICHTER,0,20101217,091152,43290,100
RICHTER,0,20101217,091152,43300,100
RICHTER,0,20101217,091152,43300,2
RICHTER,0,20101217,091152,43300,30
RICHTER,0,20101217,091152,43300,100
RICHTER,0,20101217,091152,43300,95
OTP,0,20101217,091153,5265,1000
MOL,0,20101217,091155,19590,50
BUX1012,0,20101217,091157,21318,10
BUX1012,0,20101217,091157,21320,78
MOL,0,20101217,091157,19595,61
MTELEKOM,0,20101217,091158,527,165
MTELEKOM,0,20101217,091158,527,22
MTELEKOM,0,20101217,091158,528,3560
MTELEKOM,0,20101217,091158,528,11253
MTELEKOM,0,20101217,091159,526,470
MOL,0,20101217,091200,19600,35
MOL,0,20101217,091200,19600,32
MOL,0,20101217,091200,19600,10
BUX1012,0,20101217,091202,21325,102
MTELEKOM,0,20101217,091203,526,2026
MOL,0,20101217,091203,19620,2
MOL,0,20101217,091204,19620,300
MOL,0,20101217,091206,19630,50
OTP,0,20101217,091207,5262,100
MOL,0,20101217,091210,19645,15
MOL,0,20101217,091212,19645,250
BUX1112,0,20101217,091212,21940,4
BUX1112,0,20101217,091215,21940,18
BUX1112,0,20101217,091215,21940,4
OTP,0,20101217,091215,5265,200
OTP,0,20101217,091215,5267,60
OTP,0,20101217,091215,5269,46
OTP,0,20101217,091215,5270,420
OTP,0,20101217,091215,5270,77
OTP,0,20101217,091215,5270,40
OTP,0,20101217,091215,5270,1000
OTP,0,20101217,091215,5270,400
OTP,0,20101217,091215,5270,1000
OTP,0,20101217,091215,5275,20
OTP,0,20101217,091215,5278,178
OTP,0,20101217,091215,5279,2000
OTP,0,20101217,091215,5279,4962
MOL,0,20101217,091216,19670,5
BUX1012,0,20101217,091218,21334,2
BUX1012,0,20101217,091218,21335,22
MOL,0,20101217,091219,19680,8
MOL,0,20101217,091219,19680,100
OTP,0,20101217,091221,5280,100
OTP,0,20101217,091221,5280,100
OTP,0,20101217,091221,5280,595
OTP,0,20101217,091221,5280,100
OTP,0,20101217,091221,5262,80
MOL,0,20101217,091222,19685,15
MOL,0,20101217,091222,19685,20
EGIS,0,20101217,091222,20350,28
EGIS,0,20101217,091222,20350,50
MOL,0,20101217,091222,19685,99
MOL,0,20101217,091223,19690,6
MOL,0,20101217,091223,19690,29
MOL,0,20101217,091223,19690,100
BUX1012,0,20101217,091224,21333,1
BUX1112,0,20101217,091226,21940,1
MOL,0,20101217,091226,19695,45
BUX1012,0,20101217,091228,21345,10
BUX1012,0,20101217,091228,21349,1
BUX1012,0,20101217,091228,21349,1
BUX1012,0,20101217,091228,21350,27
OTP,0,20101217,091231,5275,1000
MOL,0,20101217,091232,19695,16
MOL,0,20101217,091232,19695,84
MOL,0,20101217,091234,19700,100
MOL,0,20101217,091234,19700,50
BUX1012,0,20101217,091235,21350,23
BUX1112,0,20101217,091235,21940,23
MTELEKOM,0,20101217,091240,527,1953
MTELEKOM,0,20101217,091240,527,2163
MTELEKOM,0,20101217,091241,527,1191
OTP,0,20101217,091244,5280,314
OTP,0,20101217,091244,5280,1000
OTP,0,20101217,091244,5281,11
OTP,0,20101217,091244,5283,368
OTP,0,20101217,091244,5285,200
OTP,0,20101217,091244,5287,550
OTP,0,20101217,091244,5288,500
OTP,0,20101217,091244,5288,200
OTP,0,20101217,091244,5288,300
OTP,0,20101217,091244,5288,18
OTP,0,20101217,091244,5289,18
OTP,0,20101217,091244,5290,250
OTP,0,20101217,091244,5290,85
OTP,0,20101217,091244,5290,3000
OTP,0,20101217,091244,5290,15
OTP,0,20101217,091244,5290,593
OTP,0,20101217,091244,5290,154
OTP,0,20101217,091244,5290,5
OTP,0,20101217,091244,5290,13
OTP,0,20101217,091244,5290,400
OTP,0,20101217,091244,5294,75
OTP,0,20101217,091244,5295,11
OTP,0,20101217,091244,5295,200
OTP,0,20101217,091244,5295,50
OTP,0,20101217,091244,5295,300
OTP,0,20101217,091244,5297,400
OTP,0,20101217,091244,5298,100
OTP,0,20101217,091244,5298,10
OTP,0,20101217,091244,5298,97
BUX1012,0,20101217,091244,21350,1
BUX1112,0,20101217,091244,21940,1
BUX1012,0,20101217,091245,21366,1
BUX1012,0,20101217,091245,21372,1
BUX1012,0,20101217,091245,21373,1
BUX1012,0,20101217,091245,21374,2
BUX1012,0,20101217,091245,21365,1
BUX1112,0,20101217,091245,21949,1
MOL,0,20101217,091248,19700,101
MOL,0,20101217,091249,19695,38
MOL,0,20101217,091249,19690,35
MTELEKOM,0,20101217,091251,528,900
BUX1012,0,20101217,091253,21388,2
BUX1012,0,20101217,091253,21389,2
BUX1012,0,20101217,091253,21390,2
BUX1012,0,20101217,091253,21398.5,1
BUX1012,0,20101217,091253,21398.5,3
BUX1012,0,20101217,091300,21360,1
BUX1112,0,20101217,091300,21949,1
MOL,0,20101217,091305,19680,5
BUX1012,0,20101217,091307,21360,10
BUX1112,0,20101217,091307,21960,1
MTELEKOM,0,20101217,091308,528,7847
MTELEKOM,0,20101217,091308,528,200
MTELEKOM,0,20101217,091308,528,300
MTELEKOM,0,20101217,091308,528,5000
MTELEKOM,0,20101217,091308,528,500
MTELEKOM,0,20101217,091308,528,300
MTELEKOM,0,20101217,091308,528,546
MTELEKOM,0,20101217,091310,528,1000
MTELEKOM,0,20101217,091312,528,69
MOL,0,20101217,091312,19690,127
MTELEKOM,0,20101217,091313,528,5000
MTELEKOM,0,20101217,091315,528,231
BUX1012,0,20101217,091321,21400,2
BUX1012,0,20101217,091321,21400,2
BUX1012,0,20101217,091321,21419,1
BUX1012,0,20101217,091321,21449,2
BUX1012,0,20101217,091326,21418,1
BUX1012,0,20101217,091326,21449,9
MTELEKOM,0,20101217,091327,526,1103
BUX1112,0,20101217,091329,21970,4
MOL,0,20101217,091331,19675,5
MOL,0,20101217,091331,19680,400
OTP,0,20101217,091336,5290,3
MOL,0,20101217,091352,19680,89
MOL,0,20101217,091352,19690,50
MOL,0,20101217,091352,19690,5
MOL,0,20101217,091352,19690,200
MOL,0,20101217,091352,19700,111
MOL,0,20101217,091353,19675,50
MOL,0,20101217,091354,19700,89
MOL,0,20101217,091354,19705,3
MTELEKOM,0,20101217,091355,527,300
MTELEKOM,0,20101217,091355,527,1953
MOL,0,20101217,091358,19700,51
MOL,0,20101217,091402,19700,149
MOL,0,20101217,091402,19700,23
MTELEKOM,0,20101217,091415,528,200
MTELEKOM,0,20101217,091415,528,7547
MTELEKOM,0,20101217,091415,527,800
MTELEKOM,0,20101217,091416,527,2041
MOL,0,20101217,091417,19650,20
MOL,0,20101217,091417,19620,16
BUX1112,0,20101217,091417,21970,5
MOL,0,20101217,091421,19695,35
MOL,0,20101217,091421,19700,27
MOL,0,20101217,091421,19700,200
MOL,0,20101217,091421,19700,200
BUX1012,0,20101217,091428,21380,10
BUX1112,0,20101217,091428,21970,10
MTELEKOM,0,20101217,091432,527,1000
MTELEKOM,0,20101217,091433,527,10000
MTELEKOM,0,20101217,091434,527,1159
MTELEKOM,0,20101217,091434,527,1332
MTELEKOM,0,20101217,091436,527,668
RICHTER,0,20101217,091439,43300,3
RICHTER,0,20101217,091439,43300,30
RICHTER,0,20101217,091439,43300,17
RICHTER,0,20101217,091439,43300,50
RICHTER,0,20101217,091439,43350,2
RICHTER,0,20101217,091439,43400,5
RICHTER,0,20101217,091439,43400,74
RICHTER,0,20101217,091439,43485,30
RICHTER,0,20101217,091439,43490,100
RICHTER,0,20101217,091439,43495,200
RICHTER,0,20101217,091439,43500,2
RICHTER,0,20101217,091439,43500,6
RICHTER,0,20101217,091439,43500,4
RICHTER,0,20101217,091439,43500,3
RICHTER,0,20101217,091439,43500,25
RICHTER,0,20101217,091439,43500,35
RICHTER,0,20101217,091439,43500,5
BUX1112,0,20101217,091443,21970,5
BUX1012,0,20101217,091447,21420,25
BUX1012,0,20101217,091447,21425,75
RICHTER,0,20101217,091447,43500,9
BUX1012,0,20101217,091450,21420,1
BUX1112,0,20101217,091450,21973,1
BUX1012,0,20101217,091450,21420,1
BUX1112,0,20101217,091450,21976,1
EGIS,0,20101217,091452,20395,5
EGIS,0,20101217,091452,20400,26
EGIS,0,20101217,091452,20400,60
EGIS,0,20101217,091452,20400,95
EGIS,0,20101217,091452,20400,31
OTP,0,20101217,091458,5267,100
BUX1112,0,20101217,091502,21979,2
EGIS,0,20101217,091502,20400,19
MOL,0,20101217,091502,19695,10
MOL,0,20101217,091502,19695,340
RICHTER,0,20101217,091502,43500,100
MTELEKOM,0,20101217,091502,527,1952
MTELEKOM,0,20101217,091502,527,690
MTELEKOM,0,20101217,091502,527,2053
OTP,0,20101217,091502,5275,55
RICHTER,0,20101217,091503,43550,50
OTP,0,20101217,091507,5280,1000
EGIS,0,20101217,091509,20450,10
MOL,0,20101217,091509,19695,160
MTELEKOM,0,20101217,091509,527,2053
MTELEKOM,0,20101217,091509,527,36
OTP,0,20101217,091509,5280,25
OTP,0,20101217,091509,5280,304
RICHTER,0,20101217,091509,43570,4
RICHTER,0,20101217,091509,43570,111
BUX1012,0,20101217,091509,21425,8
EGIS,0,20101217,091515,20475,40
MOL,0,20101217,091515,19695,350
MTELEKOM,0,20101217,091515,528,2453
MTELEKOM,0,20101217,091515,528,2547
OTP,0,20101217,091515,5285,1000
OTP,0,20101217,091515,5285,100
RICHTER,0,20101217,091516,43550,100
BUX1112,0,20101217,091517,21980,1
BUX1112,0,20101217,091517,21990,1
BUX1112,0,20101217,091517,21990,2
BUX1112,0,20101217,091517,21992,4
MOL,0,20101217,091522,19690,200
EGIS,0,20101217,091524,20475,40
MOL,0,20101217,091524,19695,150
MTELEKOM,0,20101217,091524,528,5000
OTP,0,20101217,091524,5289,300
RICHTER,0,20101217,091524,43570,115
BUX1012,0,20101217,091528,21424,2
MOL,0,20101217,091528,19690,200
MTELEKOM,0,20101217,091530,527,2053
MTELEKOM,0,20101217,091530,527,200
EGIS,0,20101217,091531,20475,40
MOL,0,20101217,091531,19685,5
MTELEKOM,0,20101217,091531,527,1247
OTP,0,20101217,091531,5289,1000
OTP,0,20101217,091531,5289,28
OTP,0,20101217,091531,5289,53
RICHTER,0,20101217,091531,43570,74
BUX1012,0,20101217,091533,21424,13
BUX1012,0,20101217,091533,21424,2
BUX1012,0,20101217,091533,21430,6
BUX1012,0,20101217,091533,21430,3
BUX1112,0,20101217,091534,21990,1
BUX1012,0,20101217,091535,21425,10
BUX1012,0,20101217,091535,21402,40
BUX1012,0,20101217,091541,21400,16
PANNUNION,0,20101217,091546,144,250
PANNUNION,0,20101217,091546,145,520
EGIS,0,20101217,091546,20475,130
MTELEKOM,0,20101217,091547,527,2
MOL,0,20101217,091555,19630,10
MTELEKOM,0,20101217,091601,526,4127
MTELEKOM,0,20101217,091601,525,873
RICHTER,0,20101217,091601,43400,3
RICHTER,0,20101217,091601,43255,97
EGIS,0,20101217,091602,20280,10
EGIS,0,20101217,091602,20255,20
EGIS,0,20101217,091602,20250,13
EGIS,0,20101217,091602,20225,2
OTP,0,20101217,091603,5270,2000
MTELEKOM,0,20101217,091603,527,200
PANNUNION,0,20101217,091604,145,799
MOL,0,20101217,091604,19555,200
MOL,0,20101217,091604,19550,500
MTELEKOM,0,20101217,091604,525,189
EGIS,0,20101217,091609,20450,40
MOL,0,20101217,091609,19600,190
MTELEKOM,0,20101217,091610,527,1751
MTELEKOM,0,20101217,091610,527,2053
OTP,0,20101217,091610,5285,300
RICHTER,0,20101217,091610,43580,100
RICHTER,0,20101217,091610,43580,15
MTELEKOM,0,20101217,091610,525,912
FHB,0,20101217,091611,967,300
FHB,0,20101217,091611,963,50
FHB,0,20101217,091611,963,100
MOL,0,20101217,091611,19535,100
MOL,0,20101217,091611,19520,5
MOL,0,20101217,091611,19520,83
RICHTER,0,20101217,091611,43255,59
OTP,0,20101217,091611,5267,400
OTP,0,20101217,091611,5267,300
OTP,0,20101217,091611,5267,61
MTELEKOM,0,20101217,091612,525,2810
MOL,0,20101217,091614,19520,17
MOL,0,20101217,091614,19520,171
RICHTER,0,20101217,091614,43255,44
RICHTER,0,20101217,091614,43250,15
OTP,0,20101217,091614,5267,117
OTP,0,20101217,091614,5266,500
OTP,0,20101217,091614,5266,144
MTELEKOM,0,20101217,091614,525,2810
MOL,0,20101217,091616,19520,188
RICHTER,0,20101217,091616,43250,15
RICHTER,0,20101217,091616,43235,44
OTP,0,20101217,091617,5266,761
RICHTER,0,20101217,091617,43570,100
RICHTER,0,20101217,091617,43580,85
RICHTER,0,20101217,091617,43595,1
RICHTER,0,20101217,091617,43600,8
RICHTER,0,20101217,091617,43600,10
RICHTER,0,20101217,091617,43600,50
RICHTER,0,20101217,091617,43600,98
RICHTER,0,20101217,091617,43600,348
MTELEKOM,0,20101217,091617,525,1032
MTELEKOM,0,20101217,091617,525,1000
MTELEKOM,0,20101217,091617,525,400
MTELEKOM,0,20101217,091617,525,378
BUX1112,0,20101217,091617,21990,1
BUX1112,0,20101217,091617,21990,1
EGIS,0,20101217,091618,20450,10
MOL,0,20101217,091618,19650,350
MTELEKOM,0,20101217,091618,527,5000
OTP,0,20101217,091618,5285,210
RICHTER,0,20101217,091618,43500,115
MOL,0,20101217,091619,19520,188
RICHTER,0,20101217,091619,43235,21
RICHTER,0,20101217,091619,43200,38
OTP,0,20101217,091619,5270,200
OTP,0,20101217,091619,5266,561
MTELEKOM,0,20101217,091619,525,2810
MTELEKOM,0,20101217,091620,525,529
MOL,0,20101217,091622,19550,188
RICHTER,0,20101217,091622,43200,59
OTP,0,20101217,091622,5266,761
MTELEKOM,0,20101217,091622,525,1283
MTELEKOM,0,20101217,091622,524,1527
MTELEKOM,0,20101217,091624,525,832
EGIS,0,20101217,091625,20450,40
MOL,0,20101217,091625,19600,300
MTELEKOM,0,20101217,091625,528,5000
OTP,0,20101217,091625,5280,1000
RICHTER,0,20101217,091625,43500,115
MTELEKOM,0,20101217,091626,525,1325
MTELEKOM,0,20101217,091636,527,2
EGIS,0,20101217,091637,20395,13
MOL,0,20101217,091637,19600,350
MTELEKOM,0,20101217,091637,527,1951
MTELEKOM,0,20101217,091637,527,1000
OTP,0,20101217,091638,5285,1000
RICHTER,0,20101217,091638,43400,97
MOL,0,20101217,091639,19550,188
RICHTER,0,20101217,091639,43170,35
RICHTER,0,20101217,091639,43150,24
OTP,0,20101217,091639,5268,35
OTP,0,20101217,091639,5266,726
MTELEKOM,0,20101217,091639,525,2810
MOL,0,20101217,091640,19550,124
FHB,0,20101217,091640,973,200
BUX1012,0,20101217,091640,21380,40
MTELEKOM,0,20101217,091641,525,33
MTELEKOM,0,20101217,091641,525,1243
MOL,0,20101217,091656,19520,53
MOL,0,20101217,091656,19510,8
MOL,0,20101217,091656,19500,100
MOL,0,20101217,091656,19500,500
MOL,0,20101217,091656,19500,100
MTELEKOM,0,20101217,091659,525,757
MTELEKOM,0,20101217,091659,525,3243
MOL,0,20101217,091701,19500,239
MTELEKOM,0,20101217,091701,525,950
MTELEKOM,0,20101217,091703,525,807
MOL,0,20101217,091704,19500,188
RICHTER,0,20101217,091704,43170,59
OTP,0,20101217,091704,5266,47
OTP,0,20101217,091704,5265,714
MTELEKOM,0,20101217,091705,524,2810
MTELEKOM,0,20101217,091708,525,1000
RFV,0,20101217,091709,8500,2
OTP,0,20101217,091712,5266,20
OTP,0,20101217,091712,5265,180
MTELEKOM,0,20101217,091712,524,663
MTELEKOM,0,20101217,091712,524,159
MTELEKOM,0,20101217,091713,525,28193
MTELEKOM,0,20101217,091713,525,1000
BUX1012,0,20101217,091713,21375,10
BUX1012,0,20101217,091713,21370,10
MTELEKOM,0,20101217,091718,524,3280
MTELEKOM,0,20101217,091719,525,9000
MTELEKOM,0,20101217,091719,525,550
MOL,0,20101217,091720,19500,73
MOL,0,20101217,091720,19500,115
MTELEKOM,0,20101217,091720,524,1561
MTELEKOM,0,20101217,091720,524,829
RICHTER,0,20101217,091721,43175,59
OTP,0,20101217,091721,5265,106
OTP,0,20101217,091721,5265,655
MTELEKOM,0,20101217,091721,524,171
MTELEKOM,0,20101217,091721,523,2000
MTELEKOM,0,20101217,091721,523,639
EGIS,0,20101217,091722,20350,2
MOL,0,20101217,091722,19545,350
MTELEKOM,0,20101217,091722,526,5000
OTP,0,20101217,091722,5279,1000
MTELEKOM,0,20101217,091722,523,920
RICHTER,0,20101217,091722,43290,100
MOL,0,20101217,091723,19500,105
MTELEKOM,0,20101217,091727,523,1015
EGIS,0,20101217,091728,20395,40
MOL,0,20101217,091728,19545,150
MTELEKOM,0,20101217,091728,525,5000
OTP,0,20101217,091728,5280,1000
OTP,0,20101217,091728,5280,500
RICHTER,0,20101217,091729,43285,35
BUX1012,0,20101217,091729,21350,26
BUX1012,0,20101217,091729,21325,100
RICHTER,0,20101217,091729,43175,41
MTELEKOM,0,20101217,091729,523,1249
MOL,0,20101217,091737,19520,50
MOL,0,20101217,091737,19500,47
MOL,0,20101217,091739,19470,188
RICHTER,0,20101217,091739,43170,59
OTP,0,20101217,091739,5268,100
OTP,0,20101217,091739,5265,661
MTELEKOM,0,20101217,091740,523,2810
MOL,0,20101217,091743,19500,3
RICHTER,0,20101217,091745,43280,40
EGIS,0,20101217,091746,20390,10
MOL,0,20101217,091746,19550,300
MTELEKOM,0,20101217,091746,524,1952
MTELEKOM,0,20101217,091746,524,108
OTP,0,20101217,091747,5280,500
OTP,0,20101217,091747,5280,1000
BUX1112,0,20101217,091747,21990,5
RICHTER,0,20101217,091747,43280,10
MTELEKOM,0,20101217,091748,523,1082
MOL,0,20101217,091752,19540,10
EGIS,0,20101217,091752,20395,5
EGIS,0,20101217,091752,20395,35
MOL,0,20101217,091753,19540,350
MTELEKOM,0,20101217,091753,525,5000
OTP,0,20101217,091753,5280,1196
RICHTER,0,20101217,091753,43200,115
MTELEKOM,0,20101217,091754,523,1114
FHB,0,20101217,091755,963,100
FHB,0,20101217,091755,962,50
FHB,0,20101217,091755,962,300
BUX1112,0,20101217,091757,21965,1
MOL,0,20101217,091758,19500,297
MTELEKOM,0,20101217,091759,524,200
MOL,0,20101217,091803,19470,188
RICHTER,0,20101217,091803,43175,20
RICHTER,0,20101217,091803,43170,10
RICHTER,0,20101217,091803,43170,29
OTP,0,20101217,091804,5265,684
OTP,0,20101217,091804,5262,77
MTELEKOM,0,20101217,091804,523,1171
MTELEKOM,0,20101217,091804,523,1639
RICHTER,0,20101217,091806,43200,37
RICHTER,0,20101217,091812,43170,41
MTELEKOM,0,20101217,091812,524,10000
MOL,0,20101217,091816,19500,200
MTELEKOM,0,20101217,091820,524,500
MTELEKOM,0,20101217,091820,523,1843
MOL,0,20101217,091823,19470,124
MOL,0,20101217,091823,19470,64
RICHTER,0,20101217,091823,43155,50
RICHTER,0,20101217,091823,43155,9
OTP,0,20101217,091824,5262,643
OTP,0,20101217,091824,5260,118
MTELEKOM,0,20101217,091824,523,892
MTELEKOM,0,20101217,091824,523,250
MTELEKOM,0,20101217,091824,523,1668
MTELEKOM,0,20101217,091829,523,928
HUMET,0,20101217,091834,9,400
HUMET,0,20101217,091834,9,2070
MOL,0,20101217,091837,19470,50
BUX1112,0,20101217,091840,21970,30
FHB,0,20101217,091841,963,200
FHB,0,20101217,091841,962,143
MOL,0,20101217,091846,19470,86
MOL,0,20101217,091846,19470,102
RICHTER,0,20101217,091846,43155,59
OTP,0,20101217,091846,5265,1
OTP,0,20101217,091846,5260,760
OTP,0,20101217,091846,5278,500
OTP,0,20101217,091846,5278,55
MTELEKOM,0,20101217,091846,523,2404
MTELEKOM,0,20101217,091846,523,406
MTELEKOM,0,20101217,091847,523,594
MTELEKOM,0,20101217,091847,523,300
OTP,0,20101217,091849,5278,445
OTP,0,20101217,091849,5260,55
MTELEKOM,0,20101217,091850,523,1000
EGIS,0,20101217,091854,20390,10
MOL,0,20101217,091854,19500,350
MTELEKOM,0,20101217,091854,523,1953
OTP,0,20101217,091854,5270,997
RICHTER,0,20101217,091854,43200,48
RICHTER,0,20101217,091854,43200,55
OTP,0,20101217,091907,5263,400
OTP,0,20101217,091907,5260,67
OTP,0,20101217,091907,5260,25
OTP,0,20101217,091907,5260,50
OTP,0,20101217,091907,5258,50
OTP,0,20101217,091907,5255,50
OTP,0,20101217,091907,5255,30
OTP,0,20101217,091907,5253,1000
BUX1112,0,20101217,091910,21965,1
BUX1112,0,20101217,091910,21965,2
MOL,0,20101217,091912,19470,65
ECONET,0,20101217,091912,91,2976
ECONET,0,20101217,091912,91,2024
OTP,0,20101217,091913,5274,1000
OTP,0,20101217,091913,5275,1000
OTP,0,20101217,091913,5275,3000
MOL,0,20101217,091915,19470,33
MOL,0,20101217,091915,19470,167
MOL,0,20101217,091917,19470,33
MOL,0,20101217,091917,19455,155
RICHTER,0,20101217,091917,43155,12
RICHTER,0,20101217,091917,43150,47
OTP,0,20101217,091917,5255,761
MTELEKOM,0,20101217,091917,523,1000
MTELEKOM,0,20101217,091917,523,1810
OTP,0,20101217,091925,5255,139
OTP,0,20101217,091925,5255,2000
MOL,0,20101217,091928,19470,200
MTELEKOM,0,20101217,091936,523,1300
MTELEKOM,0,20101217,091936,523,6000
RFV,0,20101217,091936,8500,10
FHB,0,20101217,091936,964,10
FHB,0,20101217,091936,962,657
FHB,0,20101217,091936,962,300
MTELEKOM,0,20101217,091944,523,50
MTELEKOM,0,20101217,091945,523,1903
MTELEKOM,0,20101217,091945,523,3097
MTELEKOM,0,20101217,091948,523,4382
MTELEKOM,0,20101217,091951,524,20000
MTELEKOM,0,20101217,091951,525,10000
MTELEKOM,0,20101217,091951,525,10000
MTELEKOM,0,20101217,091951,525,5000
MTELEKOM,0,20101217,091951,525,2000
OTP,0,20101217,091958,5260,1000
MOL,0,20101217,091958,19455,188
RICHTER,0,20101217,091958,43150,59
OTP,0,20101217,091959,5256,20
OTP,0,20101217,091959,5255,300
OTP,0,20101217,091959,5255,25
OTP,0,20101217,091959,5255,416
MTELEKOM,0,20101217,091959,522,2810
MTELEKOM,0,20101217,092016,524,5000
MTELEKOM,0,20101217,092016,524,823
EGIS,0,20101217,092020,20305,45
RABA,0,20101217,092022,810,109
MOL,0,20101217,092022,19470,30
MOL,0,20101217,092022,19470,158
RICHTER,0,20101217,092023,43150,59
OTP,0,20101217,092023,5261,20
OTP,0,20101217,092023,5260,741
MTELEKOM,0,20101217,092023,523,2810
OTP,0,20101217,092032,5260,259
OTP,0,20101217,092032,5260,341
OTP,0,20101217,092039,5260,1000
MOL,0,20101217,092040,19470,42
MOL,0,20101217,092040,19455,146
RICHTER,0,20101217,092041,43150,11
RICHTER,0,20101217,092041,43150,48
OTP,0,20101217,092041,5260,659
OTP,0,20101217,092041,5260,102
MTELEKOM,0,20101217,092041,523,2810
PFLAX,0,20101217,092042,481,50
OTP,0,20101217,092045,5261,20
OTP,0,20101217,092048,5265,30
BUX1012,0,20101217,092052,21330,2
MOL,0,20101217,092053,19460,50
MOL,0,20101217,092053,19455,11
MOL,0,20101217,092053,19455,139
MOL,0,20101217,092101,19455,161
MOL,0,20101217,092101,19455,27
RICHTER,0,20101217,092101,43150,52
RICHTER,0,20101217,092101,43105,7
OTP,0,20101217,092101,5261,761
MTELEKOM,0,20101217,092101,523,380
MTELEKOM,0,20101217,092101,523,2430
FHB,0,20101217,092104,962,450
MOL,0,20101217,092105,19495,100
MOL,0,20101217,092105,19495,61
MOL,0,20101217,092105,19500,39
FHB,0,20101217,092106,961,65
FHB,0,20101217,092106,961,435
OTP,0,20101217,092107,5261,1000
MOL,0,20101217,092108,19455,173
MOL,0,20101217,092108,19455,15
RICHTER,0,20101217,092108,43105,59
OTP,0,20101217,092108,5261,219
OTP,0,20101217,092108,5261,542
MTELEKOM,0,20101217,092108,523,1570
MTELEKOM,0,20101217,092108,523,1240
MOL,0,20101217,092112,19495,100
MTELEKOM,0,20101217,092115,523,3760
MTELEKOM,0,20101217,092115,523,300
MTELEKOM,0,20101217,092115,523,5000
MOL,0,20101217,092116,19455,185
MOL,0,20101217,092116,19450,3
RICHTER,0,20101217,092116,43105,34
RICHTER,0,20101217,092116,43105,25
OTP,0,20101217,092116,5261,458
OTP,0,20101217,092116,5261,303
MTELEKOM,0,20101217,092117,522,2810
MTELEKOM,0,20101217,092117,522,1231
BUX1012,0,20101217,092123,21335,1
BUX1012,0,20101217,092123,21325,1
BUX1012,0,20101217,092123,21325,10
BUX1012,0,20101217,092123,21320,1
BUX1012,0,20101217,092123,21320,5
BUX1012,0,20101217,092123,21320,30
MTELEKOM,0,20101217,092125,523,1952
MTELEKOM,0,20101217,092125,523,3048
BUX1112,0,20101217,092127,21965,5
BUX1112,0,20101217,092127,21968,3
BUX1112,0,20101217,092127,21970,5
BUX1112,0,20101217,092127,21970,1
BUX1112,0,20101217,092127,21970,5
MTELEKOM,0,20101217,092128,523,2826
MTELEKOM,0,20101217,092128,523,20
MTELEKOM,0,20101217,092128,524,5000
MTELEKOM,0,20101217,092128,525,2000
MTELEKOM,0,20101217,092128,525,10000
MTELEKOM,0,20101217,092128,525,5154
MTELEKOM,0,20101217,092130,522,255
MOL,0,20101217,092131,19460,188
RICHTER,0,20101217,092131,43105,25
RICHTER,0,20101217,092131,43050,34
OTP,0,20101217,092131,5261,697
OTP,0,20101217,092131,5261,64
MTELEKOM,0,20101217,092132,522,2810
MTELEKOM,0,20101217,092134,523,5874
MOL,0,20101217,092134,19460,312
MTELEKOM,0,20101217,092135,522,1037
MTELEKOM,0,20101217,092135,522,572
EGIS,0,20101217,092139,20305,30
MOL,0,20101217,092141,19455,15
MOL,0,20101217,092141,19455,300
MOL,0,20101217,092141,19455,100
MOL,0,20101217,092141,19450,25
EGIS,0,20101217,092143,20390,40
MOL,0,20101217,092143,19495,350
BUX1112,0,20101217,092143,21970,1
MTELEKOM,0,20101217,092144,524,1953
OTP,0,20101217,092144,5265,270
RICHTER,0,20101217,092144,43105,20
RICHTER,0,20101217,092146,43050,25
RICHTER,0,20101217,092146,43030,200
RICHTER,0,20101217,092146,43005,55
RICHTER,0,20101217,092146,43005,8
RICHTER,0,20101217,092146,43000,37
RICHTER,0,20101217,092146,43000,5
RICHTER,0,20101217,092146,43000,10
MOL,0,20101217,092147,19455,188
RICHTER,0,20101217,092148,42900,20
RICHTER,0,20101217,092148,42850,39
OTP,0,20101217,092148,5263,761
MTELEKOM,0,20101217,092148,523,2000
MTELEKOM,0,20101217,092148,523,810
EGIS,0,20101217,092149,20390,5
MOL,0,20101217,092149,19495,80
MTELEKOM,0,20101217,092149,525,4846
MTELEKOM,0,20101217,092149,525,154
OTP,0,20101217,092149,5267,200
RICHTER,0,20101217,092150,43000,115
OTP,0,20101217,092151,5265,270
OTP,0,20101217,092151,5263,30
EGIS,0,20101217,092152,20395,40
RICHTER,0,20101217,092152,43000,45
MOL,0,20101217,092152,19455,112
MOL,0,20101217,092152,19450,76
MOL,0,20101217,092152,19495,300
MTELEKOM,0,20101217,092153,525,4846
MTELEKOM,0,20101217,092153,525,154
RICHTER,0,20101217,092153,43000,55
RICHTER,0,20101217,092153,42850,4
OTP,0,20101217,092153,5268,1500
OTP,0,20101217,092153,5263,209
OTP,0,20101217,092153,5262,552
MTELEKOM,0,20101217,092153,524,1000
RICHTER,0,20101217,092153,43235,3
MTELEKOM,0,20101217,092153,523,2810
OTP,0,20101217,092154,5268,500
OTP,0,20101217,092154,5268,1000
OTP,0,20101217,092154,5269,1000
OTP,0,20101217,092154,5270,1000
OTP,0,20101217,092154,5270,2000
RFV,0,20101217,092155,8500,11
RICHTER,0,20101217,092156,43200,200
RICHTER,0,20101217,092156,43240,15
RICHTER,0,20101217,092156,43240,17
RICHTER,0,20101217,092156,43240,20
RICHTER,0,20101217,092156,43240,100
RICHTER,0,20101217,092156,43245,97
MOL,0,20101217,092158,19450,188
RICHTER,0,20101217,092158,42855,50
RICHTER,0,20101217,092158,42850,9
OTP,0,20101217,092159,5270,761
MTELEKOM,0,20101217,092159,523,649
MTELEKOM,0,20101217,092159,522,2161
SYNERGON,0,20101217,092202,490,150
SYNERGON,0,20101217,092202,488,100
SYNERGON,0,20101217,092202,488,200
SYNERGON,0,20101217,092202,485,350
EGIS,0,20101217,092202,20395,25
MOL,0,20101217,092202,19500,111
MOL,0,20101217,092202,19500,239
MTELEKOM,0,20101217,092202,525,5000
OTP,0,20101217,092202,5275,1000
RICHTER,0,20101217,092203,43195,50
OTP,0,20101217,092204,5270,5000
MOL,0,20101217,092206,19450,117
MOL,0,20101217,092206,19450,71
RICHTER,0,20101217,092206,42900,59
OTP,0,20101217,092206,5262,761
MTELEKOM,0,20101217,092206,522,2267
MTELEKOM,0,20101217,092206,522,543
OTP,0,20101217,092221,5270,1313
OTP,0,20101217,092221,5270,687
MOL,0,20101217,092226,19455,188
RICHTER,0,20101217,092226,43000,59
OTP,0,20101217,092226,5263,17
OTP,0,20101217,092226,5262,687
OTP,0,20101217,092226,5261,57
MTELEKOM,0,20101217,092226,523,2810
MOL,0,20101217,092234,19455,300
BUX1012,0,20101217,092235,21320,2
GENESIS,0,20101217,092238,210,20
RABA,0,20101217,092240,810,205
MOL,0,20101217,092241,19455,12
MOL,0,20101217,092241,19450,179
MOL,0,20101217,092244,19450,9
MTELEKOM,0,20101217,092247,523,1400
MOL,0,20101217,092251,19455,246
MTELEKOM,0,20101217,092252,524,60000
OTP,0,20101217,092253,5265,2000
MTELEKOM,0,20101217,092254,523,2382
MOL,0,20101217,092255,19490,4
MOL,0,20101217,092258,19455,145
MOL,0,20101217,092258,19455,43
RICHTER,0,20101217,092258,43020,20
RICHTER,0,20101217,092258,43015,39
OTP,0,20101217,092259,5261,761
MTELEKOM,0,20101217,092259,523,2810
MTELEKOM,0,20101217,092300,523,598
MTELEKOM,0,20101217,092300,523,337
RFV,0,20101217,092300,8485,6
RFV,0,20101217,092300,8485,40
EGIS,0,20101217,092301,20305,25
EGIS,0,20101217,092301,20300,20
MOL,0,20101217,092303,19455,200
OTP,0,20101217,092310,5261,1118
OTP,0,20101217,092310,5261,248
EGIS,0,20101217,092313,20305,10
FHB,0,20101217,092313,961,450
MTELEKOM,0,20101217,092318,524,1230
OTP,0,20101217,092325,5261,752
OTP,0,20101217,092325,5260,898
OTP,0,20101217,092325,5260,300
MTELEKOM,0,20101217,092334,523,723
BUX1012,0,20101217,092340,21339,27
BUX1012,0,20101217,092344,21320,25
OTP,0,20101217,092345,5261,20
BUX1112,0,20101217,092354,21962,1
BUX1112,0,20101217,092354,21960,1
BUX1112,0,20101217,092354,21941,2
BUX1112,0,20101217,092354,21928,3
BUX1112,0,20101217,092354,21928,14
BUX1112,0,20101217,092354,21901,6
KEG,0,20101217,092402,157,400
PANNERGY,0,20101217,092408,879,22
PANNERGY,0,20101217,092408,879,60
PANNERGY,0,20101217,092408,879,158
BUX1012,0,20101217,092409,21320,1
BUX1012,0,20101217,092409,21318,1
BUX1012,0,20101217,092409,21310,7
BUX1012,0,20101217,092409,21306,1
BUX1012,0,20101217,092409,21303,10
OTP,0,20101217,092411,5260,2000
OTP,0,20101217,092416,5260,600
OTP,0,20101217,092417,5260,400
OTP,0,20101217,092422,5257,24
OTP,0,20101217,092422,5257,19
OTP,0,20101217,092422,5255,36
OTP,0,20101217,092425,5257,55
MOL,0,20101217,092431,19460,14
MOL,0,20101217,092431,19460,1000
MTELEKOM,0,20101217,092434,523,1952
OTP,0,20101217,092434,5255,1548
OTP,0,20101217,092434,5255,250
OTP,0,20101217,092434,5255,200
OTP,0,20101217,092434,5255,1000
KEG,0,20101217,092435,156,3000
MTELEKOM,0,20101217,092436,523,871
MOL,0,20101217,092441,19455,188
RICHTER,0,20101217,092441,42905,11
RICHTER,0,20101217,092441,42860,20
RICHTER,0,20101217,092441,42860,10
RICHTER,0,20101217,092441,42855,18
OTP,0,20101217,092441,5252,761
MTELEKOM,0,20101217,092442,523,2810
BUX1012,0,20101217,092445,21320,15
OTP,0,20101217,092454,5255,300
FHB,0,20101217,092455,961,115
FHB,0,20101217,092455,961,15
FHB,0,20101217,092455,961,450
EGIS,0,20101217,092500,20375,40
MOL,0,20101217,092500,19490,11
MTELEKOM,0,20101217,092500,524,700
MTELEKOM,0,20101217,092500,524,735
MTELEKOM,0,20101217,092500,524,3565
OTP,0,20101217,092500,5257,945
RICHTER,0,20101217,092500,42990,10
MOL,0,20101217,092501,19460,188
RICHTER,0,20101217,092501,42910,50
RICHTER,0,20101217,092501,42855,9
OTP,0,20101217,092501,5252,239
OTP,0,20101217,092501,5252,522
MTELEKOM,0,20101217,092502,523,2810
MTELEKOM,0,20101217,092502,523,497
EGIS,0,20101217,092503,20305,1
EGIS,0,20101217,092504,20375,5
MOL,0,20101217,092504,19495,300
MOL,0,20101217,092504,19495,50
MTELEKOM,0,20101217,092504,523,424
OTP,0,20101217,092504,5260,600
OTP,0,20101217,092504,5260,900
RICHTER,0,20101217,092505,43000,115
MOL,0,20101217,092508,19460,12
MOL,0,20101217,092508,19455,69
MOL,0,20101217,092508,19450,107
RICHTER,0,20101217,092509,42855,23
RICHTER,0,20101217,092509,42855,20
RICHTER,0,20101217,092509,42855,16
OTP,0,20101217,092509,5252,761
MTELEKOM,0,20101217,092509,522,2457
MTELEKOM,0,20101217,092509,522,100
MTELEKOM,0,20101217,092509,522,110
MTELEKOM,0,20101217,092509,522,143
MTELEKOM,0,20101217,092510,522,157
MTELEKOM,0,20101217,092510,522,991
MTELEKOM,0,20101217,092512,522,509
MTELEKOM,0,20101217,092512,522,368
MTELEKOM,0,20101217,092515,522,9632
MTELEKOM,0,20101217,092515,522,500
MTELEKOM,0,20101217,092515,522,300
MTELEKOM,0,20101217,092515,522,200
MTELEKOM,0,20101217,092515,522,1000
OTP,0,20101217,092518,5255,70
BUX1112,0,20101217,092518,21905,15
OTP,0,20101217,092521,5255,930
MTELEKOM,0,20101217,092523,522,1953
MTELEKOM,0,20101217,092523,522,1892
MTELEKOM,0,20101217,092524,522,1053
BUX1012,0,20101217,092525,21310,10
MTELEKOM,0,20101217,092526,522,102
EGIS,0,20101217,092528,20375,40
MOL,0,20101217,092528,19490,350
MTELEKOM,0,20101217,092528,523,5000
OTP,0,20101217,092528,5260,1500
RICHTER,0,20101217,092528,42990,20
BUX1012,0,20101217,092528,21310,20
MTELEKOM,0,20101217,092528,522,1000
MOL,0,20101217,092530,19455,188
RICHTER,0,20101217,092530,42855,59
OTP,0,20101217,092530,5253,313
OTP,0,20101217,092530,5252,448
MTELEKOM,0,20101217,092530,521,1369
MTELEKOM,0,20101217,092530,521,1441
MTELEKOM,0,20101217,092530,522,2000
MTELEKOM,0,20101217,092530,524,1435
MTELEKOM,0,20101217,092530,524,2000
MTELEKOM,0,20101217,092530,524,6958
MTELEKOM,0,20101217,092532,521,2921
EGIS,0,20101217,092532,20375,5
MOL,0,20101217,092533,19490,150
MTELEKOM,0,20101217,092533,524,5000
OTP,0,20101217,092533,5260,600
OTP,0,20101217,092533,5260,221
OTP,0,20101217,092533,5260,679
RICHTER,0,20101217,092533,43000,85
MTELEKOM,0,20101217,092534,521,638
MTELEKOM,0,20101217,092534,521,788
MOL,0,20101217,092537,19455,188
RICHTER,0,20101217,092537,42855,25
RICHTER,0,20101217,092537,42850,34
OTP,0,20101217,092537,5255,761
MTELEKOM,0,20101217,092537,522,1200
MTELEKOM,0,20101217,092537,522,1610
BUX1012,0,20101217,092544,21335,15
MTELEKOM,0,20101217,092545,522,500
MTELEKOM,0,20101217,092546,522,853
EGIS,0,20101217,092546,20380,30
EGIS,0,20101217,092546,20380,10
MOL,0,20101217,092547,19495,250
MOL,0,20101217,092547,19495,100
MTELEKOM,0,20101217,092547,523,1953
OTP,0,20101217,092547,5260,321
RICHTER,0,20101217,092547,43090,20
RICHTER,0,20101217,092547,43090,10
MOL,0,20101217,092549,19490,100
MOL,0,20101217,092550,19455,124
MOL,0,20101217,092550,19450,64
RICHTER,0,20101217,092550,42905,21
RICHTER,0,20101217,092550,42900,38
OTP,0,20101217,092550,5255,239
OTP,0,20101217,092550,5252,269
OTP,0,20101217,092550,5252,200
OTP,0,20101217,092550,5252,53
MTELEKOM,0,20101217,092550,523,2000
MTELEKOM,0,20101217,092550,522,810
MTELEKOM,0,20101217,092551,522,866
BUX1112,0,20101217,092552,21903,1
BUX1112,0,20101217,092552,21903,3
BUX1112,0,20101217,092552,21902,11
EGIS,0,20101217,092552,20380,40
MOL,0,20101217,092552,19490,200
MTELEKOM,0,20101217,092552,524,3042
MTELEKOM,0,20101217,092552,524,1958
OTP,0,20101217,092552,5261,30
RICHTER,0,20101217,092552,43100,115
MTELEKOM,0,20101217,092553,522,361
MTELEKOM,0,20101217,092553,522,489
MOL,0,20101217,092555,19450,188
RICHTER,0,20101217,092555,42900,59
EGIS,0,20101217,092555,20380,40
OTP,0,20101217,092555,5260,761
MOL,0,20101217,092555,19495,350
MTELEKOM,0,20101217,092555,522,1511
MTELEKOM,0,20101217,092555,522,500
MTELEKOM,0,20101217,092555,521,799
MTELEKOM,0,20101217,092555,524,3042
MTELEKOM,0,20101217,092555,524,1958
OTP,0,20101217,092555,5268,841
RICHTER,0,20101217,092556,43100,85
MTELEKOM,0,20101217,092557,522,867
MOL,0,20101217,092600,19460,14
MOL,0,20101217,092600,19455,174
EGIS,0,20101217,092600,20380,10
RICHTER,0,20101217,092600,42900,59
MOL,0,20101217,092600,19495,150
OTP,0,20101217,092600,5260,239
OTP,0,20101217,092600,5255,522
MTELEKOM,0,20101217,092600,523,2000
MTELEKOM,0,20101217,092600,522,2810
OTP,0,20101217,092601,5269,1000
OTP,0,20101217,092601,5269,500
RICHTER,0,20101217,092601,43095,32
MTELEKOM,0,20101217,092601,522,987
OTP,0,20101217,092604,5255,100
MTELEKOM,0,20101217,092605,522,57
MOL,0,20101217,092606,19455,188
RICHTER,0,20101217,092606,42905,20
RICHTER,0,20101217,092606,42900,39
OTP,0,20101217,092606,5255,378
OTP,0,20101217,092606,5252,383
MTELEKOM,0,20101217,092606,522,2810
MTELEKOM,0,20101217,092608,522,1022
MTELEKOM,0,20101217,092608,522,975
MTELEKOM,0,20101217,092612,522,136
MTELEKOM,0,20101217,092612,522,742
BUX1012,0,20101217,092624,21300,7
BUX1112,0,20101217,092624,21920,7
MTELEKOM,0,20101217,092624,523,500
MTELEKOM,0,20101217,092624,523,5940
RABA,0,20101217,092624,810,186
MTELEKOM,0,20101217,092636,523,2985
RICHTER,0,20101217,092639,42910,6
MOL,0,20101217,092647,19460,188
RICHTER,0,20101217,092647,42910,26
RICHTER,0,20101217,092647,42905,30
RICHTER,0,20101217,092647,42900,3
OTP,0,20101217,092647,5256,105
OTP,0,20101217,092647,5255,656
MTELEKOM,0,20101217,092648,522,2810
FHB,0,20101217,092648,961,400
FHB,0,20101217,092648,961,450
RICHTER,0,20101217,092701,42900,2
RICHTER,0,20101217,092701,42855,20
EGIS,0,20101217,092707,20380,40
MOL,0,20101217,092707,19490,300
MTELEKOM,0,20101217,092707,523,2015
MTELEKOM,0,20101217,092707,523,2985
OTP,0,20101217,092707,5259,656
RICHTER,0,20101217,092707,42995,30
RICHTER,0,20101217,092707,42995,16
MOL,0,20101217,092709,19465,188
RICHTER,0,20101217,092709,42850,12
RICHTER,0,20101217,092709,42850,47
OTP,0,20101217,092710,5255,761
MTELEKOM,0,20101217,092710,522,2810
EGIS,0,20101217,092711,20380,5
EGIS,0,20101217,092711,20380,35
MOL,0,20101217,092711,19495,300
MOL,0,20101217,092711,19495,50
MTELEKOM,0,20101217,092712,523,1952
MTELEKOM,0,20101217,092712,523,3048
OTP,0,20101217,092712,5260,1000
OTP,0,20101217,092712,5260,500
RICHTER,0,20101217,092712,43045,35
EGIS,0,20101217,092717,20380,10
MOL,0,20101217,092717,19470,188
MOL,0,20101217,092717,19495,350
RICHTER,0,20101217,092718,42855,50
RICHTER,0,20101217,092718,42850,9
MTELEKOM,0,20101217,092718,523,1952
MTELEKOM,0,20101217,092718,523,3048
OTP,0,20101217,092718,5260,1500
OTP,0,20101217,092718,5255,239
OTP,0,20101217,092718,5255,522
RICHTER,0,20101217,092718,43050,115
MTELEKOM,0,20101217,092718,522,2810
MTELEKOM,0,20101217,092727,522,828
MTELEKOM,0,20101217,092727,522,5000
MTELEKOM,0,20101217,092727,522,1983
OTP,0,20101217,092730,5255,205
MOL,0,20101217,092732,19470,62
MOL,0,20101217,092732,19470,126
RICHTER,0,20101217,092732,42850,44
RICHTER,0,20101217,092732,42810,1
RICHTER,0,20101217,092732,42810,14
OTP,0,20101217,092733,5255,273
OTP,0,20101217,092733,5253,488
MTELEKOM,0,20101217,092733,522,1017
MTELEKOM,0,20101217,092733,522,980
MTELEKOM,0,20101217,092733,522,300
MTELEKOM,0,20101217,092733,521,513
MOL,0,20101217,092742,19475,1000
RFV,0,20101217,092747,8485,4
MTELEKOM,0,20101217,092749,523,89
EGIS,0,20101217,092753,20380,40
MOL,0,20101217,092753,19495,100
MTELEKOM,0,20101217,092753,523,5000
OTP,0,20101217,092753,5259,200
OTP,0,20101217,092753,5259,258
RICHTER,0,20101217,092754,42995,40
RICHTER,0,20101217,092754,42995,75
MTELEKOM,0,20101217,092754,521,87
MOL,0,20101217,092755,19470,74
MOL,0,20101217,092755,19470,114
RICHTER,0,20101217,092755,42850,59
OTP,0,20101217,092755,5253,512
OTP,0,20101217,092755,5253,249
MTELEKOM,0,20101217,092756,521,2810
KEG,0,20101217,092801,156,480
MTELEKOM,0,20101217,092802,523,911
MTELEKOM,0,20101217,092802,523,89
PANNERGY,0,20101217,092804,886,43
PANNERGY,0,20101217,092804,887,250
PANNERGY,0,20101217,092804,888,490
PANNERGY,0,20101217,092804,889,100
PANNERGY,0,20101217,092804,889,17
MOL,0,20101217,092824,19500,261
OTP,0,20101217,092827,5255,1000
FHB,0,20101217,092827,960,100
FHB,0,20101217,092827,960,100
FHB,0,20101217,092827,960,300
EGIS,0,20101217,092830,20380,5
EGIS,0,20101217,092830,20395,15
RICHTER,0,20101217,092832,42855,25
RICHTER,0,20101217,092832,42850,241
KEG,0,20101217,092834,156,2320
MTELEKOM,0,20101217,092837,523,80
MOL,0,20101217,092841,19500,188
RICHTER,0,20101217,092841,42815,4
RICHTER,0,20101217,092841,42810,55
OTP,0,20101217,092841,5255,20
OTP,0,20101217,092841,5253,741
MTELEKOM,0,20101217,092841,521,2810
MTELEKOM,0,20101217,092843,521,1222
EGIS,0,20101217,092850,20325,35
EGIS,0,20101217,092851,20395,35
MOL,0,20101217,092851,19520,150
MOL,0,20101217,092851,19520,60
MTELEKOM,0,20101217,092851,523,5000
OTP,0,20101217,092851,5260,600
OTP,0,20101217,092851,5260,900
RICHTER,0,20101217,092852,42900,115
MTELEKOM,0,20101217,092852,521,971
MTELEKOM,0,20101217,092852,521,149
EGIS,0,20101217,092854,20400,40
MOL,0,20101217,092854,19500,188
MOL,0,20101217,092854,19525,300
RICHTER,0,20101217,092854,42810,11
RICHTER,0,20101217,092854,42810,10
RICHTER,0,20101217,092854,42800,38
MTELEKOM,0,20101217,092854,523,4831
MTELEKOM,0,20101217,092854,523,169
OTP,0,20101217,092855,5253,10
OTP,0,20101217,092855,5252,751
OTP,0,20101217,092855,5260,100
OTP,0,20101217,092855,5260,1000
OTP,0,20101217,092855,5260,240
MTELEKOM,0,20101217,092855,522,2000
MTELEKOM,0,20101217,092855,521,810
RICHTER,0,20101217,092855,42900,85
EGIS,0,20101217,092858,20400,10
MOL,0,20101217,092859,19530,350
MTELEKOM,0,20101217,092859,523,1331
MTELEKOM,0,20101217,092859,523,2000
MTELEKOM,0,20101217,092859,523,1669
OTP,0,20101217,092859,5269,1187
RICHTER,0,20101217,092859,42945,40
MOL,0,20101217,092901,19500,188
MTELEKOM,0,20101217,092902,521,2208
RICHTER,0,20101217,092902,42800,59
OTP,0,20101217,092902,5252,761
EGIS,0,20101217,092902,20440,2
EGIS,0,20101217,092902,20440,38
MTELEKOM,0,20101217,092902,521,2810
MOL,0,20101217,092902,19530,150
MOL,0,20101217,092902,19530,200
MTELEKOM,0,20101217,092903,523,4331
MTELEKOM,0,20101217,092903,523,669
OTP,0,20101217,092903,5268,1000
RICHTER,0,20101217,092903,42950,115
MTELEKOM,0,20101217,092903,521,1203
MOL,0,20101217,092906,19530,300
MTELEKOM,0,20101217,092908,521,231
MOL,0,20101217,092909,19500,16
MOL,0,20101217,092909,19500,100
MOL,0,20101217,092909,19470,72
RICHTER,0,20101217,092909,42805,40
RICHTER,0,20101217,092909,42800,19
OTP,0,20101217,092909,5253,761
MTELEKOM,0,20101217,092909,521,2589
MTELEKOM,0,20101217,092909,521,221
BUX1012,0,20101217,092918,21320,5
BUX1012,0,20101217,092928,21320,11
FHB,0,20101217,092929,960,200
FHB,0,20101217,092929,960,187
FHB,0,20101217,092929,960,10
FHB,0,20101217,092929,960,65
FHB,0,20101217,092929,960,38
MOL,0,20101217,092944,19505,10
KEG,0,20101217,092951,156,180
KEG,0,20101217,092951,155,5000
BUX1012,0,20101217,092955,21320,1
OTP,0,20101217,092959,5265,1000
OTP,0,20101217,093000,5265,1000
EGIS,0,20101217,093000,20350,3
MOL,0,20101217,093001,19500,190
MOL,0,20101217,093001,19500,160
MTELEKOM,0,20101217,093001,522,202
MTELEKOM,0,20101217,093001,522,202
MTELEKOM,0,20101217,093001,522,4596
OTP,0,20101217,093001,5269,100
RICHTER,0,20101217,093001,42900,115
MTELEKOM,0,20101217,093002,521,837
BUX1012,0,20101217,093002,21320,3
EGIS,0,20101217,093004,20390,40
MOL,0,20101217,093004,19500,340
MTELEKOM,0,20101217,093004,522,3404
MTELEKOM,0,20101217,093004,522,1596
OTP,0,20101217,093004,5270,813
OTP,0,20101217,093004,5270,687
RICHTER,0,20101217,093004,42900,85
MTELEKOM,0,20101217,093005,521,827
MTELEKOM,0,20101217,093005,522,4344
EGIS,0,20101217,093007,20390,40
MOL,0,20101217,093007,19540,100
MTELEKOM,0,20101217,093008,522,656
MTELEKOM,0,20101217,093008,522,202
OTP,0,20101217,093008,5270,313
RICHTER,0,20101217,093008,42950,85
RICHTER,0,20101217,093008,42950,30
EGIS,0,20101217,093011,20385,40
MOL,0,20101217,093011,19545,150
MOL,0,20101217,093011,19545,200
MTELEKOM,0,20101217,093011,522,5000
OTP,0,20101217,093011,5274,1500
RICHTER,0,20101217,093012,42950,115
MTELEKOM,0,20101217,093013,522,100
MTELEKOM,0,20101217,093014,522,1000
OTP,0,20101217,093017,5274,239
MOL,0,20101217,093019,19480,188
RICHTER,0,20101217,093019,42805,50
RICHTER,0,20101217,093019,42800,9
OTP,0,20101217,093019,5261,761
MTELEKOM,0,20101217,093019,521,2810
MOL,0,20101217,093025,19485,55
MOL,0,20101217,093025,19480,133
RICHTER,0,20101217,093025,42800,59
OTP,0,20101217,093025,5262,761
MTELEKOM,0,20101217,093025,521,2810
FHB,0,20101217,093029,960,62
FHB,0,20101217,093029,960,150
FHB,0,20101217,093029,960,510
MTELEKOM,0,20101217,093031,522,9
OTP,0,20101217,093042,5273,400
OTP,0,20101217,093042,5273,600
OTP,0,20101217,093045,5273,400
OTP,0,20101217,093045,5274,261
OTP,0,20101217,093045,5275,339
MOL,0,20101217,093048,19500,188
RICHTER,0,20101217,093048,42810,2
RICHTER,0,20101217,093048,42810,57
OTP,0,20101217,093049,5264,761
MTELEKOM,0,20101217,093049,521,2495
MTELEKOM,0,20101217,093049,521,136
MTELEKOM,0,20101217,093049,521,179
OTP,0,20101217,093050,5275,661
OTP,0,20101217,093050,5275,12
OTP,0,20101217,093053,5275,327
MOL,0,20101217,093055,19500,12
MOL,0,20101217,093055,19500,176
RICHTER,0,20101217,093055,42815,3
RICHTER,0,20101217,093055,42810,56
OTP,0,20101217,093055,5264,239
OTP,0,20101217,093055,5263,522
MTELEKOM,0,20101217,093056,521,2121
MTELEKOM,0,20101217,093056,521,689
MOL,0,20101217,093103,19500,124
MOL,0,20101217,093103,19500,64
RICHTER,0,20101217,093104,42810,59
OTP,0,20101217,093104,5263,761
MTELEKOM,0,20101217,093104,521,2810
EGIS,0,20101217,093105,20385,5
MOL,0,20101217,093105,19535,100
MTELEKOM,0,20101217,093105,522,1891
MTELEKOM,0,20101217,093105,522,3109
OTP,0,20101217,093105,5275,1000
RICHTER,0,20101217,093105,42940,100
RICHTER,0,20101217,093105,42940,15
EGIS,0,20101217,093107,20390,20
MOL,0,20101217,093107,19540,55
MOL,0,20101217,093107,19540,200
MTELEKOM,0,20101217,093107,522,1891
MTELEKOM,0,20101217,093107,522,202
MTELEKOM,0,20101217,093107,522,2907
OTP,0,20101217,093107,5277,20
RICHTER,0,20101217,093108,42940,40
MTELEKOM,0,20101217,093109,521,409
RFV,0,20101217,093109,8485,96
RFV,0,20101217,093109,8485,40
EGIS,0,20101217,093110,20395,40
MOL,0,20101217,093110,19545,100
MOL,0,20101217,093110,19545,100
MTELEKOM,0,20101217,093110,522,5000
OTP,0,20101217,093110,5278,1000
OTP,0,20101217,093110,5278,200
RICHTER,0,20101217,093110,42945,115
MTELEKOM,0,20101217,093111,521,1533
EGIS,0,20101217,093112,20395,5
MOL,0,20101217,093112,19550,350
MTELEKOM,0,20101217,093112,522,2093
MTELEKOM,0,20101217,093112,522,2907
OTP,0,20101217,093113,5278,1000
RICHTER,0,20101217,093113,42945,85
MTELEKOM,0,20101217,093114,521,1176
EGIS,0,20101217,093116,20400,40
MOL,0,20101217,093116,19550,150
MOL,0,20101217,093116,19550,200
MOL,0,20101217,093116,19500,188
MTELEKOM,0,20101217,093117,522,5000
RICHTER,0,20101217,093117,42815,35
RICHTER,0,20101217,093117,42810,24
OTP,0,20101217,093117,5279,500
OTP,0,20101217,093117,5279,1000
OTP,0,20101217,093117,5263,761
RICHTER,0,20101217,093117,42950,55
RICHTER,0,20101217,093117,42950,60
MTELEKOM,0,20101217,093117,521,2810
MTELEKOM,0,20101217,093118,521,173
MTELEKOM,0,20101217,093118,521,939
MOL,0,20101217,093120,19500,48
MOL,0,20101217,093120,19485,100
MOL,0,20101217,093120,19480,40
RICHTER,0,20101217,093120,42810,59
OTP,0,20101217,093121,5265,761
MTELEKOM,0,20101217,093121,521,61
MTELEKOM,0,20101217,093121,521,500
MTELEKOM,0,20101217,093121,521,2249
MTELEKOM,0,20101217,093122,521,1212
MOL,0,20101217,093123,19500,188
RICHTER,0,20101217,093123,42810,45
RICHTER,0,20101217,093123,42800,14
OTP,0,20101217,093124,5265,239
OTP,0,20101217,093124,5263,522
MTELEKOM,0,20101217,093124,521,1539
MTELEKOM,0,20101217,093124,521,1000
MTELEKOM,0,20101217,093124,521,271
MOL,0,20101217,093127,19500,188
RICHTER,0,20101217,093127,42800,59
OTP,0,20101217,093127,5264,761
MTELEKOM,0,20101217,093127,521,2810
MTELEKOM,0,20101217,093129,521,1230
EGIS,0,20101217,093133,20395,40
MOL,0,20101217,093133,19550,300
MTELEKOM,0,20101217,093133,522,93
MTELEKOM,0,20101217,093133,522,4907
OTP,0,20101217,093134,5277,1500
RICHTER,0,20101217,093134,42945,35
MTELEKOM,0,20101217,093135,521,1121
MOL,0,20101217,093138,19505,188
RICHTER,0,20101217,093138,42800,52
RICHTER,0,20101217,093138,42800,7
OTP,0,20101217,093138,5264,239
OTP,0,20101217,093138,5264,125
OTP,0,20101217,093138,5264,97
OTP,0,20101217,093138,5263,300
MTELEKOM,0,20101217,093138,521,2810
EGIS,0,20101217,093139,20395,5
MOL,0,20101217,093139,19575,100
MTELEKOM,0,20101217,093140,522,93
MTELEKOM,0,20101217,093140,522,836
MTELEKOM,0,20101217,093140,522,4071
OTP,0,20101217,093140,5277,1000
RICHTER,0,20101217,093140,42950,115
MTELEKOM,0,20101217,093141,521,150
MOL,0,20101217,093145,19510,100
MOL,0,20101217,093145,19505,62
MOL,0,20101217,093145,19505,26
RICHTER,0,20101217,093145,42800,59
OTP,0,20101217,093146,5264,761
MTELEKOM,0,20101217,093146,521,2810
OTP,0,20101217,093152,5265,1000
OTP,0,20101217,093152,5264,239
OTP,0,20101217,093152,5263,761
BUX1112,0,20101217,093153,21904,5
BUX1112,0,20101217,093153,21903,1
BUX1112,0,20101217,093153,21903,4
BUX1112,0,20101217,093153,21903,1
BUX1112,0,20101217,093153,21902,9
BUX1112,0,20101217,093153,21900,20
KEG,0,20101217,093154,155,1000
EGIS,0,20101217,093202,20390,10
MOL,0,20101217,093202,19580,100
MTELEKOM,0,20101217,093203,522,5000
OTP,0,20101217,093203,5275,1000
RICHTER,0,20101217,093203,42950,25
RICHTER,0,20101217,093203,42950,90
EGIS,0,20101217,093206,20395,40
MOL,0,20101217,093206,19585,100
MOL,0,20101217,093206,19585,250
MTELEKOM,0,20101217,093206,522,2000
MTELEKOM,0,20101217,093206,522,3000
OTP,0,20101217,093206,5277,673
OTP,0,20101217,093206,5277,580
RICHTER,0,20101217,093207,42950,110
MOL,0,20101217,093207,19520,100
MOL,0,20101217,093207,19515,88
RICHTER,0,20101217,093207,42810,5
RICHTER,0,20101217,093207,42800,34
RICHTER,0,20101217,093207,42800,20
OTP,0,20101217,093208,5264,761
MTELEKOM,0,20101217,093208,521,2810
EGIS,0,20101217,093209,20395,5
MOL,0,20101217,093209,19585,50
MTELEKOM,0,20101217,093209,522,2000
MTELEKOM,0,20101217,093209,522,3000
OTP,0,20101217,093209,5276,15
RICHTER,0,20101217,093209,42980,20
MTELEKOM,0,20101217,093210,521,736
EGIS,0,20101217,093212,20400,40
MOL,0,20101217,093212,19590,350
MTELEKOM,0,20101217,093212,522,2000
MTELEKOM,0,20101217,093212,522,3000
OTP,0,20101217,093212,5277,500
MOL,0,20101217,093212,19515,188
RICHTER,0,20101217,093212,42985,100
RICHTER,0,20101217,093212,42800,59
OTP,0,20101217,093212,5265,761
MTELEKOM,0,20101217,093213,521,2810
MTELEKOM,0,20101217,093213,521,1032
BUX1112,0,20101217,093214,21900,160
ECONET,0,20101217,093217,91,3
MTELEKOM,0,20101217,093220,522,151
MTELEKOM,0,20101217,093220,522,349
KEG,0,20101217,093235,156,500
KEG,0,20101217,093235,157,350
FHB,0,20101217,093249,959,40
FHB,0,20101217,093249,956,50
FHB,0,20101217,093249,956,20
FHB,0,20101217,093249,955,121
BUX1012,0,20101217,093301,21330,20
KEG,0,20101217,093305,155,300
OTP,0,20101217,093308,5266,17
BUX1112,0,20101217,093322,21900,1
OTP,0,20101217,093323,5270,239
FHB,0,20101217,093325,955,63
BUX1112,0,20101217,093326,21891,3
BUX1012,0,20101217,093327,21315,1
FHB,0,20101217,093329,955,206
FHB,0,20101217,093329,955,1000
RFV,0,20101217,093332,8488,10
FHB,0,20101217,093337,955,94
FHB,0,20101217,093337,955,70
SYNERGON,0,20101217,093338,486,150
MOL,0,20101217,093340,19530,188
RICHTER,0,20101217,093340,42850,20
RICHTER,0,20101217,093340,42835,39
OTP,0,20101217,093340,5266,108
OTP,0,20101217,093340,5265,239
OTP,0,20101217,093340,5265,414
MTELEKOM,0,20101217,093340,521,1410
MTELEKOM,0,20101217,093340,521,1400
EGIS,0,20101217,093341,20400,10
EGIS,0,20101217,093347,20415,40
MOL,0,20101217,093347,19575,100
MTELEKOM,0,20101217,093348,522,4497
MTELEKOM,0,20101217,093348,522,503
OTP,0,20101217,093348,5270,761
RICHTER,0,20101217,093348,42950,15
MOL,0,20101217,093349,19530,62
MOL,0,20101217,093349,19530,13
MOL,0,20101217,093349,19530,113
RICHTER,0,20101217,093349,42835,16
RICHTER,0,20101217,093349,42830,43
OTP,0,20101217,093349,5265,586
OTP,0,20101217,093349,5264,175
MTELEKOM,0,20101217,093349,521,2810
EGIS,0,20101217,093351,20415,5
MOL,0,20101217,093351,19580,50
MOL,0,20101217,093351,19580,1
MOL,0,20101217,093351,19580,299
MTELEKOM,0,20101217,093352,522,4497
MTELEKOM,0,20101217,093352,522,503
OTP,0,20101217,093352,5273,200
RICHTER,0,20101217,093352,42980,115
MTELEKOM,0,20101217,093353,521,1043
EGIS,0,20101217,093357,20440,40
MOL,0,20101217,093357,19580,201
MOL,0,20101217,093357,19580,149
MTELEKOM,0,20101217,093357,522,4497
MTELEKOM,0,20101217,093357,522,503
OTP,0,20101217,093358,5274,761
OTP,0,20101217,093358,5274,739
RICHTER,0,20101217,093358,42980,85
MTELEKOM,0,20101217,093359,521,1088
EGIS,0,20101217,093401,20435,40
MOL,0,20101217,093401,19580,350
MTELEKOM,0,20101217,093402,522,4497
MTELEKOM,0,20101217,093402,522,115
OTP,0,20101217,093402,5273,1010
RICHTER,0,20101217,093402,42990,115
MTELEKOM,0,20101217,093403,521,1096
MOL,0,20101217,093407,19530,187
MOL,0,20101217,093407,19530,1
RICHTER,0,20101217,093407,42840,59
OTP,0,20101217,093408,5264,303
OTP,0,20101217,093408,5264,458
MTELEKOM,0,20101217,093408,521,2563
MTELEKOM,0,20101217,093408,521,247
HUMET,0,20101217,093411,9,930
HUMET,0,20101217,093411,9,2070
EGIS,0,20101217,093411,20435,10
EGIS,0,20101217,093411,20435,30
MOL,0,20101217,093411,19580,1
MTELEKOM,0,20101217,093412,522,5000
OTP,0,20101217,093412,5272,1000
RICHTER,0,20101217,093412,42990,85
MOL,0,20101217,093413,19530,188
RICHTER,0,20101217,093413,42845,32
RICHTER,0,20101217,093413,42840,27
OTP,0,20101217,093413,5264,42
OTP,0,20101217,093413,5264,719
MTELEKOM,0,20101217,093413,521,2810
MTELEKOM,0,20101217,093413,521,1623
EGIS,0,20101217,093417,20435,15
MOL,0,20101217,093417,19580,300
MTELEKOM,0,20101217,093417,522,5000
OTP,0,20101217,093417,5272,239
RICHTER,0,20101217,093417,42995,115
MTELEKOM,0,20101217,093418,521,1698
MOL,0,20101217,093419,19530,11
MOL,0,20101217,093419,19525,177
RICHTER,0,20101217,093419,42980,5
RICHTER,0,20101217,093419,42835,14
RICHTER,0,20101217,093419,42830,40
OTP,0,20101217,093419,5264,281
OTP,0,20101217,093419,5263,480
PHYLAXIA,0,20101217,093419,46,100
PHYLAXIA,0,20101217,093419,46,9900
MTELEKOM,0,20101217,093420,521,2810
EGIS,0,20101217,093422,20440,22
MOL,0,20101217,093422,19585,350
MTELEKOM,0,20101217,093423,522,5000
OTP,0,20101217,093423,5272,1000
RICHTER,0,20101217,093423,42990,35
MOL,0,20101217,093427,19535,100
MOL,0,20101217,093427,19530,88
RICHTER,0,20101217,093427,42835,40
RICHTER,0,20101217,093427,42835,19
OTP,0,20101217,093427,5263,761
MTELEKOM,0,20101217,093428,522,1000
MTELEKOM,0,20101217,093428,521,319
MTELEKOM,0,20101217,093428,521,2000
MTELEKOM,0,20101217,093428,521,491
DANUBIUS,0,20101217,093428,4300,262
MTELEKOM,0,20101217,093432,522,300
MTELEKOM,0,20101217,093433,522,106
BUX1112,0,20101217,093442,21899,5
BUX1012,0,20101217,093447,21315,1
EGIS,0,20101217,093447,20445,40
MOL,0,20101217,093448,19585,150
MTELEKOM,0,20101217,093448,522,1683
MTELEKOM,0,20101217,093448,522,3317
OTP,0,20101217,093448,5272,1000
RICHTER,0,20101217,093448,42980,115
EGIS,0,20101217,093450,20445,10
FHB,0,20101217,093450,955,300
MOL,0,20101217,093450,19585,200
MTELEKOM,0,20101217,093451,522,1683
MTELEKOM,0,20101217,093451,522,115
MTELEKOM,0,20101217,093451,522,3202
OTP,0,20101217,093451,5273,1000
OTP,0,20101217,093451,5273,500
RICHTER,0,20101217,093451,42980,85
MOL,0,20101217,093457,19535,188
RICHTER,0,20101217,093457,42855,50
RICHTER,0,20101217,093457,42850,9
OTP,0,20101217,093457,5264,761
MTELEKOM,0,20101217,093457,521,2810
KEG,0,20101217,093509,157,350
KEG,0,20101217,093509,157,3000
KEG,0,20101217,093509,157,1207
EGIS,0,20101217,093521,20450,5
EGIS,0,20101217,093521,20450,35
MOL,0,20101217,093521,19585,150
MOL,0,20101217,093521,19585,150
MOL,0,20101217,093521,19585,50
MTELEKOM,0,20101217,093521,522,1798
MTELEKOM,0,20101217,093521,522,3202
OTP,0,20101217,093521,5270,1000
RICHTER,0,20101217,093521,42985,37
RICHTER,0,20101217,093521,42985,78
OTP,0,20101217,093524,5272,40
MOL,0,20101217,093529,19535,62
MOL,0,20101217,093529,19530,112
MOL,0,20101217,093529,19530,14
RICHTER,0,20101217,093529,42865,59
OTP,0,20101217,093529,5265,761
MTELEKOM,0,20101217,093529,521,2810
EGIS,0,20101217,093530,20450,15
EGIS,0,20101217,093530,20450,25
MOL,0,20101217,093530,19570,350
MTELEKOM,0,20101217,093530,522,1798
MTELEKOM,0,20101217,093530,522,3202
OTP,0,20101217,093530,5272,1460
RICHTER,0,20101217,093530,42980,100
MOL,0,20101217,093534,19530,136
MOL,0,20101217,093534,19530,1
MOL,0,20101217,093534,19525,13
MOL,0,20101217,093534,19525,38
RICHTER,0,20101217,093534,42905,59
OTP,0,20101217,093534,5265,189
OTP,0,20101217,093534,5265,572
MTELEKOM,0,20101217,093534,521,2810
EGIS,0,20101217,093535,20450,20
MOL,0,20101217,093536,19570,100
MTELEKOM,0,20101217,093536,522,5000
OTP,0,20101217,093536,5272,761
RICHTER,0,20101217,093536,42950,115
MTELEKOM,0,20101217,093537,521,399
MOL,0,20101217,093540,19530,188
RICHTER,0,20101217,093540,42905,39
RICHTER,0,20101217,093540,42870,20
OTP,0,20101217,093540,5265,428
OTP,0,20101217,093540,5265,333
MTELEKOM,0,20101217,093540,521,2810
BUX1012,0,20101217,093543,21330,5
FHB,0,20101217,093558,954,50
FHB,0,20101217,093558,954,400
OTP,0,20101217,093604,5267,1000
MOL,0,20101217,093621,19535,200
BUX1012,0,20101217,093624,21330,7
EGIS,0,20101217,093626,20450,40
MOL,0,20101217,093626,19570,100
MOL,0,20101217,093626,19570,250
MTELEKOM,0,20101217,093626,522,1798
MTELEKOM,0,20101217,093626,522,3202
OTP,0,20101217,093626,5272,800
RICHTER,0,20101217,093626,42945,20
MTELEKOM,0,20101217,093627,521,902
EGIS,0,20101217,093632,20450,40
MOL,0,20101217,093632,19550,350
MTELEKOM,0,20101217,093632,522,1798
MTELEKOM,0,20101217,093632,522,3202
OTP,0,20101217,093632,5273,500
RICHTER,0,20101217,093632,42945,100
MTELEKOM,0,20101217,093635,521,1062
MTELEKOM,0,20101217,093637,522,1798
MTELEKOM,0,20101217,093637,522,202
EGIS,0,20101217,093638,20450,40
MOL,0,20101217,093638,19550,150
MTELEKOM,0,20101217,093638,522,189
MTELEKOM,0,20101217,093638,522,4811
OTP,0,20101217,093638,5273,1000
OTP,0,20101217,093638,5273,67
RICHTER,0,20101217,093639,42950,85
RICHTER,0,20101217,093639,42950,30
MTELEKOM,0,20101217,093639,521,1091
MTELEKOM,0,20101217,093642,521,936
MOL,0,20101217,093650,19530,12
MOL,0,20101217,093650,19530,100
MOL,0,20101217,093650,19530,76
RICHTER,0,20101217,093650,42880,59
OTP,0,20101217,093650,5267,761
MTELEKOM,0,20101217,093650,521,2810
MTELEKOM,0,20101217,093652,521,870
MTELEKOM,0,20101217,093655,521,199
MTELEKOM,0,20101217,093655,521,10000
MTELEKOM,0,20101217,093655,521,20
FHB,0,20101217,093657,953,500
FHB,0,20101217,093657,953,100
FHB,0,20101217,093657,953,100
BUX1012,0,20101217,093701,21330,35
BUX1112,0,20101217,093701,21899,1
BUX1112,0,20101217,093701,21900,199
BUX1112,0,20101217,093701,21900,1
BUX1112,0,20101217,093701,21900,5
OTP,0,20101217,093702,5274,68
OTP,0,20101217,093707,5267,5
MTELEKOM,0,20101217,093708,520,10
MTELEKOM,0,20101217,093708,520,16
MTELEKOM,0,20101217,093708,520,300
MTELEKOM,0,20101217,093708,520,225
MTELEKOM,0,20101217,093708,520,325
MTELEKOM,0,20101217,093708,520,300
MTELEKOM,0,20101217,093708,520,817
MOL,0,20101217,093710,19530,24
MOL,0,20101217,093710,19525,162
MOL,0,20101217,093710,19525,2
RICHTER,0,20101217,093710,42885,50
RICHTER,0,20101217,093710,42880,9
OTP,0,20101217,093710,5267,234
OTP,0,20101217,093710,5266,527
MTELEKOM,0,20101217,093710,520,2810
MTELEKOM,0,20101217,093711,520,870
MTELEKOM,0,20101217,093712,521,157
MTELEKOM,0,20101217,093712,521,5843
MTELEKOM,0,20101217,093713,520,1237
MTELEKOM,0,20101217,093714,520,4266
MTELEKOM,0,20101217,093714,520,2000
MTELEKOM,0,20101217,093714,520,6300
MTELEKOM,0,20101217,093714,520,2000
MTELEKOM,0,20101217,093714,520,1000
BUX1012,0,20101217,093715,21330,10
MOL,0,20101217,093716,19525,198
MOL,0,20101217,093716,19525,102
MOL,0,20101217,093722,19550,10
MTELEKOM,0,20101217,093724,519,50
MTELEKOM,0,20101217,093724,519,2435
MTELEKOM,0,20101217,093724,519,65
MTELEKOM,0,20101217,093724,519,85
MTELEKOM,0,20101217,093725,520,800
MTELEKOM,0,20101217,093726,519,495
MTELEKOM,0,20101217,093726,519,492
BUX1012,0,20101217,093727,21322,2
BUX1012,0,20101217,093739,21330,14
BUX1012,0,20101217,093739,21330,6
MTELEKOM,0,20101217,093741,520,437
MTELEKOM,0,20101217,093741,520,5000
MTELEKOM,0,20101217,093741,520,24563
MTELEKOM,0,20101217,093742,519,1328
PANNERGY,0,20101217,093746,879,42
PANNERGY,0,20101217,093746,879,100
MOL,0,20101217,093747,19525,80
MTELEKOM,0,20101217,093747,519,180
MTELEKOM,0,20101217,093747,519,1000
MTELEKOM,0,20101217,093747,519,1772
MOL,0,20101217,093748,19525,18
MOL,0,20101217,093748,19520,600
MOL,0,20101217,093748,19520,500
MOL,0,20101217,093751,19515,24
MOL,0,20101217,093751,19515,176
MOL,0,20101217,093757,19515,124
MOL,0,20101217,093757,19505,76
BUX1012,0,20101217,093758,21330,2
EGIS,0,20101217,093800,20435,40
MOL,0,20101217,093800,19520,80
MOL,0,20101217,093800,19520,270
MTELEKOM,0,20101217,093800,520,5000
OTP,0,20101217,093801,5269,1500
RICHTER,0,20101217,093801,42950,115
MTELEKOM,0,20101217,093801,519,1670
EGIS,0,20101217,093804,20435,5
MOL,0,20101217,093804,19520,350
MTELEKOM,0,20101217,093805,520,437
MTELEKOM,0,20101217,093805,520,4563
OTP,0,20101217,093805,5269,300
RICHTER,0,20101217,093805,42945,100
MOL,0,20101217,093805,19505,90
MTELEKOM,0,20101217,093806,519,558
MTELEKOM,0,20101217,093806,519,643
MOL,0,20101217,093807,19505,208
MOL,0,20101217,093807,19500,624
MOL,0,20101217,093807,19500,10
MOL,0,20101217,093807,19500,8
KEG,0,20101217,093808,156,2820
EGIS,0,20101217,093808,20440,18
MOL,0,20101217,093809,19500,90
MTELEKOM,0,20101217,093809,520,5000
OTP,0,20101217,093809,5269,1000
RICHTER,0,20101217,093809,42950,55
MTELEKOM,0,20101217,093811,519,1116
MOL,0,20101217,093812,19505,500
EGIS,0,20101217,093813,20450,36
EGIS,0,20101217,093813,20450,4
MOL,0,20101217,093813,19520,180
MTELEKOM,0,20101217,093813,520,437
MTELEKOM,0,20101217,093813,520,2251
MTELEKOM,0,20101217,093813,520,2312
OTP,0,20101217,093813,5270,1000
RICHTER,0,20101217,093814,42965,50
MTELEKOM,0,20101217,093815,519,1101
MOL,0,20101217,093818,19495,300
BUX1112,0,20101217,093818,21901,1
MOL,0,20101217,093821,19480,139
MOL,0,20101217,093821,19470,26
MOL,0,20101217,093821,19470,23
RICHTER,0,20101217,093821,42880,59
OTP,0,20101217,093821,5266,473
OTP,0,20101217,093821,5265,288
OTP,0,20101217,093821,5270,1500
OTP,0,20101217,093821,5270,527
MTELEKOM,0,20101217,093821,519,2140
MTELEKOM,0,20101217,093821,519,670
EGIS,0,20101217,093827,20450,40
MOL,0,20101217,093827,19490,37
MOL,0,20101217,093827,19490,313
MTELEKOM,0,20101217,093828,520,3688
MTELEKOM,0,20101217,093828,520,1000
MTELEKOM,0,20101217,093828,520,312
OTP,0,20101217,093828,5272,1500
RICHTER,0,20101217,093828,42965,19
MTELEKOM,0,20101217,093829,519,1368
EGIS,0,20101217,093830,20450,40
MOL,0,20101217,093831,19490,287
MTELEKOM,0,20101217,093831,520,538
MTELEKOM,0,20101217,093831,520,4462
OTP,0,20101217,093831,5273,1303
OTP,0,20101217,093831,5273,10
RICHTER,0,20101217,093831,42970,100
MTELEKOM,0,20101217,093832,519,1070
EGIS,0,20101217,093835,20450,16
EGIS,0,20101217,093835,20450,24
MOL,0,20101217,093835,19495,54
MTELEKOM,0,20101217,093835,520,538
OTP,0,20101217,093836,5274,193
OTP,0,20101217,093836,5274,39
OTP,0,20101217,093836,5274,8
OTP,0,20101217,093836,5274,1000
OTP,0,20101217,093836,5274,260
RICHTER,0,20101217,093836,42950,115
OTP,0,20101217,093836,5274,340
OTP,0,20101217,093836,5275,660
BUX1112,0,20101217,093837,21900,1
MOL,0,20101217,093837,19470,177
MOL,0,20101217,093837,19470,11
RICHTER,0,20101217,093837,42880,5
RICHTER,0,20101217,093837,42880,8
RICHTER,0,20101217,093837,42875,46
OTP,0,20101217,093837,5270,761
MTELEKOM,0,20101217,093838,519,1892
MTELEKOM,0,20101217,093838,519,110
MTELEKOM,0,20101217,093838,518,808
BUX1112,0,20101217,093840,21900,10
EGIS,0,20101217,093843,20445,40
MOL,0,20101217,093843,19520,200
MOL,0,20101217,093843,19520,150
MTELEKOM,0,20101217,093843,520,131
MTELEKOM,0,20101217,093843,520,4869
OTP,0,20101217,093843,5273,600
RICHTER,0,20101217,093844,42950,85
MTELEKOM,0,20101217,093845,518,172
MTELEKOM,0,20101217,093845,518,100
MTELEKOM,0,20101217,093845,518,50
MTELEKOM,0,20101217,093845,518,1374
MTELEKOM,0,20101217,093847,520,250
MOL,0,20101217,093852,19470,188
RICHTER,0,20101217,093852,42880,59
OTP,0,20101217,093852,5271,761
RFV,0,20101217,093852,8499,50
RFV,0,20101217,093852,8500,794
RFV,0,20101217,093852,8500,20
RFV,0,20101217,093852,8500,13
RFV,0,20101217,093852,8500,40
MTELEKOM,0,20101217,093852,518,1626
MTELEKOM,0,20101217,093852,518,500
MTELEKOM,0,20101217,093852,518,684
MTELEKOM,0,20101217,093854,518,856
MOL,0,20101217,093907,19500,50
BUX1012,0,20101217,093907,21330,15
FHB,0,20101217,093915,953,200
OTP,0,20101217,093928,5271,239
OTP,0,20101217,093928,5270,234
RICHTER,0,20101217,093932,42900,50
RICHTER,0,20101217,093932,42900,50
MOL,0,20101217,093937,19495,500
BUX1012,0,20101217,093937,21322,2
MOL,0,20101217,093954,19480,188
RICHTER,0,20101217,093954,42880,17
RICHTER,0,20101217,093954,42880,42
OTP,0,20101217,093954,5270,761
MTELEKOM,0,20101217,093954,519,2810
MTELEKOM,0,20101217,093957,520,70
MTELEKOM,0,20101217,093957,520,117
MTELEKOM,0,20101217,093957,520,4613
MTELEKOM,0,20101217,093958,519,1524
OTP,0,20101217,093958,5270,500
MTELEKOM,0,20101217,094004,520,387
MTELEKOM,0,20101217,094004,520,2613
EGIS,0,20101217,094004,20445,5
EGIS,0,20101217,094004,20445,35
MOL,0,20101217,094004,19490,350
MTELEKOM,0,20101217,094004,520,2387
MTELEKOM,0,20101217,094004,520,2613
OTP,0,20101217,094005,5272,500
RICHTER,0,20101217,094005,42900,115
MTELEKOM,0,20101217,094006,519,1244
OTP,0,20101217,094007,5270,717
EGIS,0,20101217,094007,20445,40
MOL,0,20101217,094007,19490,350
MTELEKOM,0,20101217,094007,520,3327
OTP,0,20101217,094007,5273,950
OTP,0,20101217,094007,5273,550
RICHTER,0,20101217,094008,42900,85
RICHTER,0,20101217,094008,42900,14
EGIS,0,20101217,094010,20445,25
MOL,0,20101217,094010,19490,100
MTELEKOM,0,20101217,094010,521,157
MTELEKOM,0,20101217,094010,521,4843
RICHTER,0,20101217,094010,42880,258
OTP,0,20101217,094010,5273,450
OTP,0,20101217,094010,5273,500
RICHTER,0,20101217,094011,42945,100
MOL,0,20101217,094012,19480,173
MOL,0,20101217,094012,19475,227
MOL,0,20101217,094013,19475,188
RICHTER,0,20101217,094014,42875,54
RICHTER,0,20101217,094014,42870,5
OTP,0,20101217,094014,5266,761
MTELEKOM,0,20101217,094014,519,2583
MTELEKOM,0,20101217,094014,519,227
PHYLAXIA,0,20101217,094015,47,10
RICHTER,0,20101217,094017,42870,95
RICHTER,0,20101217,094017,42860,300
FHB,0,20101217,094019,953,70
FHB,0,20101217,094019,953,300
FHB,0,20101217,094019,953,100
RICHTER,0,20101217,094020,42850,200
RFV,0,20101217,094025,8510,42
EGIS,0,20101217,094032,20440,40
MOL,0,20101217,094032,19495,50
MTELEKOM,0,20101217,094032,521,157
MTELEKOM,0,20101217,094032,521,4843
OTP,0,20101217,094032,5274,800
OTP,0,20101217,094032,5274,700
RICHTER,0,20101217,094032,42890,115
RICHTER,0,20101217,094034,42830,200
BUX1112,0,20101217,094034,21900,24
OTP,0,20101217,094034,5273,40
OTP,0,20101217,094034,5274,100
OTP,0,20101217,094034,5274,236
OTP,0,20101217,094034,5275,340
OTP,0,20101217,094034,5275,284
EGIS,0,20101217,094035,20440,5
MOL,0,20101217,094035,19495,10
MTELEKOM,0,20101217,094035,521,5000
OTP,0,20101217,094036,5275,1500
RICHTER,0,20101217,094036,42885,100
RICHTER,0,20101217,094036,42885,15
EGIS,0,20101217,094038,20450,26
EGIS,0,20101217,094038,20450,14
MOL,0,20101217,094038,19500,300
MOL,0,20101217,094038,19500,50
MTELEKOM,0,20101217,094039,521,157
MTELEKOM,0,20101217,094039,521,4843
OTP,0,20101217,094039,5275,1406
RICHTER,0,20101217,094039,42870,98
MOL,0,20101217,094041,19475,85
MOL,0,20101217,094041,19470,103
RICHTER,0,20101217,094041,42830,17
RICHTER,0,20101217,094041,42800,21
RICHTER,0,20101217,094041,42800,21
OTP,0,20101217,094041,5267,761
MTELEKOM,0,20101217,094041,520,2000
MTELEKOM,0,20101217,094041,519,810
KEG,0,20101217,094049,156,180
KEG,0,20101217,094049,155,4820
OTP,0,20101217,094055,5275,239
ANY,0,20101217,094100,730,155
EGIS,0,20101217,094103,20445,40
MOL,0,20101217,094103,19490,350
MTELEKOM,0,20101217,094103,521,157
OTP,0,20101217,094103,5276,1074
RICHTER,0,20101217,094104,42890,115
MTELEKOM,0,20101217,094104,520,20
EGIS,0,20101217,094105,20445,5
MOL,0,20101217,094105,19490,350
MTELEKOM,0,20101217,094106,522,5000
OTP,0,20101217,094106,5277,1000
OTP,0,20101217,094106,5277,500
RICHTER,0,20101217,094106,42890,70
MTELEKOM,0,20101217,094107,520,897
MOL,0,20101217,094108,19480,1000
EGIS,0,20101217,094108,20450,36
MOL,0,20101217,094108,19490,100
MTELEKOM,0,20101217,094108,522,1500
MTELEKOM,0,20101217,094108,522,3500
OTP,0,20101217,094108,5275,1500
RICHTER,0,20101217,094109,42900,115
MTELEKOM,0,20101217,094109,520,1061
FHB,0,20101217,094109,952,1000
FHB,0,20101217,094109,952,10
MOL,0,20101217,094111,19475,188
RICHTER,0,20101217,094111,42805,59
OTP,0,20101217,094111,5270,761
MTELEKOM,0,20101217,094111,520,22
MTELEKOM,0,20101217,094111,520,2000
MTELEKOM,0,20101217,094111,520,788
OTP,0,20101217,094127,5271,600
MTELEKOM,0,20101217,094142,521,1000
MOL,0,20101217,094144,19475,212
MOL,0,20101217,094144,19475,300
MOL,0,20101217,094144,19470,288
RICHTER,0,20101217,094145,42825,32
BUX1012,0,20101217,094152,21323,2
FHB,0,20101217,094206,951,200
FHB,0,20101217,094206,951,400
MTELEKOM,0,20101217,094207,521,496
MTELEKOM,0,20101217,094207,521,1000
MTELEKOM,0,20101217,094207,522,4
FHB,0,20101217,094219,952,2000
OTP,0,20101217,094219,5270,239
OTP,0,20101217,094219,5270,200
OTP,0,20101217,094219,5270,1000
KEG,0,20101217,094223,155,1680
KEG,0,20101217,094226,154,500
KEG,0,20101217,094226,154,250
TVK,0,20101217,094230,3355,10
TVK,0,20101217,094230,3355,11
TVK,0,20101217,094230,3355,19
BUX1012,0,20101217,094233,21320,3
BUX1012,0,20101217,094233,21315,10
BUX1012,0,20101217,094233,21315,18
MOL,0,20101217,094237,19470,9
MOL,0,20101217,094237,19470,41
MOL,0,20101217,094237,19470,9
MOL,0,20101217,094237,19470,179
RICHTER,0,20101217,094237,42810,59
OTP,0,20101217,094237,5267,239
OTP,0,20101217,094237,5266,160
OTP,0,20101217,094237,5266,362
MTELEKOM,0,20101217,094237,520,982
MTELEKOM,0,20101217,094237,520,1828
MOL,0,20101217,094242,19470,121
MOL,0,20101217,094242,19465,67
RICHTER,0,20101217,094242,42810,50
RICHTER,0,20101217,094242,42805,9
OTP,0,20101217,094242,5266,761
MTELEKOM,0,20101217,094242,520,2810
FHB,0,20101217,094244,952,200
FHB,0,20101217,094244,952,500
MTELEKOM,0,20101217,094244,520,1159
MTELEKOM,0,20101217,094303,521,4460
MTELEKOM,0,20101217,094305,520,1012
OTP,0,20101217,094310,5267,140
FHB,0,20101217,094315,955,36
FHB,0,20101217,094315,955,164
MOL,0,20101217,094315,19475,188
RICHTER,0,20101217,094316,42805,6
RICHTER,0,20101217,094316,42800,53
OTP,0,20101217,094316,5266,761
MTELEKOM,0,20101217,094316,520,2810
MOL,0,20101217,094317,19495,300
BUX1112,0,20101217,094317,21881,2
KEG,0,20101217,094320,154,50
MOL,0,20101217,094323,19475,12
MOL,0,20101217,094323,19470,176
RICHTER,0,20101217,094323,42800,26
RICHTER,0,20101217,094323,42800,33
OTP,0,20101217,094323,5266,239
OTP,0,20101217,094323,5266,100
OTP,0,20101217,094323,5265,422
MTELEKOM,0,20101217,094323,520,381
MTELEKOM,0,20101217,094323,520,2429
MTELEKOM,0,20101217,094325,520,1194
FHB,0,20101217,094326,952,100
FHB,0,20101217,094326,952,500
PANNERGY,0,20101217,094327,878,70
BUX1012,0,20101217,094327,21317,2
OTP,0,20101217,094327,5265,1957
OTP,0,20101217,094327,5265,1000
RFV,0,20101217,094329,8550,32
MOL,0,20101217,094334,19470,185
MOL,0,20101217,094334,19465,3
RICHTER,0,20101217,094334,42800,59
OTP,0,20101217,094334,5264,761
MTELEKOM,0,20101217,094334,520,2810
MTELEKOM,0,20101217,094337,520,7530
BUX1012,0,20101217,094342,21327,4
EGIS,0,20101217,094346,20465,40
MOL,0,20101217,094346,19490,350
MTELEKOM,0,20101217,094346,520,154
OTP,0,20101217,094346,5269,1500
RICHTER,0,20101217,094346,42890,30
MTELEKOM,0,20101217,094347,519,2076
EGIS,0,20101217,094351,20465,5
EGIS,0,20101217,094351,20465,35
MOL,0,20101217,094351,19485,300
MTELEKOM,0,20101217,094351,521,540
MTELEKOM,0,20101217,094351,521,4460
OTP,0,20101217,094351,5268,261
RICHTER,0,20101217,094351,42895,115
MTELEKOM,0,20101217,094352,519,1302
DANUBIUS,0,20101217,094353,4300,438
EGIS,0,20101217,094356,20465,10
MOL,0,20101217,094356,19490,250
MOL,0,20101217,094356,19490,50
MTELEKOM,0,20101217,094356,521,540
MTELEKOM,0,20101217,094356,521,4460
OTP,0,20101217,094356,5269,549
OTP,0,20101217,094356,5269,951
RICHTER,0,20101217,094357,42895,44
MTELEKOM,0,20101217,094358,519,1134
MOL,0,20101217,094359,19465,188
RICHTER,0,20101217,094359,42810,40
RICHTER,0,20101217,094359,42805,19
OTP,0,20101217,094359,5264,239
OTP,0,20101217,094359,5264,522
MTELEKOM,0,20101217,094400,519,2810
MOL,0,20101217,094400,19465,192
MOL,0,20101217,094402,19465,808
MOL,0,20101217,094404,19460,188
RICHTER,0,20101217,094404,42810,36
RICHTER,0,20101217,094404,42805,23
OTP,0,20101217,094404,5264,530
OTP,0,20101217,094404,5263,132
OTP,0,20101217,094404,5263,99
MTELEKOM,0,20101217,094404,519,2810
MTELEKOM,0,20101217,094406,519,1216
PANNERGY,0,20101217,094410,880,500
MOL,0,20101217,094411,19460,188
RICHTER,0,20101217,094411,42805,52
RICHTER,0,20101217,094411,42805,7
OTP,0,20101217,094411,5263,761
MTELEKOM,0,20101217,094411,519,2810
OTP,0,20101217,094413,5264,4
OTP,0,20101217,094414,5264,996
MOL,0,20101217,094418,19460,224
SYNERGON,0,20101217,094419,486,1021
SYNERGON,0,20101217,094419,486,279
OTP,0,20101217,094419,5263,1500
KEG,0,20101217,094422,155,952
KEG,0,20101217,094422,155,1000
KEG,0,20101217,094422,155,1000
MOL,0,20101217,094427,19430,15
MOL,0,20101217,094427,19430,173
RICHTER,0,20101217,094427,42805,59
OTP,0,20101217,094427,5263,761
MTELEKOM,0,20101217,094428,519,2810
MTELEKOM,0,20101217,094429,519,1231
KEG,0,20101217,094436,155,550
MOL,0,20101217,094441,19430,188
KEG,0,20101217,094441,155,3000
RICHTER,0,20101217,094441,42805,34
RICHTER,0,20101217,094441,42800,25
OTP,0,20101217,094441,5263,761
OTP,0,20101217,094442,5263,1118
OTP,0,20101217,094442,5263,282
MTELEKOM,0,20101217,094442,519,2810
EGIS,0,20101217,094443,20460,40
MOL,0,20101217,094443,19475,100
MTELEKOM,0,20101217,094443,520,1000
MTELEKOM,0,20101217,094443,520,585
MTELEKOM,0,20101217,094443,520,3415
OTP,0,20101217,094443,5264,4
RICHTER,0,20101217,094443,42890,4
MTELEKOM,0,20101217,094444,519,908
OTP,0,20101217,094445,5264,1000
OTP,0,20101217,094445,5263,1718
EGIS,0,20101217,094446,20460,40
KEG,0,20101217,094446,155,2000
MOL,0,20101217,094446,19480,350
MTELEKOM,0,20101217,094446,520,1585
MTELEKOM,0,20101217,094446,520,3415
OTP,0,20101217,094446,5265,1000
RICHTER,0,20101217,094446,42895,10
RICHTER,0,20101217,094446,42895,105
MOL,0,20101217,094452,19430,188
RICHTER,0,20101217,094452,42805,59
EGIS,0,20101217,094452,20460,10
OTP,0,20101217,094452,5263,761
MOL,0,20101217,094452,19480,50
MOL,0,20101217,094452,19480,150
MOL,0,20101217,094452,19480,150
MTELEKOM,0,20101217,094452,519,2810
MTELEKOM,0,20101217,094452,520,2085
MTELEKOM,0,20101217,094452,520,121
OTP,0,20101217,094453,5266,500
RICHTER,0,20101217,094453,42895,115
KEG,0,20101217,094454,155,1498
OTP,0,20101217,094454,5263,30
MOL,0,20101217,094456,19430,51
MOL,0,20101217,094456,19430,137
EGIS,0,20101217,094457,20465,20
RICHTER,0,20101217,094457,42805,41
RICHTER,0,20101217,094457,42800,18
MOL,0,20101217,094457,19480,350
OTP,0,20101217,094457,5263,209
OTP,0,20101217,094457,5262,200
OTP,0,20101217,094457,5261,352
PHYLAXIA,0,20101217,094457,46,3000
MTELEKOM,0,20101217,094457,521,540
MTELEKOM,0,20101217,094457,521,4460
MTELEKOM,0,20101217,094457,519,273
MTELEKOM,0,20101217,094457,519,2500
MTELEKOM,0,20101217,094457,519,37
OTP,0,20101217,094457,5267,1000
RICHTER,0,20101217,094458,42895,80
RICHTER,0,20101217,094458,42895,17
MOL,0,20101217,094501,19430,188
RICHTER,0,20101217,094501,42800,59
OTP,0,20101217,094501,5262,761
MTELEKOM,0,20101217,094501,519,2810
OTP,0,20101217,094505,5262,239
OTP,0,20101217,094505,5261,331
MOL,0,20101217,094505,19430,188
RICHTER,0,20101217,094505,42800,59
OTP,0,20101217,094506,5265,200
OTP,0,20101217,094506,5261,317
OTP,0,20101217,094506,5260,244
MTELEKOM,0,20101217,094506,519,2810
BUX1012,0,20101217,094512,21318.5,3
DANUBIUS,0,20101217,094512,4300,62
DANUBIUS,0,20101217,094512,4300,438
OTP,0,20101217,094514,5265,200
PANNERGY,0,20101217,094514,880,955
MOL,0,20101217,094515,19470,1692
ANY,0,20101217,094515,725,21
BUX1112,0,20101217,094515,21879,2
BUX1112,0,20101217,094515,21878,13
BUX1112,0,20101217,094515,21877,1
FHB,0,20101217,094518,952,500
FHB,0,20101217,094518,952,150
BUX1012,0,20101217,094519,21318.5,2
BUX1012,0,20101217,094519,21318,3
BUX1012,0,20101217,094519,21316,1
BUX1012,0,20101217,094519,21315,6
BUX1012,0,20101217,094526,21312,1
BUX1112,0,20101217,094526,21879,1
EGIS,0,20101217,094527,20400,350
PANNERGY,0,20101217,094536,884,100
MOL,0,20101217,094540,19430,188
RICHTER,0,20101217,094540,42805,59
OTP,0,20101217,094541,5263,500
OTP,0,20101217,094541,5262,261
MTELEKOM,0,20101217,094541,519,2810
FHB,0,20101217,094542,955,100
MTELEKOM,0,20101217,094542,519,110
BUX1012,0,20101217,094555,21311.5,2
BUX1112,0,20101217,094555,21880,10
PHYLAXIA,0,20101217,094559,46,6000
BUX1112,0,20101217,094604,21899,1
BUX1112,0,20101217,094604,21900,1
PANNERGY,0,20101217,094608,884,149
ECONET,0,20101217,094609,91,2973
ECONET,0,20101217,094609,91,3492
MTELEKOM,0,20101217,094611,519,10
KEG,0,20101217,094612,153,250
KEG,0,20101217,094612,153,20
KEG,0,20101217,094612,153,530
KEG,0,20101217,094612,153,1000
KEG,0,20101217,094612,152,500
KEG,0,20101217,094612,152,2970
MOL,0,20101217,094619,19430,99
MOL,0,20101217,094619,19430,89
RICHTER,0,20101217,094619,42810,40
RICHTER,0,20101217,094619,42805,19
OTP,0,20101217,094619,5262,139
OTP,0,20101217,094619,5261,622
MTELEKOM,0,20101217,094620,519,1413
MTELEKOM,0,20101217,094620,519,1397
KEG,0,20101217,094621,152,208
KEG,0,20101217,094621,151,3333
KEG,0,20101217,094621,151,830
KEG,0,20101217,094621,150,10
KEG,0,20101217,094621,150,498
KEG,0,20101217,094621,150,1000
KEG,0,20101217,094621,150,1000
KEG,0,20101217,094621,150,900
KEG,0,20101217,094621,150,500
KEG,0,20101217,094621,150,1000
KEG,0,20101217,094621,150,952
SYNERGON,0,20101217,094624,486,50
DANUBIUS,0,20101217,094626,4300,20
MOL,0,20101217,094628,19470,16
MTELEKOM,0,20101217,094629,520,5000
OTP,0,20101217,094629,5267,700
RICHTER,0,20101217,094629,42900,40
MTELEKOM,0,20101217,094630,519,1427
BUX1012,0,20101217,094637,21312.5,4
BUX1112,0,20101217,094637,21880,4
BUX1012,0,20101217,094637,21311,6
BUX1112,0,20101217,094637,21880,6
PANNERGY,0,20101217,094637,884,100
MOL,0,20101217,094643,19430,188
RICHTER,0,20101217,094643,42805,22
RICHTER,0,20101217,094643,42805,31
RICHTER,0,20101217,094643,42805,6
OTP,0,20101217,094643,5262,761
MTELEKOM,0,20101217,094643,519,2810
MOL,0,20101217,094648,19470,350
MTELEKOM,0,20101217,094648,520,3000
MTELEKOM,0,20101217,094648,520,66
MTELEKOM,0,20101217,094648,520,1934
OTP,0,20101217,094648,5268,500
OTP,0,20101217,094648,5268,1000
RICHTER,0,20101217,094648,42905,100
MTELEKOM,0,20101217,094649,519,1303
RABA,0,20101217,094650,806,100
SYNERGON,0,20101217,094651,486,50
PANNERGY,0,20101217,094651,885,47
MOL,0,20101217,094656,19430,188
RICHTER,0,20101217,094657,42805,59
OTP,0,20101217,094657,5262,239
OTP,0,20101217,094657,5261,522
MTELEKOM,0,20101217,094657,519,2810
MTELEKOM,0,20101217,094658,519,1101
MOL,0,20101217,094700,19465,350
MTELEKOM,0,20101217,094700,520,3066
MTELEKOM,0,20101217,094700,520,1934
OTP,0,20101217,094700,5269,549
OTP,0,20101217,094700,5269,951
MTELEKOM,0,20101217,094700,520,4006
MTELEKOM,0,20101217,094700,520,5000
RICHTER,0,20101217,094700,42915,31
MOL,0,20101217,094702,19430,400
MTELEKOM,0,20101217,094702,520,994
MOL,0,20101217,094703,19465,150
MTELEKOM,0,20101217,094703,520,4946
MTELEKOM,0,20101217,094703,520,54
OTP,0,20101217,094704,5268,1000
MOL,0,20101217,094704,19430,135
MOL,0,20101217,094704,19415,53
RICHTER,0,20101217,094704,42920,115
RICHTER,0,20101217,094704,42805,35
RICHTER,0,20101217,094704,42800,24
OTP,0,20101217,094704,5261,761
MTELEKOM,0,20101217,094705,519,2810
MOL,0,20101217,094706,19450,350
MTELEKOM,0,20101217,094707,520,5000
OTP,0,20101217,094707,5268,1000
RICHTER,0,20101217,094707,42920,85
BUX1012,0,20101217,094707,21311,19
MOL,0,20101217,094712,19450,150
MOL,0,20101217,094712,19470,650
MOL,0,20101217,094713,19415,27
MOL,0,20101217,094713,19410,150
MOL,0,20101217,094713,19405,11
RICHTER,0,20101217,094713,42805,59
OTP,0,20101217,094713,5261,761
RABA,0,20101217,094714,805,137
MTELEKOM,0,20101217,094714,519,2810
BUX1012,0,20101217,094714,21311,2
PANNERGY,0,20101217,094715,885,17
BUX1112,0,20101217,094727,21885,6
MOL,0,20101217,094736,19475,30
MOL,0,20101217,094736,19475,53
MTELEKOM,0,20101217,094736,520,4946
MTELEKOM,0,20101217,094736,520,54
OTP,0,20101217,094736,5269,49
OTP,0,20101217,094736,5269,200
OTP,0,20101217,094736,5269,1100
RICHTER,0,20101217,094736,42890,7
PHYLAXIA,0,20101217,094737,46,3600
MOL,0,20101217,094738,19480,50
MOL,0,20101217,094738,19480,100
MTELEKOM,0,20101217,094738,520,5000
OTP,0,20101217,094738,5272,1000
RICHTER,0,20101217,094739,42900,115
MOL,0,20101217,094740,19425,100
MOL,0,20101217,094740,19420,88
RICHTER,0,20101217,094741,42805,41
RICHTER,0,20101217,094741,42805,18
OTP,0,20101217,094741,5262,761
MTELEKOM,0,20101217,094741,519,2810
PANNERGY,0,20101217,094742,885,136
PANNERGY,0,20101217,094742,888,64
FHB,0,20101217,094745,952,50
FHB,0,20101217,094745,952,1000
FHB,0,20101217,094745,951,450
MOL,0,20101217,094748,19425,188
RICHTER,0,20101217,094748,42805,59
OTP,0,20101217,094748,5262,239
OTP,0,20101217,094748,5261,522
MTELEKOM,0,20101217,094748,519,2810
BUX1012,0,20101217,094751,21310,5
BUX1012,0,20101217,094754,21311,3
MOL,0,20101217,094755,19480,350
MTELEKOM,0,20101217,094755,520,4946
MTELEKOM,0,20101217,094755,520,54
OTP,0,20101217,094755,5272,1000
RICHTER,0,20101217,094756,42900,85
MOL,0,20101217,094758,19480,350
MTELEKOM,0,20101217,094758,520,245
MTELEKOM,0,20101217,094758,520,4755
OTP,0,20101217,094758,5270,600
RICHTER,0,20101217,094758,42930,50
MTELEKOM,0,20101217,094758,520,245
FHB,0,20101217,094759,951,150
FHB,0,20101217,094759,951,10
FHB,0,20101217,094759,951,300
FHB,0,20101217,094759,951,300
FHB,0,20101217,094759,951,500
MTELEKOM,0,20101217,094759,520,8089
PANNERGY,0,20101217,094759,888,136
PANNERGY,0,20101217,094759,888,78
MOL,0,20101217,094800,19425,62
MOL,0,20101217,094800,19425,100
MOL,0,20101217,094800,19420,26
RICHTER,0,20101217,094801,42805,23
RICHTER,0,20101217,094801,42800,36
MOL,0,20101217,094801,19475,188
OTP,0,20101217,094801,5262,761
MTELEKOM,0,20101217,094801,521,540
MTELEKOM,0,20101217,094801,521,4460
MTELEKOM,0,20101217,094801,520,2810
OTP,0,20101217,094801,5273,1000
RICHTER,0,20101217,094801,42935,115
PANNERGY,0,20101217,094804,888,222
MOL,0,20101217,094805,19420,188
RICHTER,0,20101217,094806,42800,59
OTP,0,20101217,094806,5263,761
MTELEKOM,0,20101217,094806,520,2810
EGIS,0,20101217,094807,20400,89
MOL,0,20101217,094810,19420,188
RICHTER,0,20101217,094810,42800,59
OTP,0,20101217,094811,5263,239
OTP,0,20101217,094811,5262,522
MTELEKOM,0,20101217,094811,520,2810
MOL,0,20101217,094813,19475,200
MOL,0,20101217,094813,19475,150
MTELEKOM,0,20101217,094813,521,5000
OTP,0,20101217,094813,5273,1000
RICHTER,0,20101217,094813,42930,100
MOL,0,20101217,094816,19475,12
MTELEKOM,0,20101217,094816,521,540
MTELEKOM,0,20101217,094816,521,4460
OTP,0,20101217,094816,5275,100
OTP,0,20101217,094816,5275,66
RICHTER,0,20101217,094816,42935,115
MOL,0,20101217,094817,19420,10
MOL,0,20101217,094817,19420,50
MOL,0,20101217,094817,19420,128
RICHTER,0,20101217,094817,42805,59
OTP,0,20101217,094817,5262,717
OTP,0,20101217,094817,5261,44
MTELEKOM,0,20101217,094817,520,2810
MOL,0,20101217,094819,19475,350
MTELEKOM,0,20101217,094819,521,540
MTELEKOM,0,20101217,094819,521,4460
OTP,0,20101217,094819,5277,500
OTP,0,20101217,094819,5277,500
RICHTER,0,20101217,094819,42935,115
MOL,0,20101217,094822,19475,6
MOL,0,20101217,094822,19425,100
MOL,0,20101217,094822,19420,88
RICHTER,0,20101217,094822,42810,59
OTP,0,20101217,094823,5261,761
MTELEKOM,0,20101217,094823,520,2426
MTELEKOM,0,20101217,094823,520,384
OTP,0,20101217,094825,5261,500
KEG,0,20101217,094825,153,500
MOL,0,20101217,094825,19420,34
MOL,0,20101217,094825,19415,154
RICHTER,0,20101217,094826,42810,41
RICHTER,0,20101217,094826,42805,18
OTP,0,20101217,094826,5261,507
OTP,0,20101217,094826,5261,254
MTELEKOM,0,20101217,094826,520,2810
ANY,0,20101217,094828,725,79
ANY,0,20101217,094828,724,66
MOL,0,20101217,094830,19470,150
MOL,0,20101217,094830,19470,100
MTELEKOM,0,20101217,094830,521,540
OTP,0,20101217,094830,5277,1500
RICHTER,0,20101217,094830,42930,100
MOL,0,20101217,094832,19470,100
MOL,0,20101217,094832,19470,200
MTELEKOM,0,20101217,094832,522,5000
OTP,0,20101217,094832,5277,500
RICHTER,0,20101217,094832,42935,115
MOL,0,20101217,094837,19475,144
MOL,0,20101217,094837,19475,206
MTELEKOM,0,20101217,094837,522,1496
MTELEKOM,0,20101217,094837,522,3504
OTP,0,20101217,094837,5278,1000
OTP,0,20101217,094837,5278,500
RICHTER,0,20101217,094837,42925,100
MOL,0,20101217,094838,19420,100
MOL,0,20101217,094838,19415,88
MTELEKOM,0,20101217,094838,520,386
RICHTER,0,20101217,094838,42830,32
RICHTER,0,20101217,094838,42810,27
OTP,0,20101217,094838,5262,761
MTELEKOM,0,20101217,094838,520,2810
PANNERGY,0,20101217,094840,889,283
PANNERGY,0,20101217,094840,889,125
PANNERGY,0,20101217,094840,889,91
PANNERGY,0,20101217,094842,890,200
BUX1012,0,20101217,094842,21300,1
BUX1112,0,20101217,094842,21880,1
BUX1012,0,20101217,094842,21300,89
BUX1112,0,20101217,094842,21870,89
MTELEKOM,0,20101217,094854,520,500
FHB,0,20101217,094901,950,800
FHB,0,20101217,094901,950,100
FHB,0,20101217,094901,950,65
FHB,0,20101217,094901,950,35
FOTEX,0,20101217,094904,395,300
FOTEX,0,20101217,094904,394,150
FOTEX,0,20101217,094904,394,500
FOTEX,0,20101217,094904,393,448
FOTEX,0,20101217,094904,393,200
FOTEX,0,20101217,094904,393,500
FOTEX,0,20101217,094918,393,500
BUX1012,0,20101217,094922,21312,3
BUX1012,0,20101217,094922,21318,1
BUX1012,0,20101217,094922,21319,9
MOL,0,20101217,094923,19425,188
RICHTER,0,20101217,094923,42820,23
RICHTER,0,20101217,094923,42810,36
OTP,0,20101217,094923,5265,176
OTP,0,20101217,094923,5263,585
MTELEKOM,0,20101217,094923,520,2810
MTELEKOM,0,20101217,094924,520,300
MTELEKOM,0,20101217,094924,520,871
PANNERGY,0,20101217,094928,890,60
PANNERGY,0,20101217,094928,890,99
PANNERGY,0,20101217,094928,891,1229
PANNERGY,0,20101217,094928,894,450
PANNERGY,0,20101217,094928,895,600
PANNERGY,0,20101217,094928,895,62
BUX1112,0,20101217,094931,21897,2
BUX1112,0,20101217,094931,21898,3
BUX1112,0,20101217,094931,21898,1
BUX1112,0,20101217,094931,21899,10
BUX1112,0,20101217,094931,21900,75
BUX1112,0,20101217,094931,21900,32
BUX1112,0,20101217,094931,21900,2
BUX1112,0,20101217,094941,21929,4
BUX1112,0,20101217,094941,21930,50
BUX1012,0,20101217,094941,21318,10
BUX1112,0,20101217,094941,21930,10
BUX1012,0,20101217,094941,21318,6
BUX1112,0,20101217,094941,21930,6
BUX1012,0,20101217,094941,21319,16
BUX1112,0,20101217,094941,21930,16
BUX1012,0,20101217,094941,21325,21
BUX1112,0,20101217,094941,21930,21
MOL,0,20101217,094951,19425,62
MOL,0,20101217,094951,19425,36
MOL,0,20101217,094951,19420,90
RICHTER,0,20101217,094951,42810,59
OTP,0,20101217,094951,5264,761
MTELEKOM,0,20101217,094951,520,892
MTELEKOM,0,20101217,094951,520,1918
FOTEX,0,20101217,094952,393,3000
PANNERGY,0,20101217,094954,895,438
MTELEKOM,0,20101217,095011,520,8082
MTELEKOM,0,20101217,095011,520,1918
MTELEKOM,0,20101217,095012,520,2172
SYNERGON,0,20101217,095013,486,5
SYNERGON,0,20101217,095013,491,12
FOTEX,0,20101217,095014,393,1045
MTELEKOM,0,20101217,095015,520,1000
MTELEKOM,0,20101217,095017,520,916
BUX1012,0,20101217,095018,21300,30
BUX1112,0,20101217,095018,21900,30
BUX1012,0,20101217,095018,21300,19
BUX1112,0,20101217,095018,21900,19
MOL,0,20101217,095019,19420,188
RICHTER,0,20101217,095019,42810,5
RICHTER,0,20101217,095019,42810,40
RICHTER,0,20101217,095019,42805,14
OTP,0,20101217,095019,5264,239
OTP,0,20101217,095019,5263,522
MTELEKOM,0,20101217,095020,520,2810
PANNERGY,0,20101217,095022,894,100
BUX1012,0,20101217,095023,21318,10
PANNERGY,0,20101217,095026,897,160
PANNERGY,0,20101217,095026,898,85
PANNERGY,0,20101217,095026,898,55
MTELEKOM,0,20101217,095028,521,1000
BUX1112,0,20101217,095029,21900.5,2
BUX1112,0,20101217,095029,21900,20
BUX1112,0,20101217,095029,21890,25
BUX1112,0,20101217,095029,21882,2
BUX1112,0,20101217,095029,21881,1
FOTEX,0,20101217,095032,393,1000
MOL,0,20101217,095037,19440,44
MTELEKOM,0,20101217,095037,522,5000
OTP,0,20101217,095037,5272,1000
RICHTER,0,20101217,095037,42900,115
MTELEKOM,0,20101217,095038,520,751
FOTEX,0,20101217,095039,393,1357
MOL,0,20101217,095040,19445,200
