<TICKER>,<PER>,<DTYYYYMMDD>,<TIME>,<CLOSE>,<VOLUME>
BUX1112,0,20101227,090025,21989.5,3
BUX1112,0,20101227,090025,21989.5,4
BUX1112,0,20101227,090025,21989.5,3
ANY,0,20101227,090050,706,80
ANY,0,20101227,090050,706,100
ANY,0,20101227,090050,706,50
ANY,0,20101227,090050,706,50
ANY,0,20101227,090050,706,10
EGIS,0,20101227,090050,20240,2
EGIS,0,20101227,090050,20240,10
FHB,0,20101227,090050,975,20
FHB,0,20101227,090050,975,150
FHB,0,20101227,090050,975,30
FOTEX,0,20101227,090050,383,400
FOTEX,0,20101227,090050,383,150
HUMET,0,20101227,090050,9,10000
MOL,0,20101227,090050,20400,1
MOL,0,20101227,090050,20400,39
MOL,0,20101227,090050,20400,11
MOL,0,20101227,090050,20400,42
MOL,0,20101227,090050,20400,8
MOL,0,20101227,090050,20400,5
MOL,0,20101227,090050,20400,15
MTELEKOM,0,20101227,090050,514,50
MTELEKOM,0,20101227,090050,514,100
MTELEKOM,0,20101227,090050,514,900
MTELEKOM,0,20101227,090050,514,367
MTELEKOM,0,20101227,090050,514,1000
MTELEKOM,0,20101227,090050,514,500
MTELEKOM,0,20101227,090050,514,83
MTELEKOM,0,20101227,090050,514,100
MTELEKOM,0,20101227,090050,514,317
MTELEKOM,0,20101227,090050,514,283
MTELEKOM,0,20101227,090050,514,200
MTELEKOM,0,20101227,090050,514,385
MTELEKOM,0,20101227,090050,514,100
MTELEKOM,0,20101227,090050,514,32
OTP,0,20101227,090050,5170,150
OTP,0,20101227,090050,5170,200
OTP,0,20101227,090050,5170,100
OTP,0,20101227,090050,5170,46
OTP,0,20101227,090050,5170,2
OTP,0,20101227,090050,5170,3
OTP,0,20101227,090050,5170,10
OTP,0,20101227,090050,5170,20
OTP,0,20101227,090050,5170,17
OTP,0,20101227,090050,5170,8
OTP,0,20101227,090050,5170,92
OTP,0,20101227,090050,5170,5
OTP,0,20101227,090050,5170,103
OTP,0,20101227,090050,5170,50
OTP,0,20101227,090050,5170,100
OTP,0,20101227,090050,5170,40
OTP,0,20101227,090050,5170,20
OTP,0,20101227,090050,5170,1000
OTP,0,20101227,090050,5170,187
OTP,0,20101227,090050,5170,283
OTP,0,20101227,090050,5170,717
OTP,0,20101227,090050,5170,47
PHYLAXIA,0,20101227,090050,44,2000
PHYLAXIA,0,20101227,090050,44,1000
PHYLAXIA,0,20101227,090050,44,100
PHYLAXIA,0,20101227,090050,44,100
RABA,0,20101227,090050,807,100
RABA,0,20101227,090050,807,46
RICHTER,0,20101227,090050,42700,28
RICHTER,0,20101227,090050,42700,7
RICHTER,0,20101227,090050,42700,15
RICHTER,0,20101227,090050,42700,6
RICHTER,0,20101227,090050,42700,9
RICHTER,0,20101227,090050,42700,5
RICHTER,0,20101227,090050,42700,18
ZWACK,0,20101227,090050,13350,30
ZWACK,0,20101227,090050,13350,75
ZWACK,0,20101227,090050,13350,3
ZWACK,0,20101227,090050,13350,20
MOL,0,20101227,090205,20400,16
MOL,0,20101227,090207,20400,8
MOL,0,20101227,090207,20400,70
MOL,0,20101227,090207,20400,100
RICHTER,0,20101227,090210,42700,14
OTP,0,20101227,090214,5170,1236
RICHTER,0,20101227,090217,42700,5
OTP,0,20101227,090228,5180,50
MTELEKOM,0,20101227,090248,515,400
MTELEKOM,0,20101227,090248,515,200
MTELEKOM,0,20101227,090248,515,1400
OTP,0,20101227,090251,5170,1078
OTP,0,20101227,090251,5165,175
OTP,0,20101227,090251,5165,30
OTP,0,20101227,090251,5165,300
OTP,0,20101227,090251,5163,50
OTP,0,20101227,090251,5161,13
OTP,0,20101227,090251,5161,200
OTP,0,20101227,090251,5161,100
OTP,0,20101227,090251,5160,86
OTP,0,20101227,090251,5160,19
OTP,0,20101227,090251,5160,20
OTP,0,20101227,090251,5160,58
OTP,0,20101227,090251,5160,60
OTP,0,20101227,090251,5160,20
OTP,0,20101227,090251,5160,10
OTP,0,20101227,090251,5160,12
OTP,0,20101227,090251,5157,35
OTP,0,20101227,090251,5155,17
OTP,0,20101227,090251,5155,200
OTP,0,20101227,090251,5155,200
OTP,0,20101227,090251,5155,50
OTP,0,20101227,090251,5155,25
OTP,0,20101227,090251,5153,20
OTP,0,20101227,090251,5152,800
OTP,0,20101227,090251,5151,100
OTP,0,20101227,090251,5151,18
OTP,0,20101227,090251,5151,68
OTP,0,20101227,090251,5151,32
OTP,0,20101227,090251,5151,128
OTP,0,20101227,090251,5151,375
MTELEKOM,0,20101227,090251,515,3100
OTP,0,20101227,090252,5160,100
OTP,0,20101227,090257,5160,50
RICHTER,0,20101227,090300,42700,3
OTP,0,20101227,090311,5160,50
OTP,0,20101227,090311,5160,7
OTP,0,20101227,090311,5181,1
MOL,0,20101227,090314,20400,16
BUX1112,0,20101227,090329,21950,1
OTP,0,20101227,090335,5160,42
MTELEKOM,0,20101227,090349,516,200
RICHTER,0,20101227,090351,42700,3
RICHTER,0,20101227,090356,42700,30
OTP,0,20101227,090401,5153,10
OTP,0,20101227,090401,5151,28
OTP,0,20101227,090416,5177,2
OTP,0,20101227,090419,5177,2
OTP,0,20101227,090445,5175,13
OTP,0,20101227,090445,5176,10
OTP,0,20101227,090445,5177,175
BUX1112,0,20101227,090446,21921.5,2
BUX1112,0,20101227,090446,21921,3
MTELEKOM,0,20101227,090455,516,1000
RABA,0,20101227,090511,802,2115
BUX1112,0,20101227,090517,21920.5,1
BUX1112,0,20101227,090517,21920,6
BUX1112,0,20101227,090517,21915,1
BUX1112,0,20101227,090517,21911,1
BUX1112,0,20101227,090517,21911,1
BUX1112,0,20101227,090517,21906,2
BUX1112,0,20101227,090517,21905.5,2
BUX1112,0,20101227,090517,21905,1
BUX1112,0,20101227,090517,21902,10
BUX1112,0,20101227,090520,21901.5,1
BUX1112,0,20101227,090520,21901,5
BUX1112,0,20101227,090520,21901,1
BUX1112,0,20101227,090520,21901,1
BUX1112,0,20101227,090520,21900,1
BUX1112,0,20101227,090520,21900,20
BUX1112,0,20101227,090520,21900,15
BUX1112,0,20101227,090520,21900,1
OTP,0,20101227,090524,5155,100
OTP,0,20101227,090524,5153,92
OTP,0,20101227,090529,5153,8
OTP,0,20101227,090529,5152,500
OTP,0,20101227,090529,5152,1400
OTP,0,20101227,090529,5151,92
BUX1112,0,20101227,090529,21900,5
OTP,0,20101227,090531,5151,308
OTP,0,20101227,090531,5151,100
OTP,0,20101227,090531,5151,120
OTP,0,20101227,090531,5150,8
OTP,0,20101227,090531,5150,50
OTP,0,20101227,090531,5150,50
OTP,0,20101227,090531,5150,600
OTP,0,20101227,090531,5150,261
OTP,0,20101227,090531,5150,853
OTP,0,20101227,090531,5150,23
OTP,0,20101227,090531,5150,190
OTP,0,20101227,090531,5150,20
OTP,0,20101227,090531,5150,40
OTP,0,20101227,090531,5150,377
OTP,0,20101227,090531,5150,400
OTP,0,20101227,090531,5150,125
OTP,0,20101227,090531,5150,316
OTP,0,20101227,090531,5150,115
OTP,0,20101227,090532,5150,8667
OTP,0,20101227,090532,5150,300
OTP,0,20101227,090532,5150,450
OTP,0,20101227,090532,5150,100
OTP,0,20101227,090532,5150,20
OTP,0,20101227,090532,5150,100
OTP,0,20101227,090532,5150,1000
OTP,0,20101227,090532,5150,13
OTP,0,20101227,090532,5149,20
MTELEKOM,0,20101227,090535,515,1000
OTP,0,20101227,090547,5150,5
OTP,0,20101227,090556,5148,20
PHYLAXIA,0,20101227,090601,44,62
OTP,0,20101227,090609,5145,100
OTP,0,20101227,090609,5145,21
OTP,0,20101227,090609,5145,50
OTP,0,20101227,090609,5140,5
OTP,0,20101227,090609,5140,300
OTP,0,20101227,090609,5140,50
OTP,0,20101227,090609,5137,35
OTP,0,20101227,090609,5135,8
OTP,0,20101227,090609,5135,18
OTP,0,20101227,090609,5135,100
OTP,0,20101227,090609,5133,100
OTP,0,20101227,090609,5133,155
OTP,0,20101227,090617,5133,1745
BUX1112,0,20101227,090630,21880,2
BUX1112,0,20101227,090630,21880,1
BUX1112,0,20101227,090630,21880,2
BUX1112,0,20101227,090630,21877,5
BUX1112,0,20101227,090630,21875.5,1
BUX1112,0,20101227,090630,21875,1
BUX1112,0,20101227,090630,21867,5
BUX1112,0,20101227,090630,21866,2
OTP,0,20101227,090636,5145,200
OTP,0,20101227,090637,5131,13
OTP,0,20101227,090637,5130,100
OTP,0,20101227,090637,5130,6
OTP,0,20101227,090637,5130,75
OTP,0,20101227,090637,5128,26
OTP,0,20101227,090637,5125,10
OTP,0,20101227,090637,5122,19
MTELEKOM,0,20101227,090648,515,500
MTELEKOM,0,20101227,090648,515,1380
BUX1112,0,20101227,090649,21899.5,1
BUX1112,0,20101227,090649,21900,2
OTP,0,20101227,090650,5130,106
BUX1112,0,20101227,090651,21900,7
BUX1112,0,20101227,090653,21863.5,1
MTELEKOM,0,20101227,090654,516,2000
OTP,0,20101227,090702,5130,100
OTP,0,20101227,090706,5131,70
OTP,0,20101227,090706,5130,130
OTP,0,20101227,090707,5131,200
OTP,0,20101227,090707,5130,1664
OTP,0,20101227,090707,5130,30
MTELEKOM,0,20101227,090713,515,1000
RICHTER,0,20101227,090745,42600,44
BUX1112,0,20101227,090753,21870,1
BUX1112,0,20101227,090753,21868,4
BUX1112,0,20101227,090753,21861,2
BUX1112,0,20101227,090753,21861,3
MOL,0,20101227,090756,20340,16
MTELEKOM,0,20101227,090814,515,620
MTELEKOM,0,20101227,090814,515,1480
MOL,0,20101227,090820,20390,100
BUX1112,0,20101227,090829,21875,5
BUX1112,0,20101227,090829,21872,1
BUX1112,0,20101227,090829,21861,4
PHYLAXIA,0,20101227,090912,44,2800
BUX1112,0,20101227,090956,21861,1
BUX1112,0,20101227,091014,21861,5
MTELEKOM,0,20101227,091029,515,20
MTELEKOM,0,20101227,091029,515,1980
MOL,0,20101227,091056,20360,25
MOL,0,20101227,091056,20350,5
OTP,0,20101227,091058,5135,20
OTP,0,20101227,091058,5133,10
OTP,0,20101227,091058,5132,1000
OTP,0,20101227,091058,5130,370
OTP,0,20101227,091058,5130,1000
OTP,0,20101227,091058,5130,50
OTP,0,20101227,091058,5130,23
OTP,0,20101227,091058,5130,27
OTP,0,20101227,091101,5130,138
OTP,0,20101227,091105,5130,55
OTP,0,20101227,091105,5130,173
OTP,0,20101227,091113,5127,5
OTP,0,20101227,091113,5125,1995
SYNERGON,0,20101227,091113,480,80
OTP,0,20101227,091119,5125,5
OTP,0,20101227,091119,5125,20
GENESIS,0,20101227,091129,191,50
OTP,0,20101227,091130,5122,15
BUX1112,0,20101227,091140,21865.5,1
OTP,0,20101227,091140,5122,175
FHB,0,20101227,091146,975,8
OTP,0,20101227,091157,5122,20
OTP,0,20101227,091158,5122,771
OTP,0,20101227,091158,5122,40
OTP,0,20101227,091158,5121,100
OTP,0,20101227,091158,5120,50
OTP,0,20101227,091158,5120,39
OTP,0,20101227,091158,5120,61
OTP,0,20101227,091158,5120,60
OTP,0,20101227,091158,5120,45
OTP,0,20101227,091158,5120,82
OTP,0,20101227,091158,5120,200
MOL,0,20101227,091159,20350,50
MTELEKOM,0,20101227,091200,515,624
MTELEKOM,0,20101227,091200,515,376
HUMET,0,20101227,091213,9,1000
MTELEKOM,0,20101227,091215,515,250
KEG,0,20101227,091216,142,100
RABA,0,20101227,091218,801,43
MTELEKOM,0,20101227,091224,515,874
MTELEKOM,0,20101227,091224,515,126
OTP,0,20101227,091228,5120,11
RICHTER,0,20101227,091235,42550,10
MTELEKOM,0,20101227,091239,515,200
OTP,0,20101227,091239,5120,62
OTP,0,20101227,091239,5115,100
OTP,0,20101227,091239,5111,53
OTP,0,20101227,091239,5111,20
OTP,0,20101227,091239,5111,300
OTP,0,20101227,091239,5111,100
OTP,0,20101227,091239,5111,400
OTP,0,20101227,091239,5111,166
OTP,0,20101227,091239,5110,9
OTP,0,20101227,091239,5110,100
OTP,0,20101227,091239,5110,50
OTP,0,20101227,091239,5110,25
OTP,0,20101227,091239,5110,200
OTP,0,20101227,091239,5110,10
OTP,0,20101227,091239,5110,905
OTP,0,20101227,091239,5110,121
OTP,0,20101227,091239,5109,23
OTP,0,20101227,091239,5107,1856
MTELEKOM,0,20101227,091251,515,1000
MTELEKOM,0,20101227,091255,515,674
MTELEKOM,0,20101227,091255,515,340
ETFBUXOTP,0,20101227,091256,898,1000
EGIS,0,20101227,091258,20375,2
MTELEKOM,0,20101227,091258,515,217
OTP,0,20101227,091258,5129,20
OTP,0,20101227,091258,5130,33
MOL,0,20101227,091258,20400,13
RICHTER,0,20101227,091258,42550,4
OTP,0,20101227,091300,5111,3
RICHTER,0,20101227,091300,42535,20
ECONET,0,20101227,091305,89,1200
MOL,0,20101227,091309,20350,25
MOL,0,20101227,091309,20340,12
RICHTER,0,20101227,091331,42550,6
MOL,0,20101227,091340,20340,22
MOL,0,20101227,091340,20315,100
MOL,0,20101227,091340,20305,50
MOL,0,20101227,091340,20305,28
OTP,0,20101227,091356,5121,2
MOL,0,20101227,091413,20305,20
OTP,0,20101227,091425,5130,130
RFV,0,20101227,091451,8475,29
OTP,0,20101227,091542,5125,50
OTP,0,20101227,091542,5125,1
OTP,0,20101227,091542,5123,182
MTELEKOM,0,20101227,091558,514,1145
OTP,0,20101227,091602,5130,589
OTP,0,20101227,091602,5130,189
OTP,0,20101227,091602,5130,222
MTELEKOM,0,20101227,091605,515,1000
OTP,0,20101227,091606,5123,14
OTP,0,20101227,091606,5122,500
OTP,0,20101227,091606,5122,997
OTP,0,20101227,091606,5121,1413
OTP,0,20101227,091611,5129,10
OTP,0,20101227,091615,5129,50
OTP,0,20101227,091633,5130,18
BUX1112,0,20101227,091634,21874,1
RFV,0,20101227,091645,8450,12
OTP,0,20101227,091649,5129,50
OTP,0,20101227,091653,5125,553
OTP,0,20101227,091653,5130,447
OTP,0,20101227,091659,5130,419
MOL,0,20101227,091705,20300,25
MOL,0,20101227,091705,20305,20
RFV,0,20101227,091721,8450,18
BUX1112,0,20101227,091721,21875,2
OTP,0,20101227,091722,5126,30
OTP,0,20101227,091722,5125,15
PANNERGY,0,20101227,091732,893,40
BUX1112,0,20101227,091735,21875,3
BUX1112,0,20101227,091735,21874,1
BUX1112,0,20101227,091735,21874,1
OTP,0,20101227,091801,5130,2
OTP,0,20101227,091806,5130,98
BUX1112,0,20101227,091822,21877,1
BUX1112,0,20101227,091822,21876,4
BUX1112,0,20101227,091826,21876,1
RICHTER,0,20101227,091835,42430,6
MTELEKOM,0,20101227,091843,514,200
ZWACK,0,20101227,091850,13350,300
MTELEKOM,0,20101227,091911,514,1000
MTELEKOM,0,20101227,091911,514,655
MTELEKOM,0,20101227,091911,514,5000
MTELEKOM,0,20101227,091911,514,2845
ZWACK,0,20101227,091912,13350,10
OTP,0,20101227,091925,5135,50
MTELEKOM,0,20101227,091926,514,1000
PHYLAXIA,0,20101227,091936,44,938
PHYLAXIA,0,20101227,091936,44,2500
PHYLAXIA,0,20101227,091936,44,1400
PHYLAXIA,0,20101227,091936,44,4462
MTELEKOM,0,20101227,091943,514,1000
OTP,0,20101227,091950,5135,50
OTP,0,20101227,092001,5131,10
OTP,0,20101227,092006,5135,4
RICHTER,0,20101227,092020,42430,4
RICHTER,0,20101227,092020,42420,10
RICHTER,0,20101227,092020,42235,15
RICHTER,0,20101227,092020,42215,30
RICHTER,0,20101227,092020,42210,18
RICHTER,0,20101227,092028,42210,12
OTP,0,20101227,092038,5131,90
BUX1112,0,20101227,092046,21879.5,1
BUX1112,0,20101227,092046,21876,1
OTP,0,20101227,092058,5130,10
OTP,0,20101227,092110,5135,100
MTELEKOM,0,20101227,092112,514,100
MTELEKOM,0,20101227,092112,514,55
MTELEKOM,0,20101227,092112,514,1960
MTELEKOM,0,20101227,092128,514,800
MTELEKOM,0,20101227,092145,514,69
OTP,0,20101227,092157,5135,8
OTP,0,20101227,092216,5135,538
MTELEKOM,0,20101227,092225,514,171
MTELEKOM,0,20101227,092225,514,100
MTELEKOM,0,20101227,092225,514,150
MTELEKOM,0,20101227,092225,514,200
MTELEKOM,0,20101227,092225,514,879
MTELEKOM,0,20101227,092229,514,1000
MTELEKOM,0,20101227,092235,515,1069
MTELEKOM,0,20101227,092235,515,931
GENESIS,0,20101227,092240,187,112
RABA,0,20101227,092248,807,12
RABA,0,20101227,092248,807,60
RABA,0,20101227,092248,807,230
RABA,0,20101227,092248,808,103
RABA,0,20101227,092248,808,200
RABA,0,20101227,092248,809,112
RABA,0,20101227,092248,809,100
RABA,0,20101227,092248,810,117
RABA,0,20101227,092248,810,100
RABA,0,20101227,092248,810,56
OTP,0,20101227,092248,5135,250
OTP,0,20101227,092248,5135,215
OTP,0,20101227,092248,5137,5000
OTP,0,20101227,092248,5138,40
OTP,0,20101227,092248,5139,4387
BUX1112,0,20101227,092254,21884.5,4
BUX1112,0,20101227,092254,21885,2
OTP,0,20101227,092255,5139,613
MTELEKOM,0,20101227,092259,514,100
MOL,0,20101227,092328,20370,5
MOL,0,20101227,092328,20375,8
BUX1112,0,20101227,092427,21885,2
ECONET,0,20101227,092442,89,1250
RABA,0,20101227,092445,810,200
BUX1112,0,20101227,092450,21885,1
RABA,0,20101227,092459,810,500
BUX1112,0,20101227,092512,21885,2
RABA,0,20101227,092517,810,200
MTELEKOM,0,20101227,092538,515,69
MTELEKOM,0,20101227,092538,515,431
OTP,0,20101227,092544,5140,43
OTP,0,20101227,092544,5143,957
OTP,0,20101227,092637,5140,20
OTP,0,20101227,092637,5143,20
OTP,0,20101227,092653,5139,1
BUX1112,0,20101227,092700,21889,1
OTP,0,20101227,092722,5139,3
OTP,0,20101227,092722,5143,12
OTP,0,20101227,092732,5143,50
MTELEKOM,0,20101227,092749,515,45
GENESIS,0,20101227,092758,185,100
GENESIS,0,20101227,092758,185,70
OTP,0,20101227,092802,5142,18
OTP,0,20101227,092855,5136,20
OTP,0,20101227,092855,5135,180
BUX1112,0,20101227,092904,21885,5
PHYLAXIA,0,20101227,092924,44,538
PHYLAXIA,0,20101227,092924,44,1606
MTELEKOM,0,20101227,092944,515,185
OTP,0,20101227,092954,5135,207
OTP,0,20101227,092954,5135,40
OTP,0,20101227,092954,5134,180
OTP,0,20101227,092954,5130,18
OTP,0,20101227,092954,5130,4
OTP,0,20101227,092954,5130,50
OTP,0,20101227,092954,5125,1
GENESIS,0,20101227,092955,185,330
OTP,0,20101227,093000,5125,35
RFV,0,20101227,093005,8450,10
RFV,0,20101227,093005,8450,22
RFV,0,20101227,093005,8410,28
MTELEKOM,0,20101227,093037,515,220
OTP,0,20101227,093040,5140,200
BUX1112,0,20101227,093049,21880,10
BUX1112,0,20101227,093053,21880,5
OTP,0,20101227,093103,5130,50
OTP,0,20101227,093103,5125,14
OTP,0,20101227,093103,5123,4
OTP,0,20101227,093103,5120,20
OTP,0,20101227,093103,5120,12
OTP,0,20101227,093103,5120,1
BUX1112,0,20101227,093105,21880,5
BUX1112,0,20101227,093105,21880,1
BUX1112,0,20101227,093109,21880,1
BUX1112,0,20101227,093135,21879,1
BUX1112,0,20101227,093135,21878,5
BUX1112,0,20101227,093135,21875.5,1
MOL,0,20101227,093204,20315,10
MOL,0,20101227,093205,20310,52
MOL,0,20101227,093205,20305,48
OTP,0,20101227,093238,5125,22
OTP,0,20101227,093238,5120,400
OTP,0,20101227,093238,5120,200
KEG,0,20101227,093241,140,565
KEG,0,20101227,093241,139,604
KEG,0,20101227,093241,139,31
MTELEKOM,0,20101227,093257,514,20
MOL,0,20101227,093300,20310,1
MOL,0,20101227,093300,20305,24
PHYLAXIA,0,20101227,093305,44,1894
PHYLAXIA,0,20101227,093305,44,2000
PHYLAXIA,0,20101227,093305,44,206106
OTP,0,20101227,093318,5120,100
MTELEKOM,0,20101227,093337,515,450
MTELEKOM,0,20101227,093355,514,200
MTELEKOM,0,20101227,093400,514,801
MTELEKOM,0,20101227,093400,514,602
MTELEKOM,0,20101227,093400,514,97
BUX1112,0,20101227,093407,21866,1
BUX1112,0,20101227,093407,21866,1
BUX1112,0,20101227,093407,21862,3
OTP,0,20101227,093415,5120,20
OTP,0,20101227,093421,5120,97
FHB,0,20101227,093428,967,200
FHB,0,20101227,093428,967,150
FHB,0,20101227,093428,966,441
FHB,0,20101227,093428,965,1171
MTELEKOM,0,20101227,093433,514,500
OTP,0,20101227,093440,5117,20
OTP,0,20101227,093449,5115,50
OTP,0,20101227,093449,5115,150
OTP,0,20101227,093449,5115,50
OTP,0,20101227,093449,5113,100
OTP,0,20101227,093449,5113,10
OTP,0,20101227,093449,5112,5
OTP,0,20101227,093449,5112,135
GENESIS,0,20101227,093509,183,399
OTP,0,20101227,093527,5117,324
OTP,0,20101227,093550,5120,20
OTP,0,20101227,093600,5120,173
GENESIS,0,20101227,093624,188,152
KEG,0,20101227,093626,139,969
KEG,0,20101227,093626,139,32
OTP,0,20101227,093633,5120,50
MTELEKOM,0,20101227,093637,514,200
MTELEKOM,0,20101227,093656,514,1001
OTP,0,20101227,093732,5120,110
OTP,0,20101227,093732,5120,15
MOL,0,20101227,093734,20310,6
MOL,0,20101227,093734,20305,44
MOL,0,20101227,093742,20315,974
BUX1112,0,20101227,093814,21869.5,2
BUX1112,0,20101227,093814,21870,1
OTP,0,20101227,093820,5120,36
MOL,0,20101227,093828,20305,33
MOL,0,20101227,093828,20305,15
OTP,0,20101227,093901,5133,20
OTP,0,20101227,093901,5139,150
OTP,0,20101227,093901,5140,2
OTP,0,20101227,093901,5142,252
OTP,0,20101227,093901,5145,300
OTP,0,20101227,093901,5150,276
OTP,0,20101227,093908,5122,2
HUMET,0,20101227,093939,9,40000
MOL,0,20101227,093946,20315,27
MOL,0,20101227,093946,20315,35
MOL,0,20101227,093946,20315,38
MTELEKOM,0,20101227,093956,515,100
OTP,0,20101227,094013,5135,10
OTP,0,20101227,094019,5123,2
MOL,0,20101227,094023,20315,282
BUX1112,0,20101227,094033,21870,7
BUX1112,0,20101227,094033,21870,8
PANNERGY,0,20101227,094034,903,1
OTP,0,20101227,094112,5135,500
OTP,0,20101227,094116,5125,2
OTP,0,20101227,094355,5142,32
OTP,0,20101227,094355,5144,65
OTP,0,20101227,094401,5131,2
GENESIS,0,20101227,094401,184,243
OTP,0,20101227,094434,5144,935
OTP,0,20101227,094434,5145,6065
BUX1112,0,20101227,094436,21898.5,1
OTP,0,20101227,094438,5145,187
OTP,0,20101227,094446,5145,248
OTP,0,20101227,094446,5145,30
OTP,0,20101227,094450,5147,338
OTP,0,20101227,094451,5147,662
OTP,0,20101227,094453,5149,291
OTP,0,20101227,094456,5149,9
OTP,0,20101227,094458,5150,285
OTP,0,20101227,094500,5150,49
OTP,0,20101227,094505,5150,385
OTP,0,20101227,094505,5150,2000
OTP,0,20101227,094505,5150,2900
OTP,0,20101227,094505,5150,600
OTP,0,20101227,094507,5155,20
OTP,0,20101227,094514,5165,106
GENESIS,0,20101227,094517,183,1
MTELEKOM,0,20101227,094549,514,202
MTELEKOM,0,20101227,094549,514,2000
MTELEKOM,0,20101227,094549,514,140
MTELEKOM,0,20101227,094549,514,300
MTELEKOM,0,20101227,094549,514,1000
MTELEKOM,0,20101227,094549,514,358
OTP,0,20101227,094601,5155,2
OTP,0,20101227,094602,5165,34
OTP,0,20101227,094602,5165,200
OTP,0,20101227,094602,5165,46
OTP,0,20101227,094608,5165,204
OTP,0,20101227,094608,5169,200
OTP,0,20101227,094608,5170,166
OTP,0,20101227,094608,5170,200
OTP,0,20101227,094608,5170,152
MTELEKOM,0,20101227,094609,514,642
MTELEKOM,0,20101227,094609,514,78
OTP,0,20101227,094609,5165,2
OTP,0,20101227,094615,5170,148
OTP,0,20101227,094617,5171,100
OTP,0,20101227,094623,5174,254
OTP,0,20101227,094623,5172,8
MTELEKOM,0,20101227,094624,514,22
OTP,0,20101227,094626,5174,246
OTP,0,20101227,094626,5174,25
OTP,0,20101227,094628,5174,50
MTELEKOM,0,20101227,094629,514,3853
OTP,0,20101227,094632,5176,309
BUX1112,0,20101227,094632,21899,1
BUX1112,0,20101227,094632,21924,1
BUX1112,0,20101227,094632,21929,10
OTP,0,20101227,094635,5176,23
OTP,0,20101227,094635,5172,24
OTP,0,20101227,094635,5155,6
BUX1112,0,20101227,094639,21930,1
BUX1112,0,20101227,094639,21930,10
MOL,0,20101227,094646,20310,50
MOL,0,20101227,094646,20315,305
MOL,0,20101227,094646,20340,20
MOL,0,20101227,094646,20350,1000
OTP,0,20101227,094650,5173,200
OTP,0,20101227,094652,5155,262
OTP,0,20101227,094652,5150,15
OTP,0,20101227,094652,5150,139
OTP,0,20101227,094653,5150,2
FHB,0,20101227,094702,968,161
RICHTER,0,20101227,094710,42585,5
MTELEKOM,0,20101227,094710,514,22
BUX1112,0,20101227,094716,21900.5,1
EGIS,0,20101227,094717,20215,10
OTP,0,20101227,094719,5150,13
BUX1112,0,20101227,094723,21900,1
OTP,0,20101227,094738,5150,20
BUX1112,0,20101227,094757,21900,2
MOL,0,20101227,094802,20350,28
MTELEKOM,0,20101227,094819,513,111
MTELEKOM,0,20101227,094819,513,614
MOL,0,20101227,094821,20350,17
MOL,0,20101227,094821,20350,13
RICHTER,0,20101227,094837,42425,10
RICHTER,0,20101227,094837,42425,10
MTELEKOM,0,20101227,094850,514,178
MTELEKOM,0,20101227,094850,514,11822
RICHTER,0,20101227,094906,42425,5
MTELEKOM,0,20101227,094945,513,1350
DANUBIUS,0,20101227,094953,4400,1800
MOL,0,20101227,094957,20375,42
MOL,0,20101227,094957,20375,50
MOL,0,20101227,094957,20395,50
MOL,0,20101227,094957,20395,167
MOL,0,20101227,095001,20395,116
MOL,0,20101227,095001,20400,30
MOL,0,20101227,095001,20400,15
BUX1112,0,20101227,095017,21890,3
MOL,0,20101227,095031,20400,75
MTELEKOM,0,20101227,095033,514,178
MTELEKOM,0,20101227,095033,515,1172
GENESIS,0,20101227,095036,183,349
MOL,0,20101227,095111,20400,24
MOL,0,20101227,095111,20400,1000
DANUBIUS,0,20101227,095138,4430,1
OTP,0,20101227,095139,5150,100
MOL,0,20101227,095148,20405,476
MOL,0,20101227,095148,20400,1000
MOL,0,20101227,095148,20400,500
MOL,0,20101227,095155,20400,24
MOL,0,20101227,095155,20410,8
MOL,0,20101227,095216,20400,50
MOL,0,20101227,095255,20400,170
MOL,0,20101227,095320,20400,15
KEG,0,20101227,095326,140,268
PANNUNION,0,20101227,095328,135,500
MTELEKOM,0,20101227,095351,513,150
SYNERGON,0,20101227,095352,484,1025
MOL,0,20101227,095357,20400,265
MOL,0,20101227,095357,20400,191
MOL,0,20101227,095401,20400,544
ORC,0,20101227,095402,1950,19
MOL,0,20101227,095414,20400,10
MOL,0,20101227,095420,20405,20
FOTEX,0,20101227,095434,382,700
FOTEX,0,20101227,095434,382,500
FOTEX,0,20101227,095434,382,1000
FOTEX,0,20101227,095434,382,800
KEG,0,20101227,095522,138,280
FOTEX,0,20101227,095542,383,2200
KEG,0,20101227,095547,138,215
KEG,0,20101227,095547,138,1500
KEG,0,20101227,095547,138,800
KEG,0,20101227,095547,138,800
KEG,0,20101227,095547,138,200
KEG,0,20101227,095547,138,523
KEG,0,20101227,095547,138,1000
KEG,0,20101227,095547,137,1780
KEG,0,20101227,095547,137,1000
KEG,0,20101227,095547,137,1001
KEG,0,20101227,095547,137,9181
ORC,0,20101227,095557,1945,200
PHYLAXIA,0,20101227,095609,44,3894
PHYLAXIA,0,20101227,095609,44,2300
OTP,0,20101227,095653,5152,196
OTP,0,20101227,095653,5150,258
OTP,0,20101227,095653,5150,20
OTP,0,20101227,095653,5150,113
OTP,0,20101227,095653,5150,500
OTP,0,20101227,095653,5150,70
OTP,0,20101227,095653,5137,50
OTP,0,20101227,095653,5136,100
OTP,0,20101227,095653,5135,693
MTELEKOM,0,20101227,095654,515,533
OTP,0,20101227,095703,5135,7
OTP,0,20101227,095703,5135,23
OTP,0,20101227,095735,5140,339
OTP,0,20101227,095735,5140,300
OTP,0,20101227,095739,5135,30
FHB,0,20101227,095803,969,100
OTP,0,20101227,095809,5140,1000
OTP,0,20101227,095809,5140,361
OTP,0,20101227,095830,5148,22
SYNERGON,0,20101227,095842,480,20
SYNERGON,0,20101227,095842,479,154
SYNERGON,0,20101227,095842,479,100
FHB,0,20101227,095846,968,10
FHB,0,20101227,095846,967,50
FHB,0,20101227,095846,966,23
MTELEKOM,0,20101227,095847,513,2000
GENESIS,0,20101227,095848,182,220
GENESIS,0,20101227,095848,182,160
PHYLAXIA,0,20101227,095857,44,2000
OTP,0,20101227,095905,5148,28
FREESOFT,0,20101227,095907,2000,2500
OTP,0,20101227,095924,5150,50
GENESIS,0,20101227,095931,181,170
OTP,0,20101227,095956,5150,422
OTP,0,20101227,100006,5140,2
RFV,0,20101227,100007,8411,17
RFV,0,20101227,100015,8411,83
RFV,0,20101227,100015,8411,17
OTP,0,20101227,100021,5150,578
RFV,0,20101227,100027,8411,21
RFV,0,20101227,100027,8410,72
RFV,0,20101227,100027,8401,24
PHYLAXIA,0,20101227,100036,44,1000
PHYLAXIA,0,20101227,100037,44,1302
PHYLAXIA,0,20101227,100037,44,23698
MOL,0,20101227,100045,20420,18
MOL,0,20101227,100045,20405,970
MOL,0,20101227,100045,20405,12
MOL,0,20101227,100057,20420,68
OTP,0,20101227,100101,5150,422
OTP,0,20101227,100101,5150,137
OTP,0,20101227,100101,5142,20
OTP,0,20101227,100101,5140,1000
OTP,0,20101227,100101,5140,1000
OTP,0,20101227,100101,5135,125
PHYLAXIA,0,20101227,100125,44,1302
PHYLAXIA,0,20101227,100125,44,698
MOL,0,20101227,100127,20400,100
MOL,0,20101227,100132,20400,30
FHB,0,20101227,100143,969,30
FHB,0,20101227,100150,969,5
OTP,0,20101227,100210,5135,15
PHYLAXIA,0,20101227,100215,44,5854
CSEPEL,0,20101227,100245,259,141
PHYLAXIA,0,20101227,100246,44,5
PHYLAXIA,0,20101227,100246,44,1995
PHYLAXIA,0,20101227,100256,44,18000
OTP,0,20101227,100257,5140,366
OTP,0,20101227,100314,5135,2
GENESIS,0,20101227,100317,182,2000
MTELEKOM,0,20101227,100326,513,2100
SYNERGON,0,20101227,100345,480,2300
KEG,0,20101227,100357,139,13501
RICHTER,0,20101227,100402,42430,5
RABA,0,20101227,100412,804,1002
MOL,0,20101227,100434,20440,1
PHYLAXIA,0,20101227,100441,44,5
FOTEX,0,20101227,100500,382,1380
OTP,0,20101227,100505,5139,2475
OTP,0,20101227,100505,5139,2000
BUX1112,0,20101227,100531,21891.5,1
BUX1112,0,20101227,100531,21891,4
PFLAX,0,20101227,100554,490,400
KEG,0,20101227,100634,138,600
OTP,0,20101227,100650,5145,170
OTP,0,20101227,100650,5145,300
OTP,0,20101227,100650,5150,530
OTP,0,20101227,100711,5144,100
OTP,0,20101227,100711,5150,670
OTP,0,20101227,100711,5150,20
OTP,0,20101227,100711,5155,145
BUX1112,0,20101227,100745,21920,3
BUX1112,0,20101227,100745,21928,2
ECONET,0,20101227,100759,89,920000
ZWACK,0,20101227,100845,13400,10
RABA,0,20101227,100907,803,46
MOL,0,20101227,100922,20400,220
OTP,0,20101227,100937,5155,10
OTP,0,20101227,101013,5145,20
EGIS,0,20101227,101027,20295,2
MTELEKOM,0,20101227,101055,514,388
RCSP500,0,20101227,101112,2658,20
OTP,0,20101227,101146,5146,200
OTP,0,20101227,101146,5145,340
ECONET,0,20101227,101148,89,420
MTELEKOM,0,20101227,101200,514,262
OTP,0,20101227,101202,5145,140
OTP,0,20101227,101202,5144,100
OTP,0,20101227,101202,5140,660
OTP,0,20101227,101209,5140,38
OTP,0,20101227,101218,5142,12303
BUX1112,0,20101227,101224,21901,5
MOL,0,20101227,101227,20400,7
RABA,0,20101227,101250,803,154
PHYLAXIA,0,20101227,101302,44,2995
PHYLAXIA,0,20101227,101302,44,2005
SYNERGON,0,20101227,101323,479,776
RABA,0,20101227,101323,802,200
RABA,0,20101227,101323,802,46
DANUBIUS,0,20101227,101337,4250,126
GENESIS,0,20101227,101353,182,100
BUX1112,0,20101227,101356,21901,1
BUX1112,0,20101227,101356,21900,2
BUX1112,0,20101227,101356,21900,3
DANUBIUS,0,20101227,101412,4260,50
DANUBIUS,0,20101227,101420,4260,10
MOL,0,20101227,101444,20400,2
RICHTER,0,20101227,101530,42400,19
BUX1112,0,20101227,101549,21901,1
EGIS,0,20101227,101613,20295,29300
OTP,0,20101227,101623,5140,220
BUX1112,0,20101227,101630,21900,45
OTP,0,20101227,101656,5142,19
KEG,0,20101227,101659,139,10000
MOL,0,20101227,101807,20400,100
MOL,0,20101227,101810,20400,3
EGIS,0,20101227,101820,20210,9
EGIS,0,20101227,101820,20200,20
ECONET,0,20101227,101823,89,20
OTP,0,20101227,101824,5142,10
OTP,0,20101227,101824,5150,15
OTP,0,20101227,101824,5150,975
EGIS,0,20101227,101843,20200,21
OTP,0,20101227,101843,5140,2
RABA,0,20101227,101903,802,12
MOL,0,20101227,101918,20400,25
MOL,0,20101227,101926,20400,13
OTP,0,20101227,101935,5140,80
OTP,0,20101227,101935,5140,2
RICHTER,0,20101227,102023,42405,100
MTELEKOM,0,20101227,102029,514,200
RABA,0,20101227,102048,809,82
ANY,0,20101227,102059,710,38
MTELEKOM,0,20101227,102124,514,65
MTELEKOM,0,20101227,102124,514,435
TVK,0,20101227,102130,3320,37
MOL,0,20101227,102153,20400,74600
RICHTER,0,20101227,102156,42500,35
BUX1112,0,20101227,102159,21901,4
OTP,0,20101227,102159,5140,62
OTP,0,20101227,102159,5140,28
OTP,0,20101227,102302,5140,1
MOL,0,20101227,102312,20400,5
MOL,0,20101227,102312,20400,15
MOL,0,20101227,102312,20400,2
MOL,0,20101227,102313,20400,68
BUX1112,0,20101227,102333,21900,1
FOTEX,0,20101227,102337,382,1000
MTELEKOM,0,20101227,102347,515,1000
OTP,0,20101227,102348,5140,155
BUX1112,0,20101227,102354,21901,1
MOL,0,20101227,102410,20380,12
KEG,0,20101227,102526,140,382
KEG,0,20101227,102526,140,618
OTP,0,20101227,102551,5145,3050
MTELEKOM,0,20101227,102552,514,200
MOL,0,20101227,102619,20400,498
MTELEKOM,0,20101227,102708,515,20
FOTEX,0,20101227,102720,382,1000
MTELEKOM,0,20101227,102750,515,99
MTELEKOM,0,20101227,102750,515,500
MTELEKOM,0,20101227,102750,515,181
MTELEKOM,0,20101227,102759,515,13819
MTELEKOM,0,20101227,102759,515,300
MTELEKOM,0,20101227,102759,515,400
MTELEKOM,0,20101227,102759,515,2000
MTELEKOM,0,20101227,102759,515,300
MTELEKOM,0,20101227,102759,515,500
MTELEKOM,0,20101227,102759,515,200
MTELEKOM,0,20101227,102759,515,2000
OTP,0,20101227,102839,5140,616000
GENESIS,0,20101227,102841,183,150
GENESIS,0,20101227,102841,183,200
GENESIS,0,20101227,102841,182,150
OTP,0,20101227,103000,5150,25
OTP,0,20101227,103000,5150,30
PFLAX,0,20101227,103032,500,68
ELMU,0,20101227,103046,27005,7
ELMU,0,20101227,103046,27000,17
ELMU,0,20101227,103046,27000,3
PFLAX,0,20101227,103048,500,232
PFLAX,0,20101227,103048,505,327
PFLAX,0,20101227,103048,513,100
PFLAX,0,20101227,103048,515,160
OTP,0,20101227,103110,5150,16
OTP,0,20101227,103202,5150,18
MTELEKOM,0,20101227,103214,515,524
EGIS,0,20101227,103248,20275,100
GENESIS,0,20101227,103253,186,220
GENESIS,0,20101227,103253,187,1000
GENESIS,0,20101227,103253,188,780
OTP,0,20101227,103306,5150,317
OTP,0,20101227,103306,5150,20
OTP,0,20101227,103306,5150,5
OTP,0,20101227,103306,5145,26
EGIS,0,20101227,103311,20275,80
OTP,0,20101227,103327,5145,1000
OTP,0,20101227,103328,5145,182
MOL,0,20101227,103347,20400,50
MOL,0,20101227,103416,20400,50
OTP,0,20101227,103424,5145,11
OTP,0,20101227,103434,5145,28
MOL,0,20101227,103442,20400,100
OTP,0,20101227,103515,5150,1000
OTP,0,20101227,103515,5150,175
MTELEKOM,0,20101227,103637,516,190
MTELEKOM,0,20101227,103637,516,200
MTELEKOM,0,20101227,103637,517,248
MTELEKOM,0,20101227,103637,517,2000
RFV,0,20101227,103649,8401,3
RFV,0,20101227,103649,8401,17
OTP,0,20101227,103722,5150,825
RABA,0,20101227,103749,802,210
FHB,0,20101227,103806,967,5626
MTELEKOM,0,20101227,103808,517,301
MTELEKOM,0,20101227,103808,517,1264
BUX1112,0,20101227,103827,21915,8
PFLAX,0,20101227,103846,536,1
ANY,0,20101227,103944,718,50
ANY,0,20101227,103944,719,50
ANY,0,20101227,103944,719,100
ANY,0,20101227,103944,720,300
EGIS,0,20101227,103944,20270,6
KEG,0,20101227,103948,140,1
MOL,0,20101227,103951,20400,15
MOL,0,20101227,103951,20400,35
OTP,0,20101227,103956,5148,11394
ORC,0,20101227,104012,1945,10
GENESIS,0,20101227,104042,183,200
GENESIS,0,20101227,104042,183,10
EGIS,0,20101227,104107,20250,2320
SYNERGON,0,20101227,104123,477,601
HUMET,0,20101227,104128,8,6000
MTELEKOM,0,20101227,104213,516,50000
MTELEKOM,0,20101227,104224,516,50000
OTP,0,20101227,104227,5149,815
MTELEKOM,0,20101227,104234,516,50000
OTP,0,20101227,104346,5150,25
OTP,0,20101227,104346,5150,20
OTP,0,20101227,104403,5154,18
OTP,0,20101227,104403,5155,45
OTP,0,20101227,104403,5155,22
MTELEKOM,0,20101227,104442,515,170
MTELEKOM,0,20101227,104442,515,524
MTELEKOM,0,20101227,104442,514,306
FOTEX,0,20101227,104516,382,1132
BUX1112,0,20101227,104521,21920,1
RFV,0,20101227,104534,8401,33
RFV,0,20101227,104534,8401,50
MTELEKOM,0,20101227,104547,515,190
OTP,0,20101227,104608,5155,128
RABA,0,20101227,104613,802,3
RFV,0,20101227,104613,8401,50
BUX1112,0,20101227,104616,21926,15
GSPARK,0,20101227,104631,783,368
PANNERGY,0,20101227,104651,897,290
MOL,0,20101227,104732,20420,308
HUMET,0,20101227,104732,9,2000
EGIS,0,20101227,104820,20250,9
OTP,0,20101227,104826,5155,67
MTELEKOM,0,20101227,104927,515,400
BUX1112,0,20101227,104944,21926,1
OTP,0,20101227,104951,5150,26
RICHTER,0,20101227,104957,42475,3
PFLAX,0,20101227,104959,535,90
PFLAX,0,20101227,104959,536,109
PFLAX,0,20101227,104959,538,159
PFLAX,0,20101227,104959,539,107
PFLAX,0,20101227,104959,540,106
PFLAX,0,20101227,104959,541,129
MOL,0,20101227,105015,20400,4
SYNERGON,0,20101227,105025,479,221
EGIS,0,20101227,105032,20350,36
MOL,0,20101227,105041,20400,4
SYNERGON,0,20101227,105113,480,35
SYNERGON,0,20101227,105113,484,144
MTELEKOM,0,20101227,105115,515,30
PHYLAXIA,0,20101227,105138,45,20
PANNERGY,0,20101227,105147,894,570
PANNERGY,0,20101227,105147,893,430
OTP,0,20101227,105147,5150,400
FHB,0,20101227,105157,969,65
OTP,0,20101227,105158,5150,529
OTP,0,20101227,105158,5141,30
OTP,0,20101227,105158,5141,236
OTP,0,20101227,105158,5140,505
ELMU,0,20101227,105208,27000,3
MOL,0,20101227,105209,20440,5
EGIS,0,20101227,105225,20350,50
OTP,0,20101227,105353,5150,1000
EGIS,0,20101227,105356,20350,50
OTP,0,20101227,105437,5150,12
BUX1112,0,20101227,105503,21926,1
OTP,0,20101227,105556,5151,25
RFV,0,20101227,105620,8401,17
RABA,0,20101227,105643,805,4690
RICHTER,0,20101227,105651,42500,3
PHYLAXIA,0,20101227,105703,44,865
MTELEKOM,0,20101227,105717,515,380
EGIS,0,20101227,105738,20270,3
OTP,0,20101227,105741,5151,13
OTP,0,20101227,105741,5150,409
OTP,0,20101227,105807,5150,336
OTP,0,20101227,105832,5150,359
OTP,0,20101227,105854,5150,30
OTP,0,20101227,105857,5150,200
MTELEKOM,0,20101227,105907,515,100
FHB,0,20101227,105924,970,2
MTELEKOM,0,20101227,110003,515,500
OTP,0,20101227,110006,5154,100
OTP,0,20101227,110006,5154,800
OTP,0,20101227,110006,5155,100
OTP,0,20101227,110221,5155,14
ZWACK,0,20101227,110225,13360,60
ECONET,0,20101227,110307,90,21
OTP,0,20101227,110336,5155,500
OTP,0,20101227,110349,5151,38
OTP,0,20101227,110349,5150,156
OTP,0,20101227,110349,5150,306
FHB,0,20101227,110349,973,20
FHB,0,20101227,110349,974,136
TVK,0,20101227,110410,3320,17
RFV,0,20101227,110414,8401,10
OTP,0,20101227,110426,5152,400
MTELEKOM,0,20101227,110509,515,20
MTELEKOM,0,20101227,110509,515,33980
OTP,0,20101227,110523,5150,194
OTP,0,20101227,110523,5150,745
OTP,0,20101227,110534,5150,745
OTP,0,20101227,110535,5150,745
OTP,0,20101227,110535,5150,745
OTP,0,20101227,110535,5150,745
MTELEKOM,0,20101227,110536,515,20
OTP,0,20101227,110537,5150,745
OTP,0,20101227,110539,5150,336
MOL,0,20101227,110616,20430,4
RICHTER,0,20101227,110622,42645,2
RICHTER,0,20101227,110622,42645,3
OTP,0,20101227,110640,5150,50
RICHTER,0,20101227,110652,42645,2
RICHTER,0,20101227,110652,42665,25
RICHTER,0,20101227,110652,42675,50
RICHTER,0,20101227,110652,42685,5
RICHTER,0,20101227,110652,42695,3
MTELEKOM,0,20101227,110654,515,500
ZWACK,0,20101227,110700,13350,20
MTELEKOM,0,20101227,110728,516,200
MTELEKOM,0,20101227,110728,516,110
MTELEKOM,0,20101227,110728,517,10
OTP,0,20101227,110739,5150,300
OTP,0,20101227,110745,5150,59
OTP,0,20101227,110750,5150,161
FHB,0,20101227,110751,974,364
FHB,0,20101227,110751,974,134
HUMET,0,20101227,110850,9,6490
FHB,0,20101227,110858,974,4
BUX1112,0,20101227,110900,21926,3
BUX1112,0,20101227,110900,21926,2
EGIS,0,20101227,110911,20350,10
OTP,0,20101227,110942,5150,537
OTP,0,20101227,110950,5150,47
OTP,0,20101227,110959,5150,53
ETFBUXOTP,0,20101227,111003,900,2
EGIS,0,20101227,111027,20350,10
OTP,0,20101227,111116,5150,195
MOL,0,20101227,111125,20400,2
ECONET,0,20101227,111146,90,200
MOL,0,20101227,111200,20400,35
MOL,0,20101227,111200,20400,1
KEG,0,20101227,111212,140,150
OTP,0,20101227,111328,5150,497
OTP,0,20101227,111328,5146,3
MTELEKOM,0,20101227,111345,516,80
MTELEKOM,0,20101227,111345,515,1480
MTELEKOM,0,20101227,111345,515,2000
MTELEKOM,0,20101227,111345,515,1270
MTELEKOM,0,20101227,111345,514,1059
MTELEKOM,0,20101227,111345,514,111
ZWACK,0,20101227,111437,13350,40
MTELEKOM,0,20101227,111438,514,367
GSPARK,0,20101227,111445,780,1700
OTP,0,20101227,111509,5150,163
ZWACK,0,20101227,111540,13385,2350
ECONET,0,20101227,111545,89,3410
ECONET,0,20101227,111545,89,1000
ECONET,0,20101227,111545,89,3000
ECONET,0,20101227,111545,89,5500
ECONET,0,20101227,111545,89,1000
ECONET,0,20101227,111545,89,5000
ECONET,0,20101227,111545,89,2790
PANNERGY,0,20101227,111600,895,807500
MTELEKOM,0,20101227,111607,515,500
MTELEKOM,0,20101227,111607,515,9500
BUX1112,0,20101227,111613,21926,1
BUX1112,0,20101227,111701,21926,1
MOL,0,20101227,111722,20400,5
BUX1112,0,20101227,111732,21926,1
BUX1112,0,20101227,111735,21926,1
BUX1112,0,20101227,111735,21927,5
BUX1112,0,20101227,111735,21928,3
BUX1112,0,20101227,111735,21929,1
BUX1112,0,20101227,111735,21930,1
OTP,0,20101227,111739,5150,300
OTP,0,20101227,111800,5150,282
OTP,0,20101227,111800,5150,90
OTP,0,20101227,111804,5150,628
ZWACK,0,20101227,111815,13350,5
MTELEKOM,0,20101227,111816,515,500
PANNERGY,0,20101227,111824,895,482
RICHTER,0,20101227,111859,42550,8
PFLAX,0,20101227,111932,500,3000
MTELEKOM,0,20101227,111932,515,1500
MTELEKOM,0,20101227,111932,514,22
MTELEKOM,0,20101227,111932,514,278
RABA,0,20101227,111957,809,100
MTELEKOM,0,20101227,111958,514,722
MTELEKOM,0,20101227,111958,514,10352
MTELEKOM,0,20101227,112019,515,500
MTELEKOM,0,20101227,112019,514,800
BOOK,0,20101227,112027,475,100
RABA,0,20101227,112043,809,50
RABA,0,20101227,112043,809,50
OTP,0,20101227,112043,5150,100
MTELEKOM,0,20101227,112102,516,1000
MTELEKOM,0,20101227,112102,517,800
OTP,0,20101227,112103,5152,743
OTP,0,20101227,112140,5155,869
OTP,0,20101227,112140,5155,10
OTP,0,20101227,112140,5155,18
OTP,0,20101227,112140,5155,200
OTP,0,20101227,112140,5155,50
KEG,0,20101227,112149,140,20
OTP,0,20101227,112225,5150,17
OTP,0,20101227,112225,5150,160
OTP,0,20101227,112225,5150,48
RABA,0,20101227,112227,806,150
RABA,0,20101227,112227,803,250
RABA,0,20101227,112227,802,100
OTP,0,20101227,112229,5150,50
MTELEKOM,0,20101227,112232,516,10878
OTP,0,20101227,112235,5150,90
RABA,0,20101227,112329,805,46
RABA,0,20101227,112332,803,100
RABA,0,20101227,112342,809,250
RABA,0,20101227,112342,810,250
OTP,0,20101227,112417,5150,12
OTP,0,20101227,112417,5150,88
MTELEKOM,0,20101227,112428,514,300
RABA,0,20101227,112451,805,65000
OTP,0,20101227,112532,5153,24
OTP,0,20101227,112532,5151,51
OTP,0,20101227,112532,5150,35
MTELEKOM,0,20101227,112713,515,400
ECONET,0,20101227,112716,90,1059
ECONET,0,20101227,112716,90,1200
ECONET,0,20101227,112716,90,675
ECONET,0,20101227,112716,90,66
RFV,0,20101227,112737,8401,53900
BUX1112,0,20101227,112743,21903,5
MTELEKOM,0,20101227,112745,515,2000
MTELEKOM,0,20101227,112757,515,14000
MTELEKOM,0,20101227,112800,517,2625
MTELEKOM,0,20101227,112800,517,275
MTELEKOM,0,20101227,112815,515,1000
OTP,0,20101227,112815,5150,35
MTELEKOM,0,20101227,112835,515,650
OTP,0,20101227,112904,5155,220
OTP,0,20101227,112904,5156,35
OTP,0,20101227,112904,5159,150
OTP,0,20101227,112904,5160,400
OTP,0,20101227,112904,5160,100
OTP,0,20101227,112904,5160,95
BUX1112,0,20101227,112916,21903.5,1
BUX1112,0,20101227,112916,21903,3
BUX1112,0,20101227,112916,21902,1
BUX1112,0,20101227,112916,21902,1
BUX1112,0,20101227,112916,21901,1
BUX1112,0,20101227,112916,21900.5,10
BUX1112,0,20101227,112916,21900,33
OTP,0,20101227,112916,5150,2
BUX1112,0,20101227,112925,21900,5
ZWACK,0,20101227,112935,13390,2
OTP,0,20101227,113008,5150,274
OTP,0,20101227,113112,5160,1000
OTP,0,20101227,113126,5150,200
OTP,0,20101227,113148,5150,72
ZWACK,0,20101227,113153,13350,130
EGIS,0,20101227,113206,20350,5
MOL,0,20101227,113419,20400,6
OTP,0,20101227,113428,5160,272
MTELEKOM,0,20101227,113430,515,635
OTP,0,20101227,113538,5160,190
MTELEKOM,0,20101227,113602,515,480
OTP,0,20101227,113637,5160,300
OTP,0,20101227,113647,5160,143
OTP,0,20101227,113647,5160,1000
OTP,0,20101227,113647,5160,68
OTP,0,20101227,113647,5160,20
FOTEX,0,20101227,113717,383,150
FOTEX,0,20101227,113717,383,500
FOTEX,0,20101227,113717,384,300
FOTEX,0,20101227,113717,384,1000
FOTEX,0,20101227,113717,384,200
FOTEX,0,20101227,113717,385,50
FOTEX,0,20101227,113717,385,561
FOTEX,0,20101227,113717,385,1000
FOTEX,0,20101227,113717,385,2570
FOTEX,0,20101227,113717,385,1669
PHYLAXIA,0,20101227,113740,44,85
RICHTER,0,20101227,113815,42600,2600
OTP,0,20101227,113828,5160,1
OTP,0,20101227,113828,5160,20
OTP,0,20101227,114027,5163,87
RFV,0,20101227,114058,8399,10
MOL,0,20101227,114113,20370,16
OTP,0,20101227,114119,5163,502
OTP,0,20101227,114152,5162,101
OTP,0,20101227,114152,5160,40
OTP,0,20101227,114152,5160,59
SYNERGON,0,20101227,114206,481,44000
RABA,0,20101227,114211,808,240
RABA,0,20101227,114211,809,150
RABA,0,20101227,114211,809,250
RABA,0,20101227,114211,809,1000
RABA,0,20101227,114211,809,7400
BUX1112,0,20101227,114216,21935,1
BUX1112,0,20101227,114216,21935.5,4
OTP,0,20101227,114246,5160,2
OTP,0,20101227,114246,5160,200
OTP,0,20101227,114246,5160,28
OTP,0,20101227,114316,5160,153
FOTEX,0,20101227,114322,387,1036
FOTEX,0,20101227,114322,387,85
MTELEKOM,0,20101227,114333,516,100
RABA,0,20101227,114335,809,350
FOTEX,0,20101227,114350,388,900
FOTEX,0,20101227,114353,388,100
FOTEX,0,20101227,114353,389,1900
OTP,0,20101227,114400,5150,2
ECONET,0,20101227,114422,89,5000
HUMET,0,20101227,114438,9,5000
TVK,0,20101227,114457,3325,1000
FOTEX,0,20101227,114502,389,1100
PHYLAXIA,0,20101227,114538,44,13000
RFV,0,20101227,114638,8395,24
RFV,0,20101227,114638,8399,6
RFV,0,20101227,114638,8400,5
RFV,0,20101227,114638,8401,115
ZWACK,0,20101227,114658,13350,400
ECONET,0,20101227,114732,89,163
MTELEKOM,0,20101227,114756,516,100
RICHTER,0,20101227,114828,42600,6
RICHTER,0,20101227,114938,42600,65
MTELEKOM,0,20101227,115004,516,100
RABA,0,20101227,115025,809,610
RICHTER,0,20101227,115042,42645,23
RICHTER,0,20101227,115042,42685,10
RICHTER,0,20101227,115042,42690,10
RICHTER,0,20101227,115042,42695,7
RICHTER,0,20101227,115042,42695,25
RICHTER,0,20101227,115042,42700,5
RICHTER,0,20101227,115042,42700,10
RICHTER,0,20101227,115042,42700,1
RICHTER,0,20101227,115042,42700,9
RICHTER,0,20101227,115042,42700,91
PANNERGY,0,20101227,115137,895,78
PANNERGY,0,20101227,115137,895,2500
PVALTO,0,20101227,115159,1400,60
SYNERGON,0,20101227,115214,482,500
RICHTER,0,20101227,115214,42700,9
PHYLAXIA,0,20101227,115313,45,650
MTELEKOM,0,20101227,115313,516,1000
OTP,0,20101227,115323,5160,47
OTP,0,20101227,115323,5160,94
OTP,0,20101227,115410,5159,97
OTP,0,20101227,115410,5158,92
OTP,0,20101227,115410,5158,5
RABA,0,20101227,115415,807,300
OTP,0,20101227,115423,5158,500
ECONET,0,20101227,115534,89,2047
ECONET,0,20101227,115534,89,1000
ECONET,0,20101227,115534,89,2953
OTP,0,20101227,115546,5154,97
OTP,0,20101227,115546,5153,97
OTP,0,20101227,115546,5152,97
OTP,0,20101227,115546,5151,10
OTP,0,20101227,115546,5151,49
ECONET,0,20101227,115559,89,10500
ECONET,0,20101227,115616,89,2497
ECONET,0,20101227,115616,89,500
ECONET,0,20101227,115616,89,1403
ECONET,0,20101227,115700,89,97
ECONET,0,20101227,115700,89,2000
ECONET,0,20101227,115700,89,10
ECONET,0,20101227,115700,88,3893
ECONET,0,20101227,115700,88,250
MTELEKOM,0,20101227,115734,516,163
MTELEKOM,0,20101227,115734,516,337
OTP,0,20101227,115743,5155,40
RFV,0,20101227,115746,8400,20
SYNERGON,0,20101227,115800,482,1000
OTP,0,20101227,115819,5158,106
OTP,0,20101227,115819,5158,400
OTP,0,20101227,115819,5158,1400
OTP,0,20101227,115819,5158,200
OTP,0,20101227,115819,5158,400
OTP,0,20101227,115819,5158,894
PANNERGY,0,20101227,115831,895,108
OTP,0,20101227,115836,5158,106
OTP,0,20101227,115853,5160,56
OTP,0,20101227,115853,5160,744
OTP,0,20101227,115906,5160,56
MTELEKOM,0,20101227,115914,516,200
PANNERGY,0,20101227,115934,894,25
PANNERGY,0,20101227,115934,893,430
PANNERGY,0,20101227,115934,893,200
FOTEX,0,20101227,115936,389,126
FOTEX,0,20101227,115936,389,874
OTP,0,20101227,115941,5160,40
GSPARK,0,20101227,120059,778,72
GSPARK,0,20101227,120059,777,58
RICHTER,0,20101227,120211,42700,1
PANNERGY,0,20101227,120236,891,950
MTELEKOM,0,20101227,120240,516,463
OTP,0,20101227,120357,5162,70
PANNERGY,0,20101227,120415,890,400
PANNERGY,0,20101227,120415,890,309
PANNERGY,0,20101227,120415,890,550
MTELEKOM,0,20101227,120502,515,235
MTELEKOM,0,20101227,120502,515,765
ANY,0,20101227,120550,712,330
SYNERGON,0,20101227,120651,482,1000
OTP,0,20101227,120755,5162,15
OTP,0,20101227,120850,5163,44
SYNERGON,0,20101227,120952,482,5
SYNERGON,0,20101227,120956,481,995
MTELEKOM,0,20101227,121016,515,135
MTELEKOM,0,20101227,121016,515,665
OTP,0,20101227,121017,5165,3
PANNERGY,0,20101227,121034,892,1400
OTP,0,20101227,121127,5164,40
OTP,0,20101227,121127,5160,45
OTP,0,20101227,121138,5164,900
OTP,0,20101227,121141,5160,9
OTP,0,20101227,121141,5160,11
MTELEKOM,0,20101227,121156,515,50
SYNERGON,0,20101227,121407,482,1005
OTP,0,20101227,121410,5160,200
PHYLAXIA,0,20101227,121412,45,10
BUX1112,0,20101227,121456,21906.5,1
OTP,0,20101227,121506,5161,64
OTP,0,20101227,121609,5161,180
OTP,0,20101227,121609,5161,81
OTP,0,20101227,121609,5160,364
OTP,0,20101227,121646,5160,20
RABA,0,20101227,121749,807,1000
OTP,0,20101227,121810,5165,40
OTP,0,20101227,121912,5160,348
OTP,0,20101227,121912,5160,200
OTP,0,20101227,121912,5160,350
OTP,0,20101227,121912,5160,114
OTP,0,20101227,121956,5160,86
RABA,0,20101227,122004,807,1000
MTELEKOM,0,20101227,122011,515,1045
OTP,0,20101227,122016,5160,15
ANY,0,20101227,122028,715,100
MTELEKOM,0,20101227,122033,515,240
MTELEKOM,0,20101227,122033,515,170
MTELEKOM,0,20101227,122033,515,200
MTELEKOM,0,20101227,122033,515,291
BUX1112,0,20101227,122036,21906,1
EGIS,0,20101227,122139,20350,25
EGIS,0,20101227,122139,20350,9
MOL,0,20101227,122257,20370,10
RICHTER,0,20101227,122436,42600,2
RABA,0,20101227,122444,807,1000
SYNERGON,0,20101227,122542,480,10
MTELEKOM,0,20101227,122728,515,1209
MTELEKOM,0,20101227,122728,515,11
MTELEKOM,0,20101227,122728,515,100
MTELEKOM,0,20101227,122728,515,610
OTP,0,20101227,122730,5162,79
OTP,0,20101227,122730,5160,300
OTP,0,20101227,122730,5160,21
OTP,0,20101227,122807,5160,11
OTP,0,20101227,122813,5156,150
OTP,0,20101227,122813,5156,995
OTP,0,20101227,122813,5156,200
OTP,0,20101227,122813,5155,200
OTP,0,20101227,122813,5152,100
OTP,0,20101227,122813,5151,290
OTP,0,20101227,122813,5151,100
OTP,0,20101227,122813,5150,1276
OTP,0,20101227,122813,5150,8
OTP,0,20101227,122813,5150,1000
OTP,0,20101227,122813,5150,167
PHYLAXIA,0,20101227,122829,44,1000
OTP,0,20101227,122942,5150,833
OTP,0,20101227,122942,5150,3
OTP,0,20101227,122942,5150,13
OTP,0,20101227,122942,5150,33
OTP,0,20101227,122942,5150,50
OTP,0,20101227,122942,5150,1000
OTP,0,20101227,122951,5150,1324
RABA,0,20101227,123002,807,2000
OTP,0,20101227,123011,5150,50
FHB,0,20101227,123029,972,5200
HUMET,0,20101227,123038,9,1800
KEG,0,20101227,123051,138,108
OTP,0,20101227,123114,5150,226
OTP,0,20101227,123114,5150,74
GENESIS,0,20101227,123117,184,1000
OTP,0,20101227,123132,5150,2
OTP,0,20101227,123132,5150,1000
FHB,0,20101227,123144,971,150
FHB,0,20101227,123224,970,100
MTELEKOM,0,20101227,123245,516,537
MTELEKOM,0,20101227,123245,516,150
MTELEKOM,0,20101227,123245,517,3125
MTELEKOM,0,20101227,123245,517,110
MTELEKOM,0,20101227,123245,517,5000
MTELEKOM,0,20101227,123245,517,166
MTELEKOM,0,20101227,123245,517,2000
MTELEKOM,0,20101227,123245,517,300
MTELEKOM,0,20101227,123245,517,1000
MTELEKOM,0,20101227,123245,517,5000
MTELEKOM,0,20101227,123245,517,200
MTELEKOM,0,20101227,123245,517,1440
MTELEKOM,0,20101227,123245,517,1300
MTELEKOM,0,20101227,123245,517,1500
MTELEKOM,0,20101227,123245,518,500
MTELEKOM,0,20101227,123245,518,400
MTELEKOM,0,20101227,123245,518,2000
MTELEKOM,0,20101227,123245,518,400
MTELEKOM,0,20101227,123245,518,500
MTELEKOM,0,20101227,123245,518,10
MTELEKOM,0,20101227,123245,518,2000
MTELEKOM,0,20101227,123245,518,500
MTELEKOM,0,20101227,123245,518,16212
MTELEKOM,0,20101227,123250,516,4500
OTP,0,20101227,123258,5155,100
MTELEKOM,0,20101227,123306,516,1000
MOL,0,20101227,123432,20370,50
OTP,0,20101227,123520,5151,270
OTP,0,20101227,123524,5150,35
OTP,0,20101227,123727,5150,274
GSPARK,0,20101227,123735,778,44
GSPARK,0,20101227,123735,777,9
GSPARK,0,20101227,123735,777,147
ORC,0,20101227,123750,1945,14
MOL,0,20101227,123759,20370,32
PHYLAXIA,0,20101227,123811,44,750
OTP,0,20101227,123816,5150,20
GENESIS,0,20101227,123818,187,16
OTP,0,20101227,124022,5152,74
OTP,0,20101227,124022,5150,43
OTP,0,20101227,124204,5155,10
RFV,0,20101227,124324,8400,10
PANNERGY,0,20101227,124456,893,655
OTP,0,20101227,124517,5150,82
OTP,0,20101227,124522,5150,500
OTP,0,20101227,124526,5150,1046
GENESIS,0,20101227,124529,184,20
FHB,0,20101227,124541,971,4000
OTP,0,20101227,124543,5150,180
OTP,0,20101227,124548,5150,1620
OTP,0,20101227,124552,5150,380
OTP,0,20101227,124555,5150,620
OTP,0,20101227,124559,5150,1380
PANNERGY,0,20101227,124619,892,145
OTP,0,20101227,124620,5150,1162
MOL,0,20101227,124645,20370,37
MOL,0,20101227,124645,20350,56
BUX1112,0,20101227,124657,21905,1
FOTEX,0,20101227,124716,387,183
FOTEX,0,20101227,124716,387,8817
FOTEX,0,20101227,124724,386,183
OTP,0,20101227,124732,5150,576
FOTEX,0,20101227,124738,386,400
ANY,0,20101227,124745,720,100
OTP,0,20101227,124828,5150,30
MTELEKOM,0,20101227,124849,517,1000
MTELEKOM,0,20101227,124849,517,1000
MTELEKOM,0,20101227,124849,517,300
MTELEKOM,0,20101227,124849,517,9700
MOL,0,20101227,124854,20350,81
MOL,0,20101227,124854,20350,20
MOL,0,20101227,124854,20350,30
MTELEKOM,0,20101227,124907,517,450
OTP,0,20101227,125102,5153,1
PANNERGY,0,20101227,125110,892,20
MOL,0,20101227,125150,20350,35000
OTP,0,20101227,125236,5153,72
OTP,0,20101227,125236,5150,232
OTP,0,20101227,125236,5150,1000
BUX1112,0,20101227,125242,21905,1
ANY,0,20101227,125246,720,50
MTELEKOM,0,20101227,125518,517,1850
MTELEKOM,0,20101227,125518,517,9150
MTELEKOM,0,20101227,125544,517,28
OTP,0,20101227,125551,5152,73
OTP,0,20101227,125551,5150,327
EGIS,0,20101227,125626,20350,16
OTP,0,20101227,125646,5153,400
OTP,0,20101227,125651,5150,1673
OTP,0,20101227,125723,5150,200
OTP,0,20101227,125726,5150,1800
OTP,0,20101227,125732,5150,200
PANNERGY,0,20101227,125750,891,45000
OTP,0,20101227,125755,5150,1800
OTP,0,20101227,125757,5155,181
OTP,0,20101227,125802,5150,200
OTP,0,20101227,125805,5150,1800
OTP,0,20101227,125807,5150,200
OTP,0,20101227,125810,5150,800
OTP,0,20101227,125812,5150,1200
OTP,0,20101227,125815,5150,800
OTP,0,20101227,125819,5150,1000
OTP,0,20101227,125949,5150,10000
RABA,0,20101227,130107,807,6000
OTP,0,20101227,130118,5150,63
OTP,0,20101227,130157,5150,137
OTP,0,20101227,130157,5150,132
OTP,0,20101227,130308,5150,68
OTP,0,20101227,130308,5150,65
BUX1112,0,20101227,130322,21904,1
MTELEKOM,0,20101227,130401,517,1000
MOL,0,20101227,130404,20370,5
RICHTER,0,20101227,130410,42610,35
RICHTER,0,20101227,130410,42600,27
RICHTER,0,20101227,130412,42600,27
ECONET,0,20101227,130433,88,5857
ECONET,0,20101227,130433,88,143
BUX1112,0,20101227,130541,21901,1
PHYLAXIA,0,20101227,130614,44,3250
MTELEKOM,0,20101227,130635,517,822
MTELEKOM,0,20101227,130635,517,516
ANY,0,20101227,130654,715,450
MTELEKOM,0,20101227,130658,516,270
MTELEKOM,0,20101227,130711,517,484
MTELEKOM,0,20101227,130711,517,105
MTELEKOM,0,20101227,130711,517,40
MTELEKOM,0,20101227,130711,517,9371
RICHTER,0,20101227,130736,42550,2
RICHTER,0,20101227,130736,42550,12
ZWACK,0,20101227,130758,13350,63
ZWACK,0,20101227,130758,13350,8
OTP,0,20101227,130815,5154,20
OTP,0,20101227,130911,5155,201
OTP,0,20101227,130938,5155,20
OTP,0,20101227,130945,5155,8
OTP,0,20101227,131103,5154,10
EGIS,0,20101227,131124,20350,14
EGIS,0,20101227,131124,20350,8
OTP,0,20101227,131148,5154,42
OTP,0,20101227,131148,5150,61
OTP,0,20101227,131148,5150,647
PANNERGY,0,20101227,131148,891,300
KEG,0,20101227,131242,138,792
KEG,0,20101227,131242,138,800
KEG,0,20101227,131242,138,200
KEG,0,20101227,131242,138,208
ANY,0,20101227,131350,717,200
OTP,0,20101227,131400,5150,1500
OTP,0,20101227,131455,5150,270
MTELEKOM,0,20101227,131501,517,629
MTELEKOM,0,20101227,131501,517,17371
RABA,0,20101227,131513,807,5000
OTP,0,20101227,131532,5150,1500
RABA,0,20101227,131537,807,1600
MTELEKOM,0,20101227,131548,517,629
MTELEKOM,0,20101227,131548,518,200
MTELEKOM,0,20101227,131548,518,9171
MOL,0,20101227,131601,20335,3
MOL,0,20101227,131601,20330,2
OTP,0,20101227,131643,5154,200
OTP,0,20101227,131643,5155,40
OTP,0,20101227,131643,5155,100
OTP,0,20101227,131643,5155,500
OTP,0,20101227,131643,5156,100
OTP,0,20101227,131643,5158,30
OTP,0,20101227,131643,5159,968
RICHTER,0,20101227,131738,42600,11
ANY,0,20101227,131821,720,125
OTP,0,20101227,131905,5152,73
OTP,0,20101227,131905,5150,83
OTP,0,20101227,131905,5150,544
MOL,0,20101227,132052,20330,26
MOL,0,20101227,132052,20330,5
OTP,0,20101227,132302,5150,385
ELMU,0,20101227,132449,27400,6
OTP,0,20101227,132532,5154,72
OTP,0,20101227,132532,5150,198
GENESIS,0,20101227,132628,185,350
ECONET,0,20101227,132653,89,400
GENESIS,0,20101227,132747,184,150
PHYLAXIA,0,20101227,132822,44,600
MOL,0,20101227,132857,20330,69
RABA,0,20101227,132900,807,10
OTP,0,20101227,132958,5152,5
EGIS,0,20101227,133111,20350,12
ECONET,0,20101227,133115,88,3000
PANNERGY,0,20101227,133116,892,25
PANNERGY,0,20101227,133116,891,700
PANNERGY,0,20101227,133116,890,1641
PANNERGY,0,20101227,133116,890,100
PANNERGY,0,20101227,133116,890,100
HUMET,0,20101227,133203,9,10000
PANNERGY,0,20101227,133213,890,550
EMASZ,0,20101227,133325,21300,10
PANNERGY,0,20101227,133333,890,500
PANNERGY,0,20101227,133348,889,1000
PANNERGY,0,20101227,133348,888,91
PANNERGY,0,20101227,133348,888,1000
PANNERGY,0,20101227,133348,888,75
PANNERGY,0,20101227,133348,888,24
PANNERGY,0,20101227,133348,887,103
PANNERGY,0,20101227,133348,886,3091
MOL,0,20101227,133411,20350,136
EGIS,0,20101227,133542,20350,8
EGIS,0,20101227,133553,20300,50
MTELEKOM,0,20101227,133606,517,33
MTELEKOM,0,20101227,133619,517,2150
ELMU,0,20101227,133638,27000,1
OTP,0,20101227,133646,5153,50
SYNERGON,0,20101227,133655,481,220
SYNERGON,0,20101227,133655,480,280
SYNERGON,0,20101227,133655,480,400
ELMU,0,20101227,133713,26700,1
ELMU,0,20101227,133713,26630,2
FHB,0,20101227,133723,973,140
FHB,0,20101227,133723,973,59
FHB,0,20101227,133754,974,1
MTELEKOM,0,20101227,133830,517,2875
BUX1112,0,20101227,133928,21901,1
OTP,0,20101227,134012,5155,23
FOTEX,0,20101227,134032,386,400
SYNERGON,0,20101227,134059,480,300
BUX1112,0,20101227,134240,21905,5
OTP,0,20101227,134241,5155,78
PANNERGY,0,20101227,134257,888,3000
OTP,0,20101227,134307,5155,99
OTP,0,20101227,134307,5155,180
OTP,0,20101227,134307,5155,185
OTP,0,20101227,134307,5155,409
OTP,0,20101227,134403,5154,73
OTP,0,20101227,134403,5150,2000
OTP,0,20101227,134409,5150,1000
OTP,0,20101227,134412,5150,427
OTP,0,20101227,134420,5150,573
OTP,0,20101227,134427,5150,1427
BUX1112,0,20101227,134435,21900.5,1
ECONET,0,20101227,134614,89,15
KEG,0,20101227,134641,138,1
RFV,0,20101227,134721,8371,40
RFV,0,20101227,134721,8370,12
RFV,0,20101227,134832,8350,41
RFV,0,20101227,134832,8345,50
OTP,0,20101227,134852,5152,75
OTP,0,20101227,134907,5151,200
RFV,0,20101227,134938,8370,39
RFV,0,20101227,134938,8400,60
RFV,0,20101227,134938,8400,20
OTP,0,20101227,135019,5151,3500
RFV,0,20101227,135043,8401,22
RFV,0,20101227,135053,8401,37
RFV,0,20101227,135053,8450,80
SYNERGON,0,20101227,135058,480,138
FHB,0,20101227,135108,974,11
FHB,0,20101227,135108,974,150
RABA,0,20101227,135154,806,100
OTP,0,20101227,135210,5147,204
OTP,0,20101227,135222,5150,50
SYNERGON,0,20101227,135257,482,2000
PANNERGY,0,20101227,135305,888,1000
OTP,0,20101227,135414,5152,20
KEG,0,20101227,135420,140,35
RFV,0,20101227,135431,8475,10
OTP,0,20101227,135607,5151,75
OTP,0,20101227,135607,5151,76
PANNERGY,0,20101227,135630,896,27
FHB,0,20101227,135640,975,50
FHB,0,20101227,135640,976,180
FHB,0,20101227,135640,977,47
ECONET,0,20101227,135641,88,100
ECONET,0,20101227,135641,88,1
OTP,0,20101227,135706,5150,100
KEG,0,20101227,135707,140,177
KEG,0,20101227,135707,140,600
KEG,0,20101227,135707,140,133
OTP,0,20101227,135740,5150,249
MOL,0,20101227,135755,20350,10
OTP,0,20101227,135835,5152,195
OTP,0,20101227,135905,5153,400
OTP,0,20101227,140003,5153,135
OTP,0,20101227,140003,5153,79
OTP,0,20101227,140003,5150,1072
OTP,0,20101227,140007,5150,1102
OTP,0,20101227,140011,5150,1898
ECONET,0,20101227,140022,89,1
FOTEX,0,20101227,140131,386,300
OTP,0,20101227,140137,5152,290
BUX1112,0,20101227,140150,21900,5
FOTEX,0,20101227,140203,386,200
BUX1112,0,20101227,140317,21900,1
MOL,0,20101227,140318,20350,22
MOL,0,20101227,140318,20350,103
MOL,0,20101227,140318,20350,20
MOL,0,20101227,140318,20350,10
OTP,0,20101227,140415,5151,455
OTP,0,20101227,140429,5153,602
ECONET,0,20101227,140500,89,10
OTP,0,20101227,140501,5150,140
HUMET,0,20101227,140504,9,20000
OTP,0,20101227,140527,5153,1000
MTELEKOM,0,20101227,140531,516,1730
MTELEKOM,0,20101227,140531,516,800
MTELEKOM,0,20101227,140531,516,170
BUX1112,0,20101227,140540,21900,1
MTELEKOM,0,20101227,140606,516,166
MTELEKOM,0,20101227,140608,517,2700
OTP,0,20101227,140639,5153,108
OTP,0,20101227,140639,5153,1392
OTP,0,20101227,140712,5147,561
OTP,0,20101227,140712,5145,202
OTP,0,20101227,140712,5145,10
OTP,0,20101227,140712,5141,20
OTP,0,20101227,140712,5140,155
OTP,0,20101227,140712,5140,540
OTP,0,20101227,140712,5140,130
OTP,0,20101227,140712,5140,50
OTP,0,20101227,140712,5140,100
OTP,0,20101227,140712,5140,200
OTP,0,20101227,140712,5137,2
OTP,0,20101227,140712,5137,1500
OTP,0,20101227,140712,5136,1300
OTP,0,20101227,140712,5135,220
OTP,0,20101227,140712,5135,13
OTP,0,20101227,140712,5135,30
OTP,0,20101227,140712,5135,30
OTP,0,20101227,140712,5135,200
OTP,0,20101227,140712,5133,633
OTP,0,20101227,140712,5131,50
OTP,0,20101227,140712,5131,50
OTP,0,20101227,140712,5130,600
OTP,0,20101227,140712,5130,100
OTP,0,20101227,140712,5130,204
OTP,0,20101227,140712,5130,58
OTP,0,20101227,140712,5130,238
OTP,0,20101227,140712,5130,39
OTP,0,20101227,140712,5130,150
OTP,0,20101227,140712,5130,200
OTP,0,20101227,140712,5128,300
OTP,0,20101227,140712,5126,15
OTP,0,20101227,140712,5125,15
OTP,0,20101227,140712,5125,190
OTP,0,20101227,140712,5125,85
OTP,0,20101227,140712,5123,18
OTP,0,20101227,140712,5122,130
OTP,0,20101227,140712,5122,500
OTP,0,20101227,140712,5122,23
OTP,0,20101227,140712,5122,1000
OTP,0,20101227,140712,5120,58
OTP,0,20101227,140712,5120,15
OTP,0,20101227,140712,5120,19
OTP,0,20101227,140712,5120,182
OTP,0,20101227,140715,5121,644
OTP,0,20101227,140715,5121,358
OTP,0,20101227,140715,5122,286
OTP,0,20101227,140716,5122,644
OTP,0,20101227,140716,5122,71
OTP,0,20101227,140716,5123,644
OTP,0,20101227,140716,5123,356
OTP,0,20101227,140716,5124,288
OTP,0,20101227,140717,5124,644
OTP,0,20101227,140717,5124,67
OTP,0,20101227,140717,5125,577
OTP,0,20101227,140717,5125,421
OTP,0,20101227,140718,5154,1105
BUX1112,0,20101227,140718,21900,4
BUX1112,0,20101227,140718,21900,2
BUX1112,0,20101227,140718,21900,4
OTP,0,20101227,140722,5154,1105
OTP,0,20101227,140722,5150,100
OTP,0,20101227,140728,5150,123
OTP,0,20101227,140728,5150,644
OTP,0,20101227,140728,5150,644
OTP,0,20101227,140728,5150,644
OTP,0,20101227,140728,5150,81
OTP,0,20101227,140728,5150,644
OTP,0,20101227,140728,5150,644
OTP,0,20101227,140728,5150,644
MTELEKOM,0,20101227,140737,516,664
MTELEKOM,0,20101227,140737,516,200
MTELEKOM,0,20101227,140737,516,1600
MTELEKOM,0,20101227,140737,516,1536
OTP,0,20101227,140745,5149,79
ECONET,0,20101227,140754,89,650
OTP,0,20101227,140757,5148,200
OTP,0,20101227,140757,5149,271
OTP,0,20101227,140757,5150,1000
OTP,0,20101227,140757,5150,2000
OTP,0,20101227,140757,5150,6529
BUX1112,0,20101227,140833,21900,1
OTP,0,20101227,140839,5143,1000
OTP,0,20101227,140839,5145,1000
OTP,0,20101227,140839,5146,53
OTP,0,20101227,140839,5148,179
OTP,0,20101227,140839,5148,2768
ECONET,0,20101227,140854,88,3000
OTP,0,20101227,140854,5131,105
MOL,0,20101227,140908,20350,135
BUX1112,0,20101227,140958,21895,1
BUX1112,0,20101227,140958,21893,1
OTP,0,20101227,141012,5140,1000
OTP,0,20101227,141012,5140,240
MTELEKOM,0,20101227,141135,516,198
MTELEKOM,0,20101227,141135,515,2
MTELEKOM,0,20101227,141135,515,4158
MTELEKOM,0,20101227,141135,515,400
MTELEKOM,0,20101227,141135,515,800
MTELEKOM,0,20101227,141135,515,1300
MTELEKOM,0,20101227,141135,515,1920
MTELEKOM,0,20101227,141135,515,4422
MTELEKOM,0,20101227,141146,516,1500
MOL,0,20101227,141152,20375,15
MTELEKOM,0,20101227,141212,515,84
SYNERGON,0,20101227,141234,480,362
MOL,0,20101227,141257,20375,1
MTELEKOM,0,20101227,141304,516,9100
SYNERGON,0,20101227,141318,477,138
MTELEKOM,0,20101227,141323,516,3200
MOL,0,20101227,141326,20300,32
FOTEX,0,20101227,141333,386,1167
OTP,0,20101227,141337,5139,2
HUMET,0,20101227,141347,9,33333
OTP,0,20101227,141456,5131,2
BUX1112,0,20101227,141518,21893,6
BUX1112,0,20101227,141518,21890,4
MTELEKOM,0,20101227,141524,517,2242
MTELEKOM,0,20101227,141524,517,400
MTELEKOM,0,20101227,141524,517,2650
MTELEKOM,0,20101227,141524,517,5000
MTELEKOM,0,20101227,141524,517,3500
MTELEKOM,0,20101227,141524,517,1100
OTP,0,20101227,141526,5135,9
RICHTER,0,20101227,141543,42600,7
MTELEKOM,0,20101227,141602,517,5000
OTP,0,20101227,141611,5135,78
BUX1112,0,20101227,141619,21890,1
OTP,0,20101227,141624,5135,922
OTP,0,20101227,141642,5139,18
OTP,0,20101227,141642,5140,282
OTP,0,20101227,141650,5135,78
OTP,0,20101227,141650,5132,2
BUX1112,0,20101227,141652,21886,1
BUX1112,0,20101227,141652,21882,1
OTP,0,20101227,141710,5134,79
OTP,0,20101227,141710,5132,21
RABA,0,20101227,141714,806,140
RABA,0,20101227,141714,806,70
RICHTER,0,20101227,141741,42600,40
RICHTER,0,20101227,141755,42600,9
OTP,0,20101227,141758,5133,295
PHYLAXIA,0,20101227,141819,44,1500
PANNERGY,0,20101227,141928,896,300
HUMET,0,20101227,141947,9,5000
RICHTER,0,20101227,141948,42690,10
RICHTER,0,20101227,141948,42695,6
RICHTER,0,20101227,141948,42700,100
RICHTER,0,20101227,141948,42720,1
RICHTER,0,20101227,141948,42725,4
RICHTER,0,20101227,141948,42740,1
HUMET,0,20101227,142036,9,10000
MTELEKOM,0,20101227,142103,517,108
OTP,0,20101227,142116,5135,570
OTP,0,20101227,142123,5135,615
OTP,0,20101227,142131,5133,205
OTP,0,20101227,142131,5133,250
OTP,0,20101227,142131,5133,290
HUMET,0,20101227,142134,9,5000
KEG,0,20101227,142137,138,1791
KEG,0,20101227,142137,138,1500
KEG,0,20101227,142137,138,159
BUX1112,0,20101227,142211,21882,2
BUX1112,0,20101227,142211,21881,1
BUX1112,0,20101227,142211,21881,2
OTP,0,20101227,142246,5135,750
OTP,0,20101227,142246,5135,92
OTP,0,20101227,142246,5135,20
MOL,0,20101227,142320,20350,150
MTELEKOM,0,20101227,142340,516,1710
OTP,0,20101227,142359,5132,122
BUX1112,0,20101227,142406,21880,9
RICHTER,0,20101227,142417,42745,1
RICHTER,0,20101227,142417,42745,1
KEG,0,20101227,142452,139,900
MTELEKOM,0,20101227,142518,516,1625
MTELEKOM,0,20101227,142526,517,392
MTELEKOM,0,20101227,142526,517,500
HUMET,0,20101227,142605,9,5000
OTP,0,20101227,142617,5140,13
BUX1112,0,20101227,142634,21880.5,2
BUX1112,0,20101227,142634,21880,1
OTP,0,20101227,142639,5137,845
MTELEKOM,0,20101227,142652,517,250
PFLAX,0,20101227,142751,534,9
PANNERGY,0,20101227,142757,893,100
PANNERGY,0,20101227,142757,893,25
PANNERGY,0,20101227,142757,890,560
PANNERGY,0,20101227,142757,890,200
PANNERGY,0,20101227,142757,889,100
PANNERGY,0,20101227,142757,889,1500
PANNERGY,0,20101227,142757,888,2115
OTP,0,20101227,142817,5135,18
MTELEKOM,0,20101227,142921,517,1000
DANUBIUS,0,20101227,142931,4400,85
RABA,0,20101227,142943,806,80
RABA,0,20101227,142943,806,250
RABA,0,20101227,142943,806,650
BUX1112,0,20101227,142948,21880,1
RABA,0,20101227,142953,807,330
RABA,0,20101227,143022,803,300
RABA,0,20101227,143022,802,629
RABA,0,20101227,143022,802,150
RABA,0,20101227,143022,802,130
RABA,0,20101227,143022,801,157
RABA,0,20101227,143022,801,125
RABA,0,20101227,143022,801,250
RABA,0,20101227,143022,801,300
RABA,0,20101227,143022,800,1100
RABA,0,20101227,143022,800,1000
RABA,0,20101227,143022,800,17
RABA,0,20101227,143022,800,200
RABA,0,20101227,143022,800,130
RABA,0,20101227,143022,800,512
TVK,0,20101227,143051,3330,58
TVK,0,20101227,143051,3325,40
EGIS,0,20101227,143202,20300,12
EGIS,0,20101227,143202,20300,30
EGIS,0,20101227,143202,20300,58
OTP,0,20101227,143235,5140,1250
OTP,0,20101227,143257,5136,2
OTP,0,20101227,143258,5140,147
OTP,0,20101227,143258,5140,15
OTP,0,20101227,143258,5140,25
OTP,0,20101227,143258,5140,63
OTP,0,20101227,143302,5136,2
OTP,0,20101227,143309,5140,250
OTP,0,20101227,143316,5136,2
OTP,0,20101227,143326,5140,250
OTP,0,20101227,143329,5136,2
OTP,0,20101227,143331,5139,89
OTP,0,20101227,143331,5140,161
OTP,0,20101227,143335,5136,2
OTP,0,20101227,143337,5140,250
OTP,0,20101227,143340,5136,2
OTP,0,20101227,143341,5140,26
OTP,0,20101227,143344,5140,2
MTELEKOM,0,20101227,143344,517,5
OTP,0,20101227,143354,5140,222
OTP,0,20101227,143354,5136,38
OTP,0,20101227,143354,5136,98
OTP,0,20101227,143354,5135,232
OTP,0,20101227,143354,5134,10
OTP,0,20101227,143358,5134,2
MTELEKOM,0,20101227,143434,517,4
MOL,0,20101227,143529,20300,32
MTELEKOM,0,20101227,143647,517,458000
OTP,0,20101227,143707,5139,85
MTELEKOM,0,20101227,143715,517,349
MTELEKOM,0,20101227,143715,517,250
OTP,0,20101227,143837,5139,15
HUMET,0,20101227,144050,9,6377
HUMET,0,20101227,144050,9,11500
HUMET,0,20101227,144050,9,2500
RFV,0,20101227,144057,8475,5
OTP,0,20101227,144159,5138,106
OTP,0,20101227,144159,5138,10
OTP,0,20101227,144159,5137,116
OTP,0,20101227,144159,5136,68
PANNERGY,0,20101227,144209,889,45
FOTEX,0,20101227,144314,386,3000
OTP,0,20101227,144409,5139,1491
RABA,0,20101227,144420,801,1650
MTELEKOM,0,20101227,144427,516,500
MTELEKOM,0,20101227,144450,517,250
MTELEKOM,0,20101227,144504,516,500
MTELEKOM,0,20101227,144504,516,500
MTELEKOM,0,20101227,144504,516,2000
OTP,0,20101227,144512,5139,250
OTP,0,20101227,144512,5139,115
FHB,0,20101227,144545,972,1000
TVK,0,20101227,144554,3330,30
RABA,0,20101227,144639,802,150
EGIS,0,20101227,144647,20300,2200
DANUBIUS,0,20101227,144654,4400,50
OTP,0,20101227,144715,5139,31
OTP,0,20101227,144715,5138,116
OTP,0,20101227,144715,5137,116
OTP,0,20101227,144715,5137,500
OTP,0,20101227,144733,5136,48
OTP,0,20101227,144733,5136,250
OTP,0,20101227,144733,5135,164
OTP,0,20101227,144733,5135,500
OTP,0,20101227,144733,5135,250
BUX1112,0,20101227,144749,21881,1
BUX1112,0,20101227,144749,21880,2
ORC,0,20101227,144804,1980,2
OTP,0,20101227,144955,5137,1
BUX1112,0,20101227,144957,21881,1
BUX1112,0,20101227,144957,21880,7
OTP,0,20101227,145008,5134,138
OTP,0,20101227,145008,5132,55
OTP,0,20101227,145008,5131,104
BUX1112,0,20101227,145129,21880,1
BUX1112,0,20101227,145129,21880,4
MOL,0,20101227,145209,20300,20
OTP,0,20101227,145257,5134,16
OTP,0,20101227,145258,5133,125
OTP,0,20101227,145258,5132,50
OTP,0,20101227,145258,5131,125
EGIS,0,20101227,145259,20350,17409
MTELEKOM,0,20101227,145322,516,21
OTP,0,20101227,145358,5133,100
OTP,0,20101227,145421,5134,9
OTP,0,20101227,145421,5135,41
PHYLAXIA,0,20101227,145443,44,73946
PHYLAXIA,0,20101227,145443,44,1000
PHYLAXIA,0,20101227,145443,44,10
PHYLAXIA,0,20101227,145443,44,8000
PHYLAXIA,0,20101227,145443,44,2200
PHYLAXIA,0,20101227,145443,44,1525
PHYLAXIA,0,20101227,145443,44,2319
OTP,0,20101227,145448,5133,12
MOL,0,20101227,145458,20300,16
OTP,0,20101227,145609,5134,29
OTP,0,20101227,145628,5134,169
OTP,0,20101227,145628,5135,31
PHYLAXIA,0,20101227,145701,44,581
PHYLAXIA,0,20101227,145701,43,1
MTELEKOM,0,20101227,145718,517,651
MTELEKOM,0,20101227,145718,517,349
OTP,0,20101227,145721,5135,28
OTP,0,20101227,145721,5137,72
BUX1112,0,20101227,145819,21881,3
BUX1112,0,20101227,145819,21880,1
BUX1112,0,20101227,145819,21880,1
OTP,0,20101227,145826,5135,205
MTELEKOM,0,20101227,145840,517,271
MTELEKOM,0,20101227,145840,517,200
MTELEKOM,0,20101227,145840,517,100
MTELEKOM,0,20101227,145840,517,429
MTELEKOM,0,20101227,145846,516,979
MTELEKOM,0,20101227,145846,516,21
OTP,0,20101227,145917,5136,2200
OTP,0,20101227,145929,5137,295
OTP,0,20101227,145940,5137,200
OTP,0,20101227,145940,5135,137
OTP,0,20101227,145940,5135,63
OTP,0,20101227,145941,5135,437
RICHTER,0,20101227,150038,42650,1
RICHTER,0,20101227,150038,42700,10
PHYLAXIA,0,20101227,150130,43,93
MOL,0,20101227,150159,20300,50
PHYLAXIA,0,20101227,150206,44,381
PANNERGY,0,20101227,150210,895,20
MTELEKOM,0,20101227,150235,516,200
ECONET,0,20101227,150306,88,55
KEG,0,20101227,150337,140,867
KEG,0,20101227,150337,140,1000
KEG,0,20101227,150337,140,133
KEG,0,20101227,150352,140,867
KEG,0,20101227,150352,140,50
MOL,0,20101227,150407,20300,4
MOL,0,20101227,150407,20300,100
MOL,0,20101227,150407,20300,10
MOL,0,20101227,150407,20300,73
MOL,0,20101227,150408,20320,10
MTELEKOM,0,20101227,150409,516,779
MTELEKOM,0,20101227,150409,516,7
MOL,0,20101227,150413,20350,14
ZWACK,0,20101227,150413,13350,29
ZWACK,0,20101227,150413,13350,1
RABA,0,20101227,150428,801,15
OTP,0,20101227,150428,5133,88
OTP,0,20101227,150428,5133,7
MTELEKOM,0,20101227,150445,515,2000
KEG,0,20101227,150449,141,1000
KEG,0,20101227,150449,141,800
KEG,0,20101227,150449,141,523
KEG,0,20101227,150449,141,577
OTP,0,20101227,150538,5131,2
FHB,0,20101227,150600,975,35
FHB,0,20101227,150631,975,65
RABA,0,20101227,150640,802,34
OTP,0,20101227,150656,5132,1
FHB,0,20101227,150704,971,150
FHB,0,20101227,150704,967,50
FHB,0,20101227,150704,966,100
FHB,0,20101227,150704,966,150
FHB,0,20101227,150704,965,87
FHB,0,20101227,150704,965,200
FHB,0,20101227,150704,964,2000
FHB,0,20101227,150704,960,68
FHB,0,20101227,150704,960,200
OTP,0,20101227,150712,5132,149
OTP,0,20101227,150726,5131,49
OTP,0,20101227,150726,5131,100
OTP,0,20101227,150726,5130,351
OTP,0,20101227,150739,5130,51
OTP,0,20101227,150745,5130,98
OTP,0,20101227,150745,5130,11
FHB,0,20101227,150754,976,5
OTP,0,20101227,150801,5126,2
FHB,0,20101227,150807,976,2
RABA,0,20101227,150830,802,966
OTP,0,20101227,150838,5130,66
FOTEX,0,20101227,150845,382,12
OTP,0,20101227,150846,5128,3530
OTP,0,20101227,150856,5129,66
OTP,0,20101227,150856,5130,107
OTP,0,20101227,150856,5130,60
OTP,0,20101227,150856,5130,15
BUX1112,0,20101227,150901,21898.5,2
BUX1112,0,20101227,150901,21899,3
BUX1112,0,20101227,150901,21900,1
SYNERGON,0,20101227,150905,477,5
BUX1112,0,20101227,150909,21900,1
HUMET,0,20101227,150911,9,5333
MTELEKOM,0,20101227,150916,516,14
MTELEKOM,0,20101227,150916,516,351
GENESIS,0,20101227,150933,184,30
GENESIS,0,20101227,150934,184,1720
HUMET,0,20101227,150950,9,3333
PHYLAXIA,0,20101227,151014,44,1000
MTELEKOM,0,20101227,151119,515,1000
OTP,0,20101227,151132,5127,20
OTP,0,20101227,151132,5128,10
AAA,0,20101227,151155,221,1000
GENESIS,0,20101227,151200,184,30
GENESIS,0,20101227,151212,184,570
GENESIS,0,20101227,151212,183,50
GENESIS,0,20101227,151212,183,500
GENESIS,0,20101227,151212,182,380
PHYLAXIA,0,20101227,151225,44,3000
EMASZ,0,20101227,151251,21200,10
MTELEKOM,0,20101227,151301,516,1000
FOTEX,0,20101227,151316,382,100
FHB,0,20101227,151322,976,20
RICHTER,0,20101227,151327,42700,5
OTP,0,20101227,151338,5126,10
OTP,0,20101227,151339,5128,10
RABA,0,20101227,151344,803,2843
EMASZ,0,20101227,151401,21200,3
OTP,0,20101227,151404,5128,10
OTP,0,20101227,151405,5126,40
OTP,0,20101227,151405,5125,400
OTP,0,20101227,151405,5125,60
OTP,0,20101227,151411,5125,190
OTP,0,20101227,151411,5125,100
OTP,0,20101227,151411,5125,200
OTP,0,20101227,151411,5125,200
SYNERGON,0,20101227,151419,480,209
RABA,0,20101227,151424,802,25
OTP,0,20101227,151428,5128,30
OTP,0,20101227,151515,5128,14
PHYLAXIA,0,20101227,151516,44,1922
PHYLAXIA,0,20101227,151516,44,3997
OTP,0,20101227,151537,5125,69
HUMET,0,20101227,151547,9,100
MTELEKOM,0,20101227,151621,515,4494
MTELEKOM,0,20101227,151621,515,8000
MTELEKOM,0,20101227,151621,515,645
MTELEKOM,0,20101227,151621,515,679
MTELEKOM,0,20101227,151621,515,679
MTELEKOM,0,20101227,151621,515,500
MTELEKOM,0,20101227,151621,515,3500
MTELEKOM,0,20101227,151621,515,10
MTELEKOM,0,20101227,151621,515,425
MTELEKOM,0,20101227,151623,515,1068
MTELEKOM,0,20101227,151639,515,3932
OTP,0,20101227,151641,5128,400
OTP,0,20101227,151653,5128,200
OTP,0,20101227,151709,5128,15
ZWACK,0,20101227,151722,13350,5
OTP,0,20101227,151726,5125,96
OTP,0,20101227,151726,5125,50
OTP,0,20101227,151726,5125,250
EGIS,0,20101227,151755,20270,30
CSEPEL,0,20101227,151811,259,140
OTP,0,20101227,151821,5124,604
OTP,0,20101227,151821,5125,116
GENESIS,0,20101227,151832,182,40
GENESIS,0,20101227,151832,182,250
GENESIS,0,20101227,151832,182,210
OTP,0,20101227,151834,5125,142
OTP,0,20101227,151839,5125,2
FHB,0,20101227,151929,970,1808
OTP,0,20101227,151936,5124,12
MOL,0,20101227,152033,20305,20
OTP,0,20101227,152052,5124,188
OTP,0,20101227,152052,5125,300
OTP,0,20101227,152052,5125,120
OTP,0,20101227,152052,5128,545
OTP,0,20101227,152052,5128,847
OTP,0,20101227,152106,5125,32
OTP,0,20101227,152121,5127,300
MTELEKOM,0,20101227,152126,514,500
OTP,0,20101227,152134,5127,100
OTP,0,20101227,152156,5127,250
MTELEKOM,0,20101227,152201,515,500
MTELEKOM,0,20101227,152201,515,17
MTELEKOM,0,20101227,152201,515,1433
MOL,0,20101227,152205,20300,22
MTELEKOM,0,20101227,152213,515,500
MTELEKOM,0,20101227,152227,515,17
MTELEKOM,0,20101227,152231,515,983
EGIS,0,20101227,152244,20270,10
OTP,0,20101227,152248,5126,100
OTP,0,20101227,152248,5127,150
EGIS,0,20101227,152323,20270,20
OTP,0,20101227,152326,5128,1000
OTP,0,20101227,152338,5128,153
OTP,0,20101227,152338,5130,97
FHB,0,20101227,152424,972,300
OTP,0,20101227,152427,5127,33
BUX1112,0,20101227,152433,21913,1
GENESIS,0,20101227,152449,183,59
FHB,0,20101227,152528,973,15
DANUBIUS,0,20101227,152652,4420,5
MOL,0,20101227,152704,20300,15
RABA,0,20101227,152711,807,10
FHB,0,20101227,152723,973,12
KEG,0,20101227,152725,140,83
KEG,0,20101227,152725,139,100
KEG,0,20101227,152725,139,1317
BUX1112,0,20101227,152734,21913,9
MTELEKOM,0,20101227,152749,515,17
MTELEKOM,0,20101227,152749,515,183
MOL,0,20101227,152840,20305,10
MTELEKOM,0,20101227,152842,514,200
MOL,0,20101227,152843,20305,80
MOL,0,20101227,152843,20350,6
MOL,0,20101227,152843,20350,41
MOL,0,20101227,152843,20350,26
MOL,0,20101227,152843,20350,100
MOL,0,20101227,152843,20350,300
MOL,0,20101227,152855,20390,20
MOL,0,20101227,152858,20395,25
MOL,0,20101227,152858,20395,4
MOL,0,20101227,152901,20400,44
MOL,0,20101227,152905,20400,9
MOL,0,20101227,152905,20400,9
MOL,0,20101227,152905,20400,8
MOL,0,20101227,152905,20400,21
OTP,0,20101227,152907,5128,147
OTP,0,20101227,152907,5128,199
OTP,0,20101227,152912,5125,1
OTP,0,20101227,152914,5128,10
OTP,0,20101227,152922,5128,144
OTP,0,20101227,152922,5129,660
OTP,0,20101227,152922,5130,888
OTP,0,20101227,152922,5130,1000
OTP,0,20101227,152922,5130,390
MOL,0,20101227,152926,20325,123
MOL,0,20101227,152928,20400,39
MOL,0,20101227,152928,20400,8
OTP,0,20101227,152929,5130,1000
OTP,0,20101227,152932,5130,21
OTP,0,20101227,152932,5130,897
BUX1112,0,20101227,152943,21914.5,3
BUX1112,0,20101227,152943,21915,5
BUX1112,0,20101227,152943,21919,1
BUX1112,0,20101227,152943,21920,15
OTP,0,20101227,153013,5130,217
OTP,0,20101227,153028,5125,152
FHB,0,20101227,153057,970,985
OTP,0,20101227,153102,5130,386
OTP,0,20101227,153113,5133,4
BUX1112,0,20101227,153119,21920,1
BUX1112,0,20101227,153138,21920,4
BUX1112,0,20101227,153153,21920,10
MTELEKOM,0,20101227,153157,515,3
BUX1112,0,20101227,153203,21920,4
OTP,0,20101227,153213,5133,1
OTP,0,20101227,153213,5133,199
OTP,0,20101227,153214,5132,1221
OTP,0,20101227,153241,5130,114
OTP,0,20101227,153246,5130,500
RABA,0,20101227,153419,805,500
OTP,0,20101227,153424,5129,9
MTELEKOM,0,20101227,153436,514,700
MTELEKOM,0,20101227,153436,514,5000
MTELEKOM,0,20101227,153436,514,100
MTELEKOM,0,20101227,153436,514,1000
MTELEKOM,0,20101227,153436,514,480
MTELEKOM,0,20101227,153436,514,5000
MTELEKOM,0,20101227,153436,514,300
MTELEKOM,0,20101227,153436,514,300
MTELEKOM,0,20101227,153436,514,1300
MTELEKOM,0,20101227,153436,514,400
MTELEKOM,0,20101227,153436,514,19815
MTELEKOM,0,20101227,153436,514,1000
MTELEKOM,0,20101227,153436,514,500
MTELEKOM,0,20101227,153436,514,400
MTELEKOM,0,20101227,153436,514,1100
MTELEKOM,0,20101227,153436,514,5000
MTELEKOM,0,20101227,153436,514,600
MTELEKOM,0,20101227,153436,514,5000
MTELEKOM,0,20101227,153436,514,5000
MTELEKOM,0,20101227,153436,514,5000
MTELEKOM,0,20101227,153436,514,200
OTP,0,20101227,153437,5130,100
MOL,0,20101227,153442,20350,53
MOL,0,20101227,153511,20380,50
MTELEKOM,0,20101227,153513,514,3900
OTP,0,20101227,153521,5129,21
OTP,0,20101227,153521,5125,119
MTELEKOM,0,20101227,153538,514,1000
EMASZ,0,20101227,153540,21200,15
OTP,0,20101227,153544,5125,100
MTELEKOM,0,20101227,153551,514,427
RABA,0,20101227,153634,802,846
OTP,0,20101227,153641,5125,129
OTP,0,20101227,153641,5125,217
RABA,0,20101227,153643,802,300
OTP,0,20101227,153647,5123,25
OTP,0,20101227,153647,5122,50
OTP,0,20101227,153647,5122,12
OTP,0,20101227,153712,5122,488
OTP,0,20101227,153712,5122,166
OTP,0,20101227,153714,5125,10
KEG,0,20101227,153718,139,50
BUX1112,0,20101227,153744,21900,20
OTP,0,20101227,153819,5123,54
OTP,0,20101227,153911,5125,20
OTP,0,20101227,153920,5125,50
OTP,0,20101227,153940,5125,30
OTP,0,20101227,153940,5125,54
BUX1112,0,20101227,153957,21900,1
OTP,0,20101227,154006,5125,34
OTP,0,20101227,154017,5125,466
OTP,0,20101227,154034,5124,300
MTELEKOM,0,20101227,154140,514,230
MOL,0,20101227,154215,20355,7
OTP,0,20101227,154306,5127,20
OTP,0,20101227,154336,5127,600
MOL,0,20101227,154340,20400,17
MOL,0,20101227,154340,20400,4
OTP,0,20101227,154340,5124,48
RICHTER,0,20101227,154406,42690,2
MTELEKOM,0,20101227,154420,514,200
OTP,0,20101227,154436,5127,4
RFV,0,20101227,154440,8400,100
MTELEKOM,0,20101227,154511,514,75
MTELEKOM,0,20101227,154511,514,1925
OTP,0,20101227,154512,5125,45
PHYLAXIA,0,20101227,154516,44,4081
PHYLAXIA,0,20101227,154516,44,1999
PHYLAXIA,0,20101227,154516,44,63920
PHYLAXIA,0,20101227,154529,45,452
PHYLAXIA,0,20101227,154529,45,200
PHYLAXIA,0,20101227,154529,45,3000
PHYLAXIA,0,20101227,154529,45,2428
RABA,0,20101227,154604,805,1000
OTP,0,20101227,154736,5126,239
OTP,0,20101227,154736,5126,250
OTP,0,20101227,154742,5126,500
MTELEKOM,0,20101227,154818,514,1000
OTP,0,20101227,154850,5127,425
OTP,0,20101227,154850,5127,20
OTP,0,20101227,155037,5128,400
OTP,0,20101227,155037,5127,55
OTP,0,20101227,155037,5127,25
OTP,0,20101227,155037,5126,270
BUX1112,0,20101227,155039,21894.5,2
BUX1112,0,20101227,155039,21894,2
BUX1112,0,20101227,155039,21891,9
BUX1112,0,20101227,155039,21890,37
OTP,0,20101227,155045,5129,400
OTP,0,20101227,155112,5130,1000
OTP,0,20101227,155112,5130,20
OTP,0,20101227,155112,5130,200
OTP,0,20101227,155112,5130,70
OTP,0,20101227,155112,5130,210
MTELEKOM,0,20101227,155228,514,1000
RABA,0,20101227,155357,802,20
OTP,0,20101227,155444,5130,500
OTP,0,20101227,155500,5130,15
MTELEKOM,0,20101227,155514,514,2000
OTP,0,20101227,155521,5129,261
MTELEKOM,0,20101227,155552,513,91
OTP,0,20101227,155636,5128,500
OTP,0,20101227,155636,5128,600
OTP,0,20101227,155807,5127,10
MTELEKOM,0,20101227,155826,514,190
OTP,0,20101227,155839,5129,726
OTP,0,20101227,155839,5130,45
OTP,0,20101227,155839,5130,46
OTP,0,20101227,155839,5130,1000
OTP,0,20101227,155839,5130,183
MTELEKOM,0,20101227,155843,514,2000
MOL,0,20101227,155846,20355,43
MOL,0,20101227,155846,20355,57
MOL,0,20101227,155848,20390,56
OTP,0,20101227,155849,5130,17
OTP,0,20101227,155849,5130,500
ELMU,0,20101227,155851,27465,1
OTP,0,20101227,155912,5135,100
OTP,0,20101227,155914,5132,1230
MTELEKOM,0,20101227,155944,514,420
OTP,0,20101227,160017,5135,350
OTP,0,20101227,160022,5135,105
MOL,0,20101227,160027,20355,40
MOL,0,20101227,160027,20350,92
MOL,0,20101227,160027,20350,93
MOL,0,20101227,160027,20350,70
MOL,0,20101227,160027,20350,200
MOL,0,20101227,160034,20350,505
ZWACK,0,20101227,160035,13350,5
OTP,0,20101227,160037,5135,90
OTP,0,20101227,160108,5135,195
ZWACK,0,20101227,160113,13310,4
OTP,0,20101227,160208,5135,50
OTP,0,20101227,160229,5140,200
OTP,0,20101227,160254,5140,100
OTP,0,20101227,160257,5140,450
FHB,0,20101227,160322,970,100
MOL,0,20101227,160400,20350,80
EGIS,0,20101227,160442,20270,31
OTP,0,20101227,160453,5135,300
OTP,0,20101227,160512,5136,10200
OTP,0,20101227,160515,5137,400
OTP,0,20101227,160515,5137,1000
OTP,0,20101227,160515,5137,1000
OTP,0,20101227,160515,5137,200
ECONET,0,20101227,160516,88,3701
ECONET,0,20101227,160516,88,250
ECONET,0,20101227,160516,88,5000
ECONET,0,20101227,160516,88,40000
ECONET,0,20101227,160516,88,1200
ECONET,0,20101227,160516,88,10000
ECONET,0,20101227,160516,88,330
ECONET,0,20101227,160516,88,300
ECONET,0,20101227,160516,88,2000
ECONET,0,20101227,160516,88,10
ECONET,0,20101227,160516,88,3000
ECONET,0,20101227,160516,88,500
ECONET,0,20101227,160516,88,1000
ECONET,0,20101227,160516,88,1581
ECONET,0,20101227,160516,88,3000
ECONET,0,20101227,160516,88,9900
ECONET,0,20101227,160516,88,3380
ECONET,0,20101227,160516,88,340
ECONET,0,20101227,160516,88,1000
ECONET,0,20101227,160516,88,508
OTP,0,20101227,160522,5139,54
OTP,0,20101227,160522,5140,250
OTP,0,20101227,160522,5140,64
OTP,0,20101227,160522,5140,22
ECONET,0,20101227,160532,88,4492
ECONET,0,20101227,160532,88,508
OTP,0,20101227,160534,5135,200
OTP,0,20101227,160534,5135,100
OTP,0,20101227,160534,5133,300
ECONET,0,20101227,160539,88,2392
ECONET,0,20101227,160539,88,1000
ECONET,0,20101227,160539,88,1608
OTP,0,20101227,160545,5133,15
MOL,0,20101227,160610,20350,100
ECONET,0,20101227,160615,88,1000
KEG,0,20101227,160631,140,220
OTP,0,20101227,160639,5134,36
MOL,0,20101227,160649,20350,16
BUX1112,0,20101227,160748,21901,3
OTP,0,20101227,160752,5134,6
OTP,0,20101227,160810,5139,20
PHYLAXIA,0,20101227,160812,44,6900
MTELEKOM,0,20101227,160814,513,9
MTELEKOM,0,20101227,160814,513,197
EBGOLD,0,20101227,160844,2932,100
PHYLAXIA,0,20101227,160944,44,500
OTP,0,20101227,161110,5139,12
RICHTER,0,20101227,161118,42690,6
RICHTER,0,20101227,161118,42700,5
RICHTER,0,20101227,161118,42700,9
RICHTER,0,20101227,161118,42700,1
RICHTER,0,20101227,161118,42700,10
RICHTER,0,20101227,161118,42700,2
RICHTER,0,20101227,161118,42700,12
OTP,0,20101227,161125,5139,458
OTP,0,20101227,161125,5140,15
OTP,0,20101227,161125,5140,1000
OTP,0,20101227,161125,5140,50
OTP,0,20101227,161125,5140,1500
OTP,0,20101227,161138,5140,42
OTP,0,20101227,161138,5140,935
OTP,0,20101227,161138,5140,500
OTP,0,20101227,161139,5140,310
BUX1112,0,20101227,161149,21915.5,1
BUX1112,0,20101227,161149,21924,4
BUX1112,0,20101227,161149,21925,1
BUX1112,0,20101227,161149,21925,1
BUX1112,0,20101227,161149,21925,6
OTP,0,20101227,161154,5140,255
ECONET,0,20101227,161159,88,392
ECONET,0,20101227,161159,88,62
ECONET,0,20101227,161159,88,420
ECONET,0,20101227,161159,88,216
OTP,0,20101227,161202,5142,450
OTP,0,20101227,161202,5145,500
OTP,0,20101227,161202,5145,42
OTP,0,20101227,161202,5145,8
EBGOLD,0,20101227,161240,2932,300
MTELEKOM,0,20101227,161257,513,500
BUX1112,0,20101227,161319,21924.5,1
MTELEKOM,0,20101227,161336,513,3000
PHYLAXIA,0,20101227,161342,44,3000
BUX1112,0,20101227,161357,21925,1
OTP,0,20101227,161404,5140,158800
ECONET,0,20101227,161409,88,8284
ECONET,0,20101227,161409,88,1000
RABA,0,20101227,161423,804,4000
ECONET,0,20101227,161439,88,10
RICHTER,0,20101227,161443,42740,1
RICHTER,0,20101227,161443,42740,5
RICHTER,0,20101227,161443,42745,3
RICHTER,0,20101227,161443,42745,4
RICHTER,0,20101227,161443,42750,10
RICHTER,0,20101227,161443,42760,5
RICHTER,0,20101227,161443,42765,7
RICHTER,0,20101227,161443,42765,10
RICHTER,0,20101227,161443,42770,50
RICHTER,0,20101227,161443,42790,4
RICHTER,0,20101227,161443,42800,51
OTP,0,20101227,161450,5140,203
OTP,0,20101227,161450,5140,297
MTELEKOM,0,20101227,161453,514,180
TVK,0,20101227,161522,3330,2000
ECONET,0,20101227,161534,88,506
MOL,0,20101227,161538,20350,50
OTP,0,20101227,161635,5145,192
OTP,0,20101227,161635,5146,10
OTP,0,20101227,161635,5147,5
OTP,0,20101227,161635,5148,793
OTP,0,20101227,161701,5142,30
BUX1112,0,20101227,161713,21926,10
RICHTER,0,20101227,161716,42725,5
KEG,0,20101227,161734,140,237
KEG,0,20101227,161734,141,823
KEG,0,20101227,161734,141,1000
KEG,0,20101227,161734,141,150
KEG,0,20101227,161734,142,3000
KEG,0,20101227,161734,142,790
MTELEKOM,0,20101227,161741,513,165
RICHTER,0,20101227,161753,42720,3
OTP,0,20101227,161813,5147,4000
MOL,0,20101227,161855,20350,12
MOL,0,20101227,161855,20350,128
OTP,0,20101227,161917,5145,11
OTP,0,20101227,161917,5140,1000
OTP,0,20101227,161917,5140,300
OTP,0,20101227,161917,5140,99
OTP,0,20101227,161925,5140,590
EGIS,0,20101227,161927,20200,1
OTP,0,20101227,162018,5148,20
EGIS,0,20101227,162023,20105,4
DANUBIUS,0,20101227,162026,4420,40
EGIS,0,20101227,162044,20110,21
EGIS,0,20101227,162048,20110,79
OTP,0,20101227,162102,5140,410
OTP,0,20101227,162102,5140,35
OTP,0,20101227,162102,5140,1400
EGIS,0,20101227,162115,20270,324
OTP,0,20101227,162115,5140,155
PANNERGY,0,20101227,162200,890,70
RICHTER,0,20101227,162310,42720,2
RABA,0,20101227,162313,802,500
DANUBIUS,0,20101227,162314,4450,5
OTP,0,20101227,162329,5140,35
MTELEKOM,0,20101227,162356,513,1000
GENESIS,0,20101227,162359,182,10
GENESIS,0,20101227,162359,182,150
GENESIS,0,20101227,162359,182,200
OTP,0,20101227,162600,5143,50
GENESIS,0,20101227,162607,182,140
OTP,0,20101227,162617,5144,200
FHB,0,20101227,162623,970,100
OTP,0,20101227,162633,5145,50
PANNUNION,0,20101227,162634,135,15
OTP,0,20101227,162644,5147,500
OTP,0,20101227,162644,5148,500
OTP,0,20101227,162646,5148,1000
OTP,0,20101227,162647,5148,1000
OTP,0,20101227,162648,5148,1000
OTP,0,20101227,162649,5148,687
OTP,0,20101227,162649,5148,313
OTP,0,20101227,162650,5148,387
OTP,0,20101227,162650,5150,613
OTP,0,20101227,162650,5150,887
OTP,0,20101227,162650,5150,100
OTP,0,20101227,162650,5150,13
OTP,0,20101227,162651,5150,802
OTP,0,20101227,162651,5150,198
OTP,0,20101227,162651,5150,2
OTP,0,20101227,162651,5150,50
OTP,0,20101227,162651,5150,948
OTP,0,20101227,162656,5150,50
BUX1112,0,20101227,162707,21926,3
PANNUNION,0,20101227,162709,134,185
RICHTER,0,20101227,162715,42730,100
OTP,0,20101227,162723,5150,2
OTP,0,20101227,162723,5150,180
OTP,0,20101227,162723,5150,20
OTP,0,20101227,162723,5155,100
OTP,0,20101227,162723,5157,500
OTP,0,20101227,162723,5158,50
OTP,0,20101227,162723,5160,100
OTP,0,20101227,162723,5160,32
OTP,0,20101227,162723,5160,6
OTP,0,20101227,162723,5160,10
RICHTER,0,20101227,162724,42755,10
RICHTER,0,20101227,162724,42760,70
RICHTER,0,20101227,162724,42800,49
RICHTER,0,20101227,162724,42800,21
PANNERGY,0,20101227,162726,894,150
PANNERGY,0,20101227,162726,894,3000
PANNERGY,0,20101227,162726,895,580
BUX1112,0,20101227,162739,21926,7
OTP,0,20101227,162815,5143,50
BUX1112,0,20101227,162829,21926,1
HUMET,0,20101227,162832,9,857
MTELEKOM,0,20101227,162833,513,138
MTELEKOM,0,20101227,162833,513,1862
OTP,0,20101227,162845,5159,200
OTP,0,20101227,162857,5159,193
EGIS,0,20101227,162901,20200,13
ECONET,0,20101227,162907,89,924
ECONET,0,20101227,162907,89,926
ECONET,0,20101227,162907,89,20000
ECONET,0,20101227,162907,89,25000
ECONET,0,20101227,162907,89,2000
ECONET,0,20101227,162907,89,1150
HUMET,0,20101227,162913,9,500
OTP,0,20101227,162921,5155,10000
EGIS,0,20101227,162926,20270,104
EGIS,0,20101227,162926,20290,83
OTP,0,20101227,162937,5159,310
HUMET,0,20101227,162947,8,1
OTP,0,20101227,163038,5152,393
BUX1112,0,20101227,163052,21926,4
BUX1112,0,20101227,163052,21926,1
MTELEKOM,0,20101227,163106,514,40
EMASZ,0,20101227,163113,21290,3
FHB,0,20101227,163116,970,500
FHB,0,20101227,163116,963,15
FHB,0,20101227,163116,963,12
FHB,0,20101227,163116,962,25
FHB,0,20101227,163116,962,300
FHB,0,20101227,163116,961,300
FHB,0,20101227,163116,961,150
FHB,0,20101227,163116,961,10
FHB,0,20101227,163116,960,232
FHB,0,20101227,163116,960,100
FHB,0,20101227,163116,960,120
FHB,0,20101227,163116,960,50
FHB,0,20101227,163116,960,1
FHB,0,20101227,163116,958,50
FHB,0,20101227,163116,958,300
FHB,0,20101227,163116,957,70
FHB,0,20101227,163116,957,200
FHB,0,20101227,163116,957,565
FHB,0,20101227,163204,970,200
FHB,0,20101227,163204,972,300
FHB,0,20101227,163204,974,150
FHB,0,20101227,163204,975,45
FHB,0,20101227,163204,975,45
FHB,0,20101227,163204,977,3
FHB,0,20101227,163204,977,140
FHB,0,20101227,163204,977,50
FHB,0,20101227,163204,977,150
FHB,0,20101227,163204,978,142
FHB,0,20101227,163204,978,400
FHB,0,20101227,163204,978,400
FHB,0,20101227,163204,979,50
FHB,0,20101227,163204,979,200
FHB,0,20101227,163204,979,400
FHB,0,20101227,163204,979,295
FHB,0,20101227,163204,980,30
MOL,0,20101227,163343,20350,3
KEG,0,20101227,163402,141,500
PHYLAXIA,0,20101227,163406,43,906
PHYLAXIA,0,20101227,163406,43,14094
OTP,0,20101227,163417,5152,15
OTP,0,20101227,163449,5155,20
OTP,0,20101227,163449,5155,23
PHYLAXIA,0,20101227,163503,44,15000
PANNERGY,0,20101227,163511,895,250
ORC,0,20101227,163520,1950,13
OTP,0,20101227,163543,5156,110
OTP,0,20101227,163555,5156,50
KEG,0,20101227,163615,141,500
MTELEKOM,0,20101227,163633,514,500
OTP,0,20101227,163647,5158,47
MTELEKOM,0,20101227,163654,514,1000
OTP,0,20101227,163710,5157,423
OTP,0,20101227,163710,5155,77
SYNERGON,0,20101227,163819,477,1
SYNERGON,0,20101227,163819,477,100
SYNERGON,0,20101227,163819,477,220
SYNERGON,0,20101227,163819,476,500
SYNERGON,0,20101227,163819,476,145
SYNERGON,0,20101227,163819,476,209
SYNERGON,0,20101227,163819,476,200
SYNERGON,0,20101227,163819,475,130
SYNERGON,0,20101227,163819,475,130
SYNERGON,0,20101227,163819,475,140
SYNERGON,0,20101227,163819,475,100
SYNERGON,0,20101227,163819,475,500
SYNERGON,0,20101227,163819,475,125
RFV,0,20101227,163844,8450,50
RFV,0,20101227,163844,8475,15
RFV,0,20101227,163844,8475,5
MTELEKOM,0,20101227,163916,514,1000
MTELEKOM,0,20101227,163927,514,2000
OTP,0,20101227,163929,5155,20
OTP,0,20101227,163934,5155,3
OTP,0,20101227,163934,5150,12
DANUBIUS,0,20101227,163951,4420,120
ECONET,0,20101227,164017,88,300
GSPARK,0,20101227,164019,783,3350
MOL,0,20101227,164026,20350,42
MOL,0,20101227,164026,20350,58
MTELEKOM,0,20101227,164048,514,500
MTELEKOM,0,20101227,164051,513,80
SYNERGON,0,20101227,164126,477,330
SYNERGON,0,20101227,164126,480,200
MOL,0,20101227,164131,20350,3
MTELEKOM,0,20101227,164155,513,2900
RICHTER,0,20101227,164220,42725,25
RICHTER,0,20101227,164220,42720,14
OTP,0,20101227,164335,5155,150
HUMET,0,20101227,164413,9,7
BUX1112,0,20101227,164436,21910,5
SYNERGON,0,20101227,164451,480,465
RICHTER,0,20101227,164454,42800,1
BUX1112,0,20101227,164512,21928.5,1
ECONET,0,20101227,164514,88,194
ECONET,0,20101227,164514,88,10
ECONET,0,20101227,164514,88,5796
OTP,0,20101227,164520,5155,3
OTP,0,20101227,164534,5158,20
OTP,0,20101227,164534,5160,40
OTP,0,20101227,164534,5160,194
OTP,0,20101227,164534,5160,100
OTP,0,20101227,164534,5160,1
OTP,0,20101227,164534,5160,45
BUX1112,0,20101227,164536,21930,1
BUX1112,0,20101227,164536,21939,4
KEG,0,20101227,164556,141,500
OTP,0,20101227,164615,5160,5
OTP,0,20101227,164615,5160,8
OTP,0,20101227,164615,5160,37
OTP,0,20101227,164615,5160,63
OTP,0,20101227,164615,5164,50
OTP,0,20101227,164615,5164,1387
RICHTER,0,20101227,164712,42800,10
OTP,0,20101227,164810,5160,20
OTP,0,20101227,164810,5160,20
RABA,0,20101227,164818,804,50
RABA,0,20101227,164818,806,300
RABA,0,20101227,164818,807,150
RABA,0,20101227,164818,807,130
RABA,0,20101227,164818,808,100
RABA,0,20101227,164818,808,100
RABA,0,20101227,164818,808,300
RABA,0,20101227,164818,809,10
RABA,0,20101227,164818,809,1000
RABA,0,20101227,164818,809,150
RABA,0,20101227,164818,810,75
RABA,0,20101227,164818,810,1000
RABA,0,20101227,164818,810,300
RABA,0,20101227,164818,810,130
RABA,0,20101227,164818,810,300
RABA,0,20101227,164818,810,184
RABA,0,20101227,164818,810,1130
RABA,0,20101227,164818,810,51
RABA,0,20101227,164818,810,4540
OTP,0,20101227,164829,5162,200
ECONET,0,20101227,164841,88,800
OTP,0,20101227,164854,5164,20
OTP,0,20101227,164901,5165,10
OTP,0,20101227,164904,5164,232
OTP,0,20101227,164904,5160,400
TVK,0,20101227,164907,3330,13
FHB,0,20101227,164910,966,100
SYNERGON,0,20101227,164912,480,25
OTP,0,20101227,164923,5160,300
OTP,0,20101227,164927,5155,10
ECONET,0,20101227,164936,88,65
SYNERGON,0,20101227,164946,481,25
ANY,0,20101227,164946,721,50
ANY,0,20101227,164946,721,150
ANY,0,20101227,164946,721,120
ANY,0,20101227,164946,722,300
ANY,0,20101227,164946,723,100
ANY,0,20101227,164946,724,70
ANY,0,20101227,164946,724,10
FHB,0,20101227,165008,969,150
FHB,0,20101227,165008,977,50
FHB,0,20101227,165008,977,100
FHB,0,20101227,165008,978,30
FHB,0,20101227,165008,978,225
FOTEX,0,20101227,165022,387,1563
FOTEX,0,20101227,165022,387,15
FOTEX,0,20101227,165022,387,122
EMASZ,0,20101227,165040,21285,3
EMASZ,0,20101227,165040,21290,2
EMASZ,0,20101227,165040,21385,13
EMASZ,0,20101227,165040,21390,5
EMASZ,0,20101227,165040,21395,24
EMASZ,0,20101227,165040,21395,133
EMASZ,0,20101227,165040,21400,8
EMASZ,0,20101227,165040,21400,1
EMASZ,0,20101227,165040,21400,926
TVK,0,20101227,165044,3350,10
TVK,0,20101227,165044,3350,25
TVK,0,20101227,165044,3390,10
TVK,0,20101227,165044,3390,13
TVK,0,20101227,165044,3395,53
TVK,0,20101227,165044,3400,139
OTP,0,20101227,165050,5160,200
RICHTER,0,20101227,165104,42795,3
OTP,0,20101227,165114,5160,500
RICHTER,0,20101227,165116,42800,5
RICHTER,0,20101227,165124,42800,47
OTP,0,20101227,165141,5157,857
OTP,0,20101227,165150,5160,500
OTP,0,20101227,165206,5155,87
OTP,0,20101227,165206,5155,3
OTP,0,20101227,165216,5155,76
BUX1112,0,20101227,165219,21930,1
OTP,0,20101227,165235,5160,778
OTP,0,20101227,165235,5160,1000
OTP,0,20101227,165251,5160,700
OTP,0,20101227,165256,5162,116
OTP,0,20101227,165300,5162,367
OTP,0,20101227,165300,5160,22
OTP,0,20101227,165300,5160,91
RFV,0,20101227,165308,8475,5
RFV,0,20101227,165308,8490,80
RFV,0,20101227,165308,8495,36
PHYLAXIA,0,20101227,165322,43,500
FOTEX,0,20101227,165324,385,1000
OTP,0,20101227,165346,5160,330
OTP,0,20101227,165346,5160,500
HUMET,0,20101227,165405,9,10
RFV,0,20101227,165413,8500,10
OTP,0,20101227,165417,5160,170
OTP,0,20101227,165419,5160,330
OTP,0,20101227,165432,5156,75
RFV,0,20101227,165432,8525,5
RFV,0,20101227,165432,8545,1
OTP,0,20101227,165433,5160,500
MTELEKOM,0,20101227,165451,514,204
PHYLAXIA,0,20101227,165451,44,10
PHYLAXIA,0,20101227,165452,44,5000
MTELEKOM,0,20101227,165512,514,8500
MTELEKOM,0,20101227,165512,513,158
MTELEKOM,0,20101227,165512,513,370
MTELEKOM,0,20101227,165512,513,472
MTELEKOM,0,20101227,165512,513,1000
MOL,0,20101227,165512,20355,20
MOL,0,20101227,165512,20355,7
RICHTER,0,20101227,165512,42750,2
OTP,0,20101227,165512,5154,10
OTP,0,20101227,165513,5154,138
OTP,0,20101227,165513,5160,170
OTP,0,20101227,165513,5160,10
OTP,0,20101227,165513,5163,50
OTP,0,20101227,165513,5163,270
OTP,0,20101227,165513,5163,58
OTP,0,20101227,165513,5163,672
OTP,0,20101227,165513,5165,95
OTP,0,20101227,165513,5165,1096
OTP,0,20101227,165513,5168,50
OTP,0,20101227,165513,5168,1000
OTP,0,20101227,165513,5169,300
OTP,0,20101227,165513,5169,3287
OTP,0,20101227,165513,5154,272
OTP,0,20101227,165513,5154,10
OTP,0,20101227,165513,5169,58
OTP,0,20101227,165513,5169,25
OTP,0,20101227,165513,5169,50
ORC,0,20101227,165606,1980,7
OTP,0,20101227,165615,5154,38
OTP,0,20101227,165619,5160,500
ECONET,0,20101227,165646,89,62
ECONET,0,20101227,165646,89,9938
KEG,0,20101227,165648,141,2000
OTP,0,20101227,165653,5151,23
MOL,0,20101227,165653,20355,4
MOL,0,20101227,165653,20355,5
MOL,0,20101227,165654,20355,6
MOL,0,20101227,165654,20355,5
ECONET,0,20101227,165656,88,1581
MOL,0,20101227,165703,20355,50
ECONET,0,20101227,165730,89,15000
MTELEKOM,0,20101227,165747,513,1
RFV,0,20101227,165755,8540,1
ORC,0,20101227,165814,1950,10
OTP,0,20101227,165815,5158,200
OTP,0,20101227,165815,5160,43
GENESIS,0,20101227,165819,181,45
OTP,0,20101227,165820,5168,5
OTP,0,20101227,165820,5169,33
MTELEKOM,0,20101227,165822,513,1
MOL,0,20101227,165826,20355,50
MOL,0,20101227,165826,20350,21
MOL,0,20101227,165826,20350,29
HUMET,0,20101227,165834,9,200
MOL,0,20101227,165911,20355,46
MOL,0,20101227,165911,20350,59
BUX1112,0,20101227,165916,21930,5
MTELEKOM,0,20101227,165924,513,120
OTP,0,20101227,165930,5169,185
DANUBIUS,0,20101227,165950,4400,45
MTELEKOM,0,20101227,165951,514,98
RICHTER,0,20101227,165952,42725,10
MTELEKOM,0,20101227,165955,513,2406
MTELEKOM,0,20101227,165955,513,800
MTELEKOM,0,20101227,165955,513,30000
MTELEKOM,0,20101227,165955,513,112
BOOK,0,20101227,170500,490,1
DANUBIUS,0,20101227,170500,4400,10
DANUBIUS,0,20101227,170500,4400,50
DANUBIUS,0,20101227,170500,4400,260
DANUBIUS,0,20101227,170500,4400,200
DANUBIUS,0,20101227,170500,4400,68
DANUBIUS,0,20101227,170500,4400,472
ECONET,0,20101227,170500,90,1150
ECONET,0,20101227,170500,90,1850
ECONET,0,20101227,170500,90,1000
ECONET,0,20101227,170500,90,2150
ECONET,0,20101227,170500,90,10835
ECONET,0,20101227,170500,90,3000
ECONET,0,20101227,170500,90,1000
ECONET,0,20101227,170500,90,1000
ECONET,0,20101227,170500,90,10000
ECONET,0,20101227,170500,90,2000
ECONET,0,20101227,170500,90,7434
ECONET,0,20101227,170500,90,40
ECONET,0,20101227,170500,90,2361
ECONET,0,20101227,170500,90,2000
ECONET,0,20101227,170500,90,1000
ECONET,0,20101227,170500,90,4000
ECONET,0,20101227,170500,90,3000
ECONET,0,20101227,170500,90,2330
EGIS,0,20101227,170500,20350,10
EGIS,0,20101227,170500,20350,17
EGIS,0,20101227,170500,20350,42
EGIS,0,20101227,170500,20350,29
EGIS,0,20101227,170500,20350,2
EGIS,0,20101227,170500,20350,40
GENESIS,0,20101227,170500,183,25
HUMET,0,20101227,170500,9,10
HUMET,0,20101227,170500,9,26690
HUMET,0,20101227,170500,9,10
HUMET,0,20101227,170500,9,16
KEG,0,20101227,170500,141,400
MOL,0,20101227,170500,20490,5
MOL,0,20101227,170500,20490,200
MOL,0,20101227,170500,20490,2
MOL,0,20101227,170500,20490,26
MOL,0,20101227,170500,20490,700
MOL,0,20101227,170500,20490,10
MOL,0,20101227,170500,20490,7
MOL,0,20101227,170500,20490,8
MOL,0,20101227,170500,20490,30
MOL,0,20101227,170500,20490,20
MOL,0,20101227,170500,20490,6
MOL,0,20101227,170500,20490,29
MOL,0,20101227,170500,20490,50
MOL,0,20101227,170500,20490,21
MOL,0,20101227,170500,20490,300
MOL,0,20101227,170500,20490,26
MOL,0,20101227,170500,20490,300
MOL,0,20101227,170500,20490,20
MOL,0,20101227,170500,20490,20
MOL,0,20101227,170500,20490,1000
MOL,0,20101227,170500,20490,2
MOL,0,20101227,170500,20490,5
MOL,0,20101227,170500,20490,90
MOL,0,20101227,170500,20490,80
MOL,0,20101227,170500,20490,10
MOL,0,20101227,170500,20490,40
MOL,0,20101227,170500,20490,30
MOL,0,20101227,170500,20490,150
MOL,0,20101227,170500,20490,200
MOL,0,20101227,170500,20490,50
MOL,0,20101227,170500,20490,5
MOL,0,20101227,170500,20490,14
MOL,0,20101227,170500,20490,82
MOL,0,20101227,170500,20490,412
MTELEKOM,0,20101227,170500,514,6000
MTELEKOM,0,20101227,170500,514,10159
MTELEKOM,0,20101227,170500,514,850
MTELEKOM,0,20101227,170500,514,9150
MTELEKOM,0,20101227,170500,514,11800
MTELEKOM,0,20101227,170500,514,22600
MTELEKOM,0,20101227,170500,514,320
MTELEKOM,0,20101227,170500,514,850
MTELEKOM,0,20101227,170500,514,7198
MTELEKOM,0,20101227,170500,514,3432
MTELEKOM,0,20101227,170500,514,40
MTELEKOM,0,20101227,170500,514,10000
MTELEKOM,0,20101227,170500,514,5000
MTELEKOM,0,20101227,170500,514,300
MTELEKOM,0,20101227,170500,514,1000
ORC,0,20101227,170500,1950,17
ORC,0,20101227,170500,1950,20
OTP,0,20101227,170500,5199,2100
OTP,0,20101227,170500,5199,12000
OTP,0,20101227,170500,5199,400
OTP,0,20101227,170500,5199,180
OTP,0,20101227,170500,5199,35
OTP,0,20101227,170500,5199,1785
OTP,0,20101227,170500,5199,100
OTP,0,20101227,170500,5199,2
OTP,0,20101227,170500,5199,152
OTP,0,20101227,170500,5199,26
OTP,0,20101227,170500,5199,130
OTP,0,20101227,170500,5199,60
OTP,0,20101227,170500,5199,4632
OTP,0,20101227,170500,5199,1362
OTP,0,20101227,170500,5199,43
OTP,0,20101227,170500,5199,20
OTP,0,20101227,170500,5199,150
OTP,0,20101227,170500,5199,50
OTP,0,20101227,170500,5199,500
OTP,0,20101227,170500,5199,3
OTP,0,20101227,170500,5199,350
OTP,0,20101227,170500,5199,13
OTP,0,20101227,170500,5199,13
OTP,0,20101227,170500,5199,50
OTP,0,20101227,170500,5199,15
OTP,0,20101227,170500,5199,35
OTP,0,20101227,170500,5199,5
OTP,0,20101227,170500,5199,50
OTP,0,20101227,170500,5199,250
OTP,0,20101227,170500,5199,200
OTP,0,20101227,170500,5199,8
OTP,0,20101227,170500,5199,8
OTP,0,20101227,170500,5199,17
OTP,0,20101227,170500,5199,10
OTP,0,20101227,170500,5199,220
OTP,0,20101227,170500,5199,50
OTP,0,20101227,170500,5199,18
OTP,0,20101227,170500,5199,5000
OTP,0,20101227,170500,5199,100
OTP,0,20101227,170500,5199,60
OTP,0,20101227,170500,5199,1000
OTP,0,20101227,170500,5199,50
OTP,0,20101227,170500,5199,16
OTP,0,20101227,170500,5199,1702
OTP,0,20101227,170500,5199,298
OTP,0,20101227,170500,5199,200
OTP,0,20101227,170500,5199,25
OTP,0,20101227,170500,5199,25
OTP,0,20101227,170500,5199,4
OTP,0,20101227,170500,5199,20
OTP,0,20101227,170500,5199,18
OTP,0,20101227,170500,5199,51
OTP,0,20101227,170500,5199,100
