<TICKER>,<PER>,<DTYYYYMMDD>,<TIME>,<CLOSE>,<VOLUME>
ECONET,0,20101203,090000,95,2000
EGIS,0,20101203,090000,19000,12
EMASZ,0,20101203,090000,20900,2
EMASZ,0,20101203,090000,20900,8
FHB,0,20101203,090000,979,20
HUMET,0,20101203,090000,9,10224
HUMET,0,20101203,090000,9,13226
HUMET,0,20101203,090000,9,42329
HUMET,0,20101203,090000,9,2800
HUMET,0,20101203,090000,9,2000
HUMET,0,20101203,090000,9,5001
HUMET,0,20101203,090000,9,2400
HUMET,0,20101203,090000,9,6704
HUMET,0,20101203,090000,9,8296
HUMET,0,20101203,090000,9,25265
HUMET,0,20101203,090000,9,19735
HUMET,0,20101203,090000,9,444
HUMET,0,20101203,090000,9,3589
KEG,0,20101203,090000,164,1100
KEG,0,20101203,090000,164,1000
KEG,0,20101203,090000,164,5000
KEG,0,20101203,090000,164,700
KEG,0,20101203,090000,164,400
MOL,0,20101203,090000,18840,100
MOL,0,20101203,090000,18840,50
MOL,0,20101203,090000,18840,38
MOL,0,20101203,090000,18840,1
MOL,0,20101203,090000,18840,61
MOL,0,20101203,090000,18840,30
MOL,0,20101203,090000,18840,30
MOL,0,20101203,090000,18840,22
MOL,0,20101203,090000,18840,10
MOL,0,20101203,090000,18840,47
MOL,0,20101203,090000,18840,5
MOL,0,20101203,090000,18840,48
MOL,0,20101203,090000,18840,15
MOL,0,20101203,090000,18840,3
MOL,0,20101203,090000,18840,14
MOL,0,20101203,090000,18840,10
MOL,0,20101203,090000,18840,100
MOL,0,20101203,090000,18840,80
MOL,0,20101203,090000,18840,277
MOL,0,20101203,090000,18840,5
MOL,0,20101203,090000,18840,14
MOL,0,20101203,090000,18840,36
MOL,0,20101203,090000,18840,100
MOL,0,20101203,090000,18840,20
MOL,0,20101203,090000,18840,20
MOL,0,20101203,090000,18840,15
MOL,0,20101203,090000,18840,10
MOL,0,20101203,090000,18840,299
MOL,0,20101203,090000,18840,130
MOL,0,20101203,090000,18840,60
MOL,0,20101203,090000,18840,11
MOL,0,20101203,090000,18840,50
MOL,0,20101203,090000,18840,39
MOL,0,20101203,090000,18840,11
MOL,0,20101203,090000,18840,12
MOL,0,20101203,090000,18840,100
MOL,0,20101203,090000,18840,88
MOL,0,20101203,090000,18840,500
MOL,0,20101203,090000,18840,100
MOL,0,20101203,090000,18840,100
MOL,0,20101203,090000,18840,212
MOL,0,20101203,090000,18840,140
MOL,0,20101203,090000,18840,50
MTELEKOM,0,20101203,090000,544,920
MTELEKOM,0,20101203,090000,544,580
MTELEKOM,0,20101203,090000,544,115
MTELEKOM,0,20101203,090000,544,481
MTELEKOM,0,20101203,090000,544,619
MTELEKOM,0,20101203,090000,544,100
OTP,0,20101203,090000,5220,77
OTP,0,20101203,090000,5220,8
OTP,0,20101203,090000,5220,100
OTP,0,20101203,090000,5220,40
OTP,0,20101203,090000,5220,100
OTP,0,20101203,090000,5220,75
OTP,0,20101203,090000,5220,250
OTP,0,20101203,090000,5220,75
OTP,0,20101203,090000,5220,200
OTP,0,20101203,090000,5220,570
OTP,0,20101203,090000,5220,100
OTP,0,20101203,090000,5220,55
OTP,0,20101203,090000,5220,80
OTP,0,20101203,090000,5220,15
OTP,0,20101203,090000,5220,50
OTP,0,20101203,090000,5220,25
OTP,0,20101203,090000,5220,50
OTP,0,20101203,090000,5220,25
OTP,0,20101203,090000,5220,40
OTP,0,20101203,090000,5220,26
OTP,0,20101203,090000,5220,31
OTP,0,20101203,090000,5220,85
OTP,0,20101203,090000,5220,1500
OTP,0,20101203,090000,5220,2
OTP,0,20101203,090000,5220,10
OTP,0,20101203,090000,5220,323
OTP,0,20101203,090000,5220,897
OTP,0,20101203,090000,5220,2761
OTP,0,20101203,090000,5220,100
OTP,0,20101203,090000,5220,200
OTP,0,20101203,090000,5220,20
OTP,0,20101203,090000,5220,30
OTP,0,20101203,090000,5220,300
OTP,0,20101203,090000,5220,100
OTP,0,20101203,090000,5220,40
OTP,0,20101203,090000,5220,1000
PANNERGY,0,20101203,090000,900,200
PANNERGY,0,20101203,090000,900,1200
PANNERGY,0,20101203,090000,900,3
PANNERGY,0,20101203,090000,900,386
PANNERGY,0,20101203,090000,900,85
PANNERGY,0,20101203,090000,900,10
RABA,0,20101203,090000,832,59
RABA,0,20101203,090000,832,10
RABA,0,20101203,090000,832,11
RABA,0,20101203,090000,832,89
RABA,0,20101203,090000,832,211
RABA,0,20101203,090000,832,150
RABA,0,20101203,090000,832,100
RABA,0,20101203,090000,832,52
RFV,0,20101203,090000,8000,20
RFV,0,20101203,090000,8000,14
RFV,0,20101203,090000,8000,79
RFV,0,20101203,090000,8000,30
RICHTER,0,20101203,090000,43900,50
RICHTER,0,20101203,090000,43900,15
RICHTER,0,20101203,090000,43900,35
RICHTER,0,20101203,090000,43900,15
RICHTER,0,20101203,090000,43900,11
RICHTER,0,20101203,090000,43900,20
RICHTER,0,20101203,090000,43900,2
EBGOLD,0,20101203,090000,2931,5
BUX1012,0,20101203,090028,21200,2
BUX1012,0,20101203,090028,21200,2
BUX1012,0,20101203,090028,21200,1
BUX1012,0,20101203,090028,21200,3
BUX1012,0,20101203,090028,21200,9
BUX1012,0,20101203,090028,21200,1
BUX1012,0,20101203,090028,21200,1
BUX1012,0,20101203,090028,21200,2
BUX1012,0,20101203,090028,21200,1
BUX1012,0,20101203,090028,21200,10
BUX1012,0,20101203,090028,21200,1
BUX1012,0,20101203,090028,21200,5
BUX1012,0,20101203,090028,21200,1
BUX1012,0,20101203,090028,21200,1
BUX1012,0,20101203,090028,21200,3
MOL,0,20101203,090200,18805,1000
OTP,0,20101203,090202,5202,114
OTP,0,20101203,090202,5201,886
FHB,0,20101203,090202,979,150
MOL,0,20101203,090203,18805,162
MOL,0,20101203,090203,18805,500
OTP,0,20101203,090203,5215,22
OTP,0,20101203,090203,5225,1915
OTP,0,20101203,090205,5201,180
BUX1012,0,20101203,090205,21195,1
BUX1012,0,20101203,090208,21181,5
MOL,0,20101203,090210,18800,35
MOL,0,20101203,090210,18800,5
MOL,0,20101203,090210,18800,60
MOL,0,20101203,090210,18800,30
OTP,0,20101203,090211,5201,200
MOL,0,20101203,090211,18800,10
MOL,0,20101203,090212,18800,100
MOL,0,20101203,090214,18800,50
MOL,0,20101203,090214,18800,50
MOL,0,20101203,090214,18800,47
MOL,0,20101203,090214,18800,229
OTP,0,20101203,090214,5221,60
GENESIS,0,20101203,090215,262,50
BUX1012,0,20101203,090215,21151,5
MOL,0,20101203,090216,18765,50
ECONET,0,20101203,090216,95,1100
OTP,0,20101203,090219,5201,200
BUX1012,0,20101203,090219,21180,3
MOL,0,20101203,090219,18800,240
MOL,0,20101203,090219,18800,90
MOL,0,20101203,090219,18800,220
BUX1012,0,20101203,090227,21180,5
PANNERGY,0,20101203,090229,900,200
SYNERGON,0,20101203,090230,517,200
OTP,0,20101203,090231,5205,11
OTP,0,20101203,090231,5201,34
OTP,0,20101203,090231,5200,455
BUX1012,0,20101203,090231,21180,12
BUX1012,0,20101203,090231,21195,9
BUX1012,0,20101203,090231,21200,4
KEG,0,20101203,090234,160,490
MOL,0,20101203,090235,18790,5
MOL,0,20101203,090237,18765,15
MOL,0,20101203,090239,18765,35
MOL,0,20101203,090239,18765,128
OTP,0,20101203,090239,5200,200
OTP,0,20101203,090243,5205,1500
RICHTER,0,20101203,090245,43750,500
OTP,0,20101203,090248,5218,20
OTP,0,20101203,090248,5219,20
OTP,0,20101203,090248,5220,260
OTP,0,20101203,090248,5220,180
OTP,0,20101203,090248,5224,70
OTP,0,20101203,090248,5225,22
MOL,0,20101203,090251,18765,37
MOL,0,20101203,090251,18765,15
MOL,0,20101203,090251,18785,100
MOL,0,20101203,090251,18790,70
MOL,0,20101203,090251,18795,100
MOL,0,20101203,090251,18800,178
PANNERGY,0,20101203,090256,900,200
MOL,0,20101203,090257,18800,102
MOL,0,20101203,090257,18800,45
MOL,0,20101203,090257,18800,338
MOL,0,20101203,090257,18800,515
OTP,0,20101203,090258,5225,200
RABA,0,20101203,090258,832,138
RABA,0,20101203,090258,840,12
MOL,0,20101203,090258,18800,135
BUX1012,0,20101203,090259,21152.5,5
RICHTER,0,20101203,090300,43800,10
MOL,0,20101203,090303,18765,4
OTP,0,20101203,090305,5225,150
MOL,0,20101203,090305,18800,4
PANNERGY,0,20101203,090312,900,416
OTP,0,20101203,090313,5225,200
KEG,0,20101203,090314,157,400
RICHTER,0,20101203,090316,43700,4
RICHTER,0,20101203,090316,43600,2
RICHTER,0,20101203,090316,43600,1
RICHTER,0,20101203,090316,43600,1
RICHTER,0,20101203,090316,43600,5
RICHTER,0,20101203,090316,43600,10
RICHTER,0,20101203,090316,43505,5
OTP,0,20101203,090317,5225,100
MOL,0,20101203,090320,18800,346
OTP,0,20101203,090321,5225,78
MOL,0,20101203,090323,18800,154
MOL,0,20101203,090337,18800,31
RICHTER,0,20101203,090338,43505,14
BUX1012,0,20101203,090343,21169,1
OTP,0,20101203,090343,5215,22
RICHTER,0,20101203,090346,43550,2
MOL,0,20101203,090349,18785,50
MOL,0,20101203,090349,18790,200
MOL,0,20101203,090349,18800,500
BUX1012,0,20101203,090352,21170,1
BUX1012,0,20101203,090355,21170,1
FHB,0,20101203,090400,979,30
KEG,0,20101203,090402,157,200
MOL,0,20101203,090403,18800,50
MOL,0,20101203,090405,18795,207
MOL,0,20101203,090408,18795,42
OTP,0,20101203,090410,5225,150
OTP,0,20101203,090413,5225,50
RFV,0,20101203,090413,8000,37
BUX1012,0,20101203,090422,21180,1
OTP,0,20101203,090430,5215,23
OTP,0,20101203,090430,5215,20
OTP,0,20101203,090430,5215,57
OTP,0,20101203,090434,5220,80
OTP,0,20101203,090435,5220,120
OTP,0,20101203,090435,5225,200
OTP,0,20101203,090435,5225,80
BUX1012,0,20101203,090439,21161,2
OTP,0,20101203,090443,5220,920
MOL,0,20101203,090446,18795,5
OTP,0,20101203,090446,5220,80
OTP,0,20101203,090446,5220,100
OTP,0,20101203,090446,5215,20
OTP,0,20101203,090510,5220,80
MOL,0,20101203,090513,18790,4
EGIS,0,20101203,090517,18800,35
EGIS,0,20101203,090517,18760,2
EGIS,0,20101203,090517,18710,2
EGIS,0,20101203,090517,18710,2
EGIS,0,20101203,090517,18705,7
MOL,0,20101203,090524,18790,96
MOL,0,20101203,090527,18770,70
EGIS,0,20101203,090531,18705,3
EGIS,0,20101203,090531,18700,10
EGIS,0,20101203,090531,18700,5
OTP,0,20101203,090533,5220,100
OTP,0,20101203,090533,5224,30
OTP,0,20101203,090533,5225,15
OTP,0,20101203,090542,5220,10
BUX1012,0,20101203,090542,21169,1
BUX1012,0,20101203,090543,21163.5,3
BUX1012,0,20101203,090543,21163,17
MOL,0,20101203,090544,18790,404
MOL,0,20101203,090544,18790,15
MOL,0,20101203,090544,18795,81
MOL,0,20101203,090545,18795,225
MOL,0,20101203,090547,18795,169
OTP,0,20101203,090548,5225,11
MOL,0,20101203,090548,18800,265
MOL,0,20101203,090548,18800,60
OTP,0,20101203,090551,5220,700
MOL,0,20101203,090557,18835,2
MOL,0,20101203,090557,18835,25
MOL,0,20101203,090557,18840,473
OTP,0,20101203,090558,5225,174
OTP,0,20101203,090558,5225,150
OTP,0,20101203,090558,5225,55
OTP,0,20101203,090558,5229,60
OTP,0,20101203,090558,5229,61
BUX1012,0,20101203,090602,21170,2
BUX1012,0,20101203,090602,21171,2
BUX1012,0,20101203,090602,21175,15
OTP,0,20101203,090603,5220,96
BUX1012,0,20101203,090606,21180,2
BUX1012,0,20101203,090606,21180,1
BUX1012,0,20101203,090606,21162.5,1
BUX1012,0,20101203,090606,21162,4
BUX1012,0,20101203,090607,21180,1
BUX1012,0,20101203,090610,21180,30
BUX1012,0,20101203,090610,21175,1
BUX1012,0,20101203,090610,21180,18
MOL,0,20101203,090613,18820,1
MOL,0,20101203,090621,18840,125
MOL,0,20101203,090621,18845,32
MOL,0,20101203,090621,18850,42
MOL,0,20101203,090621,18850,4
MOL,0,20101203,090621,18855,7
MOL,0,20101203,090621,18860,50
MOL,0,20101203,090621,18885,20
MOL,0,20101203,090621,18890,100
MOL,0,20101203,090621,18890,120
MOL,0,20101203,090622,18890,80
MOL,0,20101203,090622,18900,6
MOL,0,20101203,090622,18900,414
MOL,0,20101203,090622,18900,500
OTP,0,20101203,090623,5225,400
MOL,0,20101203,090623,18900,86
FHB,0,20101203,090625,983,70
BUX1012,0,20101203,090626,21198,2
BUX1012,0,20101203,090626,21200,1
OTP,0,20101203,090630,5221,1000
MOL,0,20101203,090631,18940,250
OTP,0,20101203,090633,5221,200
BUX1012,0,20101203,090633,21190,2
MOL,0,20101203,090634,18945,379
MOL,0,20101203,090634,18950,50
MOL,0,20101203,090634,18950,6
MOL,0,20101203,090634,18950,65
BUX1012,0,20101203,090634,21200,5
MOL,0,20101203,090634,18950,186
MOL,0,20101203,090634,18990,3
MOL,0,20101203,090634,18995,15
MOL,0,20101203,090634,18995,1
MOL,0,20101203,090634,18995,25
MOL,0,20101203,090634,18995,50
MOL,0,20101203,090634,19000,220
MOL,0,20101203,090635,19000,30
MOL,0,20101203,090635,19000,470
MOL,0,20101203,090636,19000,30
MOL,0,20101203,090636,19000,60
MOL,0,20101203,090636,19000,410
MOL,0,20101203,090639,19000,500
MOL,0,20101203,090640,18995,675
MOL,0,20101203,090642,18995,108
BUX1012,0,20101203,090646,21200,17
BUX1012,0,20101203,090646,21200,1
FHB,0,20101203,090649,983,100
MOL,0,20101203,090654,18950,100
OTP,0,20101203,090654,5229,39
OTP,0,20101203,090654,5230,200
OTP,0,20101203,090654,5230,200
OTP,0,20101203,090654,5230,4
OTP,0,20101203,090654,5230,13
OTP,0,20101203,090654,5230,544
OTP,0,20101203,090654,5230,20
MOL,0,20101203,090658,18995,89
BUX1012,0,20101203,090657,21243.5,1
BUX1012,0,20101203,090657,21244,1
BUX1012,0,20101203,090657,21247,1
BUX1012,0,20101203,090657,21250,7
OTP,0,20101203,090659,5222,85
OTP,0,20101203,090659,5222,15
ELMU,0,20101203,090708,27260,10
OTP,0,20101203,090711,5225,50
OTP,0,20101203,090711,5222,85
OTP,0,20101203,090711,5222,265
MOL,0,20101203,090713,18995,10
OTP,0,20101203,090732,5230,436
OTP,0,20101203,090732,5230,100
OTP,0,20101203,090732,5230,110
OTP,0,20101203,090732,5233,60
OTP,0,20101203,090732,5235,60
OTP,0,20101203,090732,5238,48
OTP,0,20101203,090732,5240,50
OTP,0,20101203,090732,5240,114
MOL,0,20101203,090734,18950,100
EGIS,0,20101203,090734,18750,10
MOL,0,20101203,090745,18995,10
OTP,0,20101203,090752,5230,10
MOL,0,20101203,090754,18995,64
BUX1012,0,20101203,090758,21234.5,3
RICHTER,0,20101203,090802,43675,1
RICHTER,0,20101203,090802,43750,20
RICHTER,0,20101203,090802,43780,15
RICHTER,0,20101203,090802,43785,50
MOL,0,20101203,090803,18995,10
MOL,0,20101203,090820,18990,27
MOL,0,20101203,090820,18990,10
OTP,0,20101203,090823,5230,5
BUX1012,0,20101203,090826,21240,1
BUX1012,0,20101203,090826,21249,9
RICHTER,0,20101203,090829,43790,20
EGIS,0,20101203,090830,18750,20
KEG,0,20101203,090830,159,620
KEG,0,20101203,090830,160,10
MOL,0,20101203,090836,18990,163
MOL,0,20101203,090836,18995,34
MOL,0,20101203,090836,18995,1
MOL,0,20101203,090836,19000,90
MOL,0,20101203,090836,19000,4
MOL,0,20101203,090836,19040,198
MOL,0,20101203,090836,19090,10
BUX1012,0,20101203,090845,21248.5,10
BUX1012,0,20101203,090845,21249,8
BUX1012,0,20101203,090845,21249,3
BUX1012,0,20101203,090845,21250,2
OTP,0,20101203,090846,5230,85
OTP,0,20101203,090846,5230,15
OTP,0,20101203,090859,5231,20
BUX1012,0,20101203,090903,21245,3
BUX1012,0,20101203,090903,21250,1
BUX1012,0,20101203,090903,21250,46
EGIS,0,20101203,090905,18750,20
RICHTER,0,20101203,090908,43785,14
BUX1012,0,20101203,090911,21250,2
EGIS,0,20101203,090921,18750,20
BUX1012,0,20101203,090933,21269,1
EGIS,0,20101203,090939,18750,30
OTP,0,20101203,090950,5240,60
RICHTER,0,20101203,090958,43785,1
RICHTER,0,20101203,090958,43785,50
RICHTER,0,20101203,090958,43790,30
RICHTER,0,20101203,090958,43795,25
RICHTER,0,20101203,090958,43795,200
RICHTER,0,20101203,090958,43800,190
RICHTER,0,20101203,090958,43800,4
MTELEKOM,0,20101203,091005,543,1000
MOL,0,20101203,091011,18970,10
BUX1012,0,20101203,091011,21244,1
BUX1012,0,20101203,091011,21260,4
BUX1012,0,20101203,091020,21226,2
BUX1012,0,20101203,091020,21225,1
MOL,0,20101203,091020,18970,5
MTELEKOM,0,20101203,091023,543,2000
BUX1012,0,20101203,091025,21225,2
RICHTER,0,20101203,091026,43800,3
RABA,0,20101203,091027,839,50
RABA,0,20101203,091027,839,50
MOL,0,20101203,091028,18995,155
MOL,0,20101203,091028,19000,345
RICHTER,0,20101203,091032,43800,9
OTP,0,20101203,091033,5231,9
OTP,0,20101203,091033,5231,600
OTP,0,20101203,091033,5230,635
OTP,0,20101203,091033,5230,4756
MOL,0,20101203,091036,19000,55
MOL,0,20101203,091036,19000,5
BUX1012,0,20101203,091043,21259.5,1
BUX1012,0,20101203,091043,21260,6
BUX1012,0,20101203,091043,21260,3
BUX1012,0,20101203,091043,21260,2
MOL,0,20101203,091049,19000,7
EGIS,0,20101203,091052,18800,100
OTP,0,20101203,091053,5230,244
OTP,0,20101203,091053,5230,356
MOL,0,20101203,091055,19000,133
MOL,0,20101203,091055,19000,52
OTP,0,20101203,091056,5239,20
OTP,0,20101203,091056,5239,12
OTP,0,20101203,091057,5230,20
MTELEKOM,0,20101203,091057,543,3854
OTP,0,20101203,091101,5230,104
MOL,0,20101203,091104,19000,315
BUX1012,0,20101203,091107,21230,4
OTP,0,20101203,091109,5230,30
RICHTER,0,20101203,091113,43800,15
MOL,0,20101203,091118,19000,150
MOL,0,20101203,091132,19000,5
BUX1012,0,20101203,091141,21230,3
BUX1012,0,20101203,091152,21231,1
BUX1012,0,20101203,091152,21230,4
MTELEKOM,0,20101203,091153,544,281
MTELEKOM,0,20101203,091153,544,1000
MTELEKOM,0,20101203,091153,544,1714
OTP,0,20101203,091154,5223,26
EGIS,0,20101203,091202,18985,2
MTELEKOM,0,20101203,091207,545,500
MTELEKOM,0,20101203,091207,545,1000
MTELEKOM,0,20101203,091207,545,1651
BUX1012,0,20101203,091208,21230,5
BUX1012,0,20101203,091210,21230,9
BUX1012,0,20101203,091210,21230,1
MOL,0,20101203,091215,19000,30
MOL,0,20101203,091215,19000,129
MOL,0,20101203,091215,19000,50
BUX1012,0,20101203,091215,21230,1
KEG,0,20101203,091216,160,1000
OTP,0,20101203,091217,5223,100
BUX1012,0,20101203,091219,21230,10
KEG,0,20101203,091221,160,1000
BUX1012,0,20101203,091222,21230,5
RICHTER,0,20101203,091223,43895,50
RICHTER,0,20101203,091223,43895,50
MOL,0,20101203,091228,18970,5
OTP,0,20101203,091228,5224,50
BUX1012,0,20101203,091230,21230,5
BUX1012,0,20101203,091243,21230,3
BUX1012,0,20101203,091243,21230,2
BUX1012,0,20101203,091246,21230,3
OTP,0,20101203,091305,5224,50
MOL,0,20101203,091307,18960,15
OTP,0,20101203,091308,5224,8
OTP,0,20101203,091310,5224,92
BUX1012,0,20101203,091310,21225,20
KEG,0,20101203,091311,160,610
OTP,0,20101203,091313,5224,78
BUX1012,0,20101203,091323,21225.5,1
BUX1012,0,20101203,091331,21225,3
MOL,0,20101203,091332,18960,15
MOL,0,20101203,091332,18955,10
MOL,0,20101203,091332,18955,50
MOL,0,20101203,091332,18950,486
KEG,0,20101203,091332,160,250
OTP,0,20101203,091334,5227,500
BUX1012,0,20101203,091341,21225,4
MOL,0,20101203,091346,18920,60
MOL,0,20101203,091346,18900,40
OTP,0,20101203,091350,5228,100
OTP,0,20101203,091353,5224,200
RICHTER,0,20101203,091353,43800,11
RICHTER,0,20101203,091353,43800,100
MOL,0,20101203,091354,18900,25
MOL,0,20101203,091357,18950,39
MOL,0,20101203,091357,18960,30
MOL,0,20101203,091357,18970,10
MOL,0,20101203,091357,18990,3
MOL,0,20101203,091357,18995,10
MOL,0,20101203,091357,18995,80
MOL,0,20101203,091357,18900,435
EGIS,0,20101203,091358,18980,3
EGIS,0,20101203,091358,18980,3
EGIS,0,20101203,091358,18985,14
OTP,0,20101203,091402,5229,200
BUX1012,0,20101203,091407,21225,15
OTP,0,20101203,091409,5224,10
OTP,0,20101203,091412,5224,20
OTP,0,20101203,091412,5223,214
BUX1012,0,20101203,091414,21225,1
BUX1012,0,20101203,091416,21225,4
OTP,0,20101203,091421,5223,266
BUX1012,0,20101203,091427,21225,9
MOL,0,20101203,091428,18900,25
MOL,0,20101203,091428,18900,53
OTP,0,20101203,091432,5222,200
EGIS,0,20101203,091434,18985,4
EGIS,0,20101203,091434,18990,16
MOL,0,20101203,091437,18900,10
OTP,0,20101203,091437,5229,40
MOL,0,20101203,091443,18900,250
OTP,0,20101203,091453,5221,1000
FHB,0,20101203,091455,983,30
FHB,0,20101203,091455,984,100
FHB,0,20101203,091455,985,704
OTP,0,20101203,091455,5229,50
OTP,0,20101203,091455,5229,50
MOL,0,20101203,091459,18850,54
MOL,0,20101203,091508,18900,7
SYNERGON,0,20101203,091513,524,150
SYNERGON,0,20101203,091513,527,200
SYNERGON,0,20101203,091513,528,200
SYNERGON,0,20101203,091513,528,450
OTP,0,20101203,091516,5222,30
OTP,0,20101203,091527,5229,65
OTP,0,20101203,091527,5229,284
OTP,0,20101203,091527,5229,100
BUX1012,0,20101203,091533,21210,1
OTP,0,20101203,091601,5222,70
OTP,0,20101203,091601,5222,1500
BUX1012,0,20101203,091606,21200,1
BUX1012,0,20101203,091606,21200,9
OTP,0,20101203,091618,5221,100
MOL,0,20101203,091626,18900,16
OTP,0,20101203,091628,5222,7
OTP,0,20101203,091628,5221,200
OTP,0,20101203,091628,5221,793
OTP,0,20101203,091632,5221,20
OTP,0,20101203,091633,5228,150
OTP,0,20101203,091633,5228,300
OTP,0,20101203,091633,5229,20
OTP,0,20101203,091633,5230,40
OTP,0,20101203,091633,5230,440
OTP,0,20101203,091633,5230,50
OTP,0,20101203,091633,5230,66
OTP,0,20101203,091633,5230,1000
OTP,0,20101203,091633,5230,300
OTP,0,20101203,091633,5230,60
EGIS,0,20101203,091635,18990,4
EGIS,0,20101203,091635,18995,50
EGIS,0,20101203,091635,18995,5
EGIS,0,20101203,091635,19000,88
EGIS,0,20101203,091635,19000,5
EGIS,0,20101203,091635,19000,100
EGIS,0,20101203,091635,19000,30
BUX1012,0,20101203,091636,21200,10
BUX1012,0,20101203,091637,21200,1
OTP,0,20101203,091638,5230,74
OTP,0,20101203,091641,5228,276
OTP,0,20101203,091641,5230,500
EGIS,0,20101203,091648,19000,200
MOL,0,20101203,091649,18900,34
MOL,0,20101203,091649,18900,5
MOL,0,20101203,091649,18900,10
OTP,0,20101203,091651,5230,1000
OTP,0,20101203,091653,5235,200
OTP,0,20101203,091653,5238,200
OTP,0,20101203,091653,5238,11
OTP,0,20101203,091653,5239,200
OTP,0,20101203,091653,5239,200
OTP,0,20101203,091653,5240,40
OTP,0,20101203,091653,5240,99
KEG,0,20101203,091654,158,500
KEG,0,20101203,091654,157,100
KEG,0,20101203,091654,157,300
KEG,0,20101203,091654,157,660
BUX1012,0,20101203,091658,21200,1
MTELEKOM,0,20101203,091659,545,6916
RICHTER,0,20101203,091709,43740,4
OTP,0,20101203,091718,5239,100
OTP,0,20101203,091718,5240,56
BUX1012,0,20101203,091718,21200,2
EGIS,0,20101203,091725,19000,100
EGIS,0,20101203,091728,19000,100
RICHTER,0,20101203,091733,43750,50
BUX1012,0,20101203,091742,21200.5,1
BUX1012,0,20101203,091742,21200,1
RICHTER,0,20101203,091743,43750,46
BUX1012,0,20101203,091744,21200,2
MOL,0,20101203,091753,18900,101
BUX1012,0,20101203,091757,21200,3
BUX1012,0,20101203,091757,21182,1
BUX1012,0,20101203,091757,21181,2
MOL,0,20101203,091759,18900,99
MTELEKOM,0,20101203,091800,545,1714
MOL,0,20101203,091804,18900,1
MOL,0,20101203,091809,18950,20
MOL,0,20101203,091809,18950,10
MOL,0,20101203,091809,18970,100
MOL,0,20101203,091818,18985,40
MOL,0,20101203,091818,18990,5
MOL,0,20101203,091818,18995,50
MOL,0,20101203,091818,19000,91
MOL,0,20101203,091818,19000,209
MOL,0,20101203,091818,19000,500
OTP,0,20101203,091823,5238,200
OTP,0,20101203,091823,5239,100
OTP,0,20101203,091823,5239,200
OTP,0,20101203,091823,5240,45
OTP,0,20101203,091823,5240,400
OTP,0,20101203,091823,5240,80
OTP,0,20101203,091823,5240,2500
OTP,0,20101203,091823,5240,2000
OTP,0,20101203,091823,5240,1500
MOL,0,20101203,091825,19000,50
OTP,0,20101203,091835,5241,80
RICHTER,0,20101203,091841,43750,21
MTELEKOM,0,20101203,091844,546,1200
MTELEKOM,0,20101203,091844,546,200
MTELEKOM,0,20101203,091844,546,216
BUX1012,0,20101203,091847,21220,3
BUX1012,0,20101203,091847,21224,6
BUX1012,0,20101203,091847,21225,1
BUX1012,0,20101203,091848,21200.5,1
MOL,0,20101203,091853,19000,10
PANNERGY,0,20101203,091853,898,100
MTELEKOM,0,20101203,091853,546,1497
PANNERGY,0,20101203,091901,900,50
MOL,0,20101203,091904,19050,15
EGIS,0,20101203,091905,19000,100
ZWACK,0,20101203,091912,15220,20
EGIS,0,20101203,091916,19000,100
FOTEX,0,20101203,091917,410,1000
EGIS,0,20101203,091920,19000,2
EGIS,0,20101203,091923,19000,146
EGIS,0,20101203,091923,19000,100
EGIS,0,20101203,091925,19000,54
OTP,0,20101203,091929,5237,5
OTP,0,20101203,091929,5240,60
OTP,0,20101203,091929,5240,65
MOL,0,20101203,091931,19000,3
EGIS,0,20101203,091931,19000,46
EGIS,0,20101203,091931,19000,100
EGIS,0,20101203,091936,19000,100
EGIS,0,20101203,091939,19000,54
BUX1012,0,20101203,091944,21201.5,1
EGIS,0,20101203,091948,19000,46
EGIS,0,20101203,091948,19000,100
EGIS,0,20101203,091948,19000,100
EGIS,0,20101203,091948,19000,100
EGIS,0,20101203,091952,19000,100
EGIS,0,20101203,091953,19000,54
MOL,0,20101203,091954,19050,60
MOL,0,20101203,091954,19050,50
EGIS,0,20101203,091957,19000,46
EGIS,0,20101203,091957,19000,100
EGIS,0,20101203,091957,19000,54
EGIS,0,20101203,092001,19000,46
EGIS,0,20101203,092001,19000,100
EGIS,0,20101203,092001,19000,100
EGIS,0,20101203,092001,19000,100
MOL,0,20101203,092006,19050,100
EGIS,0,20101203,092008,19000,100
EGIS,0,20101203,092010,19000,54
EGIS,0,20101203,092013,19000,46
EGIS,0,20101203,092013,19000,100
EGIS,0,20101203,092013,19000,100
MOL,0,20101203,092014,19050,190
EGIS,0,20101203,092015,19000,54
EGIS,0,20101203,092020,19000,46
EGIS,0,20101203,092020,19000,100
EGIS,0,20101203,092020,19000,54
MOL,0,20101203,092024,19050,250
EGIS,0,20101203,092026,19000,46
EGIS,0,20101203,092026,19000,100
MOL,0,20101203,092026,19050,60
MOL,0,20101203,092026,19050,10
EGIS,0,20101203,092028,19000,250
EGIS,0,20101203,092029,19000,100
EGIS,0,20101203,092030,19000,4
EGIS,0,20101203,092036,19000,96
EGIS,0,20101203,092036,19000,250
RFV,0,20101203,092036,7998,7
RFV,0,20101203,092036,7999,8
EGIS,0,20101203,092037,19000,154
MOL,0,20101203,092038,19050,180
MOL,0,20101203,092038,19050,238
EGIS,0,20101203,092043,19000,96
EGIS,0,20101203,092043,19000,250
EGIS,0,20101203,092043,19000,100
EGIS,0,20101203,092046,19000,54
FHB,0,20101203,092047,985,159
EGIS,0,20101203,092050,19010,246
EGIS,0,20101203,092050,19000,250
EGIS,0,20101203,092052,19000,4
BUX1012,0,20101203,092057,21237.5,1
BUX1012,0,20101203,092057,21238,5
BUX1012,0,20101203,092057,21238,1
BUX1012,0,20101203,092057,21239.5,3
OTP,0,20101203,092108,5230,9
OTP,0,20101203,092123,5239,70
OTP,0,20101203,092123,5239,30
EGIS,0,20101203,092124,19000,2
RFV,0,20101203,092134,7999,5
RICHTER,0,20101203,092138,43785,10
RICHTER,0,20101203,092138,43790,20
RICHTER,0,20101203,092138,43795,145
RICHTER,0,20101203,092138,43800,104
MOL,0,20101203,092141,19045,1
RICHTER,0,20101203,092143,43750,1
BUX1012,0,20101203,092144,21239,3
BUX1012,0,20101203,092144,21239.5,1
RICHTER,0,20101203,092144,43800,385
MOL,0,20101203,092147,19045,9
MOL,0,20101203,092147,19045,200
MOL,0,20101203,092147,19050,82
MOL,0,20101203,092147,19050,186
MOL,0,20101203,092147,19050,523
BUX1012,0,20101203,092152,21239,1
MOL,0,20101203,092153,19000,1
SYNERGON,0,20101203,092156,526,50
CSEPEL,0,20101203,092215,265,100
MOL,0,20101203,092220,19000,5
RFV,0,20101203,092227,7999,19
RFV,0,20101203,092227,7999,6
EGIS,0,20101203,092236,19000,7
MOL,0,20101203,092237,19000,36
MOL,0,20101203,092237,19000,14
OTP,0,20101203,092241,5237,11
OTP,0,20101203,092241,5237,20
OTP,0,20101203,092242,5237,39
OTP,0,20101203,092242,5237,4
EGIS,0,20101203,092248,19005,6
OTP,0,20101203,092305,5237,26
OTP,0,20101203,092305,5230,74
MOL,0,20101203,092315,19050,77
MOL,0,20101203,092315,19050,173
MOL,0,20101203,092322,19050,27
BUX1012,0,20101203,092334,21221,1
OTP,0,20101203,092348,5237,50
OTP,0,20101203,092348,5237,10
MTELEKOM,0,20101203,092414,546,1700
MTELEKOM,0,20101203,092415,546,8581
RABA,0,20101203,092417,826,5
OTP,0,20101203,092418,5231,80
BUX1012,0,20101203,092432,21230,2
MOL,0,20101203,092435,19090,30
MOL,0,20101203,092435,19090,10
MOL,0,20101203,092435,19100,4
MOL,0,20101203,092435,19100,1
MOL,0,20101203,092435,19100,5
BUX1012,0,20101203,092435,21232,1
BUX1012,0,20101203,092442,21221,2
BUX1012,0,20101203,092442,21220,1
MOL,0,20101203,092445,19100,1
BUX1012,0,20101203,092450,21238,3
BUX1012,0,20101203,092450,21240,17
OTP,0,20101203,092451,5237,71
OTP,0,20101203,092451,5237,25
OTP,0,20101203,092451,5238,50
OTP,0,20101203,092451,5239,370
OTP,0,20101203,092451,5239,184
BUX1012,0,20101203,092453,21240,8
MOL,0,20101203,092453,19100,18
BUX1012,0,20101203,092456,21240,1
MOL,0,20101203,092501,19145,10
OTP,0,20101203,092505,5230,40
MOL,0,20101203,092510,19145,54
MOL,0,20101203,092510,19150,5
BUX1012,0,20101203,092512,21248,2
MOL,0,20101203,092513,19145,8
BUX1012,0,20101203,092516,21248,3
BUX1012,0,20101203,092516,21250,10
MOL,0,20101203,092525,19145,46
MOL,0,20101203,092525,19145,3
MOL,0,20101203,092527,19145,1
MOL,0,20101203,092527,19150,95
MOL,0,20101203,092527,19150,50
MOL,0,20101203,092527,19150,40
MOL,0,20101203,092527,19150,99
OTP,0,20101203,092533,5239,16
OTP,0,20101203,092533,5239,30
OTP,0,20101203,092533,5239,100
MOL,0,20101203,092544,19105,70
OTP,0,20101203,092545,5238,30
PHYLAXIA,0,20101203,092545,46,4585
OTP,0,20101203,092601,5238,154
MTELEKOM,0,20101203,092601,546,1419
MTELEKOM,0,20101203,092601,545,295
MTELEKOM,0,20101203,092601,545,571
MOL,0,20101203,092607,19120,400
ELMU,0,20101203,092617,27900,20
ELMU,0,20101203,092617,28000,30
MOL,0,20101203,092620,19105,10
PANNERGY,0,20101203,092630,893,100
PANNERGY,0,20101203,092630,892,100
PANNERGY,0,20101203,092630,892,500
PANNERGY,0,20101203,092630,891,300
EMASZ,0,20101203,092630,20900,43
EMASZ,0,20101203,092630,21280,7
OTP,0,20101203,092634,5237,50
OTP,0,20101203,092634,5238,16
OTP,0,20101203,092634,5239,444
PANNERGY,0,20101203,092643,895,1000
OTP,0,20101203,092643,5230,101
OTP,0,20101203,092643,5230,2
OTP,0,20101203,092643,5230,297
MTELEKOM,0,20101203,092646,545,444
MOL,0,20101203,092646,19110,50
MOL,0,20101203,092646,19140,5
MOL,0,20101203,092646,19145,9
MOL,0,20101203,092646,19145,200
MOL,0,20101203,092646,19150,1
MOL,0,20101203,092646,19150,200
MOL,0,20101203,092646,19150,35
MOL,0,20101203,092648,19100,50
MOL,0,20101203,092654,19150,15
MOL,0,20101203,092654,19175,40
MOL,0,20101203,092654,19175,250
MOL,0,20101203,092654,19185,100
MOL,0,20101203,092654,19185,5
MOL,0,20101203,092654,19190,10
MOL,0,20101203,092654,19190,500
MOL,0,20101203,092654,19190,10
MOL,0,20101203,092654,19190,10
MOL,0,20101203,092654,19190,500
MOL,0,20101203,092654,19190,10
MOL,0,20101203,092654,19190,100
MOL,0,20101203,092654,19195,5
MOL,0,20101203,092654,19195,20
MOL,0,20101203,092654,19195,200
MOL,0,20101203,092654,19200,206
MOL,0,20101203,092654,19200,15
MOL,0,20101203,092654,19200,250
MOL,0,20101203,092654,19200,50
MOL,0,20101203,092654,19200,200
BUX1012,0,20101203,092656,21246,1
BUX1012,0,20101203,092656,21248,3
BUX1012,0,20101203,092656,21250,1
OTP,0,20101203,092700,5239,556
OTP,0,20101203,092700,5239,450
BUX1012,0,20101203,092710,21250,4
BUX1012,0,20101203,092712,21250,5
MOL,0,20101203,092725,19190,5
MOL,0,20101203,092730,19190,15
MOL,0,20101203,092732,19200,5
MOL,0,20101203,092739,19200,45
MOL,0,20101203,092739,19200,5
BUX1012,0,20101203,092753,21249,1
OTP,0,20101203,092802,5230,500
BUX1012,0,20101203,092828,21250,1
BUX1012,0,20101203,092828,21257,3
BUX1012,0,20101203,092848,21257,1
MOL,0,20101203,092852,19175,10
ECONET,0,20101203,092911,95,2900
ECONET,0,20101203,092911,95,2001
ECONET,0,20101203,092911,95,99
OTP,0,20101203,092933,5230,7
MTELEKOM,0,20101203,092957,545,5060
MTELEKOM,0,20101203,092957,545,1000
MTELEKOM,0,20101203,092957,545,3940
MOL,0,20101203,093001,19115,10
MOL,0,20101203,093001,19115,20
MOL,0,20101203,093001,19110,5
MOL,0,20101203,093001,19100,181
MOL,0,20101203,093001,19100,20
MOL,0,20101203,093001,19100,318
BUX1012,0,20101203,093008,21249,3
BUX1012,0,20101203,093008,21255,1
OTP,0,20101203,093009,5230,700
MTELEKOM,0,20101203,093020,545,5000
OTP,0,20101203,093020,5235,250
OTP,0,20101203,093022,5235,1750
HUMET,0,20101203,093023,10,2000
RICHTER,0,20101203,093028,43895,50
RICHTER,0,20101203,093028,43900,100
OTP,0,20101203,093029,5235,100
MTELEKOM,0,20101203,093035,545,1600
BUX1012,0,20101203,093037,21255,1
BUX1012,0,20101203,093037,21255,1
BUX1012,0,20101203,093037,21256,1
MTELEKOM,0,20101203,093037,545,1000
FHB,0,20101203,093040,985,3
OTP,0,20101203,093047,5235,1
MTELEKOM,0,20101203,093054,545,3000
BUX1012,0,20101203,093054,21235,1
MTELEKOM,0,20101203,093101,545,460
MTELEKOM,0,20101203,093101,545,20
FHB,0,20101203,093102,985,11
MTELEKOM,0,20101203,093103,544,400
MTELEKOM,0,20101203,093103,543,200
BUX1012,0,20101203,093129,21233,5
BUX1012,0,20101203,093134,21255,2
BUX1012,0,20101203,093142,21257,2
RICHTER,0,20101203,093145,43900,65
PANNERGY,0,20101203,093151,895,11
MTELEKOM,0,20101203,093153,543,800
RICHTER,0,20101203,093158,43900,50
MTELEKOM,0,20101203,093201,543,8880
ANY,0,20101203,093217,704,100
MTELEKOM,0,20101203,093220,544,1714
EMASZ,0,20101203,093235,20505,2
OTP,0,20101203,093236,5236,25
OTP,0,20101203,093241,5235,149
OTP,0,20101203,093254,5232,100
OTP,0,20101203,093307,5231,17
OTP,0,20101203,093307,5230,30
MTELEKOM,0,20101203,093313,545,100
MOL,0,20101203,093316,19100,1
MOL,0,20101203,093316,19100,1999
BUX1012,0,20101203,093318,21250,2
OTP,0,20101203,093328,5230,475
RICHTER,0,20101203,093329,43820,2
MOL,0,20101203,093341,19110,10
SYNERGON,0,20101203,093351,527,500
MOL,0,20101203,093352,19100,1
MOL,0,20101203,093352,19100,14
RABA,0,20101203,093353,830,75000
MOL,0,20101203,093413,19105,10
MOL,0,20101203,093417,19100,50
MTELEKOM,0,20101203,093423,543,323
BUX1012,0,20101203,093425,21236,3
BUX1012,0,20101203,093425,21236,2
BUX1012,0,20101203,093425,21235,4
OTP,0,20101203,093426,5230,180
OTP,0,20101203,093432,5230,50
OTP,0,20101203,093505,5235,20
OTP,0,20101203,093516,5230,61
OTP,0,20101203,093516,5230,575
OTP,0,20101203,093516,5230,20
OTP,0,20101203,093516,5230,25
OTP,0,20101203,093516,5230,50
OTP,0,20101203,093516,5230,300
OTP,0,20101203,093523,5230,3969
MOL,0,20101203,093537,19100,10
OTP,0,20101203,093537,5235,5
TVK,0,20101203,093603,3500,50
MOL,0,20101203,093612,19130,2000
SYNERGON,0,20101203,093619,527,200
TVK,0,20101203,093629,3500,20
MOL,0,20101203,093641,19100,5
SYNERGON,0,20101203,093650,526,50
SYNERGON,0,20101203,093650,520,10
MOL,0,20101203,093651,19100,235
MOL,0,20101203,093651,19100,10
MOL,0,20101203,093651,19100,5
BUX1012,0,20101203,093701,21233,1
BUX1012,0,20101203,093701,21232,19
BUX1012,0,20101203,093742,21232,1
BUX1012,0,20101203,093742,21232,2
BUX1012,0,20101203,093850,21249,1
MOL,0,20101203,093852,19100,1
PANNERGY,0,20101203,093853,891,200
MOL,0,20101203,093920,19100,44
MOL,0,20101203,093920,19100,250
MOL,0,20101203,093920,19100,30
MOL,0,20101203,093920,19100,176
BUX1012,0,20101203,093921,21249,9
BUX1012,0,20101203,093921,21250,3
BUX1012,0,20101203,093921,21250,13
EMASZ,0,20101203,093927,20525,2
EMASZ,0,20101203,093927,20520,2
EMASZ,0,20101203,093927,20520,16
ANY,0,20101203,093937,706,200
RICHTER,0,20101203,093945,43860,3
MOL,0,20101203,093947,19100,25
BUX1012,0,20101203,093950,21230,1
OTP,0,20101203,093950,5230,50
OTP,0,20101203,093950,5230,22
OTP,0,20101203,093955,5230,7
OTP,0,20101203,093959,5230,150
BUX1012,0,20101203,094006,21230,1
OTP,0,20101203,094007,5230,271
BUX1012,0,20101203,094017,21245,2
OTP,0,20101203,094023,5230,1000
OTP,0,20101203,094025,5230,20
OTP,0,20101203,094048,5234,8
OTP,0,20101203,094048,5235,47
ZWACK,0,20101203,094130,15395,3
ZWACK,0,20101203,094130,15400,7
BUX1012,0,20101203,094153,21223.5,3
OTP,0,20101203,094155,5234,100
OTP,0,20101203,094204,5234,46
PANNERGY,0,20101203,094213,894,100
HUMET,0,20101203,094214,9,2020
MOL,0,20101203,094215,19140,3
MTELEKOM,0,20101203,094219,545,1000
EGIS,0,20101203,094224,19020,8
EGIS,0,20101203,094224,19005,10
MOL,0,20101203,094234,19105,4
MOL,0,20101203,094234,19100,254
OTP,0,20101203,094236,5230,50
OTP,0,20101203,094258,5230,40
BUX1012,0,20101203,094306,21225,3
MTELEKOM,0,20101203,094311,545,184
MTELEKOM,0,20101203,094326,545,3000
SYNERGON,0,20101203,094337,527,200
OTP,0,20101203,094345,5230,1619
OTP,0,20101203,094345,5230,223
MOL,0,20101203,094346,19140,70
PANNERGY,0,20101203,094349,894,1000
BUX1012,0,20101203,094351,21230,5
SYNERGON,0,20101203,094352,528,190
BUX1012,0,20101203,094405,21234,2
SYNERGON,0,20101203,094413,529,110
MOL,0,20101203,094449,19140,104
MTELEKOM,0,20101203,094518,545,50
RFV,0,20101203,094534,7996,64
MTELEKOM,0,20101203,094540,545,1200
BUX1012,0,20101203,094556,21237,1
MOL,0,20101203,094558,19140,73
MOL,0,20101203,094558,19150,100
MOL,0,20101203,094558,19150,500
MOL,0,20101203,094558,19175,40
MOL,0,20101203,094558,19175,245
MOL,0,20101203,094558,19180,5
MOL,0,20101203,094558,19180,100
MOL,0,20101203,094558,19185,78
MOL,0,20101203,094558,19185,100
MOL,0,20101203,094558,19190,100
MOL,0,20101203,094558,19190,50
MOL,0,20101203,094558,19190,10
MOL,0,20101203,094558,19195,35
MOL,0,20101203,094558,19195,1000
MOL,0,20101203,094558,19195,10
MOL,0,20101203,094558,19195,15
MOL,0,20101203,094558,19200,50
MOL,0,20101203,094558,19200,250
MOL,0,20101203,094558,19200,42
MOL,0,20101203,094558,19200,200
MTELEKOM,0,20101203,094600,545,370
OTP,0,20101203,094608,5232,179
OTP,0,20101203,094608,5232,384
OTP,0,20101203,094608,5234,354
OTP,0,20101203,094608,5235,279
OTP,0,20101203,094608,5235,50
OTP,0,20101203,094608,5235,1000
OTP,0,20101203,094608,5235,25
OTP,0,20101203,094608,5235,1
OTP,0,20101203,094608,5238,200
OTP,0,20101203,094608,5238,500
OTP,0,20101203,094608,5239,100
OTP,0,20101203,094608,5239,100
OTP,0,20101203,094608,5239,200
OTP,0,20101203,094608,5240,185
OTP,0,20101203,094608,5240,500
OTP,0,20101203,094608,5240,10
OTP,0,20101203,094608,5240,37
OTP,0,20101203,094608,5240,575
MOL,0,20101203,094610,19200,497
BUX1012,0,20101203,094612,21240,1
OTP,0,20101203,094614,5240,321
BUX1012,0,20101203,094615,21240,4
OTP,0,20101203,094622,5230,50
MTELEKOM,0,20101203,094627,545,950
OTP,0,20101203,094640,5230,927
OTP,0,20101203,094640,5230,17
OTP,0,20101203,094644,5230,4056
MOL,0,20101203,094650,19180,100
EGIS,0,20101203,094659,19010,3
RICHTER,0,20101203,094713,43900,5
BUX1012,0,20101203,094733,21240,1
RICHTER,0,20101203,094740,43900,2
RICHTER,0,20101203,094740,43900,48
RICHTER,0,20101203,094748,43900,1
MOL,0,20101203,094749,19180,3
MOL,0,20101203,094752,19180,21
MOL,0,20101203,094803,19180,25
BUX1012,0,20101203,094815,21245,3
BUX1012,0,20101203,094815,21245,2
OTP,0,20101203,094833,5230,200
OTP,0,20101203,094833,5230,100
OTP,0,20101203,094833,5230,19
MOL,0,20101203,094838,19180,10
MOL,0,20101203,094839,19190,5
MOL,0,20101203,094839,19190,30
MOL,0,20101203,094839,19190,70
MOL,0,20101203,094839,19190,400
MOL,0,20101203,094839,19195,150
MOL,0,20101203,094839,19200,100
MOL,0,20101203,094841,19200,245
MOL,0,20101203,094841,19200,2755
OTP,0,20101203,094843,5230,100
MOL,0,20101203,094853,19200,245
OTP,0,20101203,094859,5230,47
MOL,0,20101203,094908,19190,19
OTP,0,20101203,094911,5230,97
OTP,0,20101203,094913,5230,200
BUX1012,0,20101203,094913,21248,6
BUX1012,0,20101203,094915,21248,4
BUX1012,0,20101203,094915,21248,11
ECONET,0,20101203,094916,94,541
ECONET,0,20101203,094916,94,10
ECONET,0,20101203,094916,94,3000
ECONET,0,20101203,094916,94,159
ECONET,0,20101203,094916,94,500
RICHTER,0,20101203,094916,43900,2
EMASZ,0,20101203,094919,21275,2
EMASZ,0,20101203,094919,21275,16
EMASZ,0,20101203,094919,21280,3
EMASZ,0,20101203,094919,21290,5
EMASZ,0,20101203,094919,21340,10
EMASZ,0,20101203,094919,21350,14
MOL,0,20101203,094930,19190,216
MOL,0,20101203,094930,19190,247
BUX1012,0,20101203,094930,21249,3
BUX1012,0,20101203,094930,21250,2
FOTEX,0,20101203,094933,410,200
EGIS,0,20101203,094936,19090,5
BUX1012,0,20101203,094936,21250,11
KEG,0,20101203,094951,158,600
BUX1012,0,20101203,095005,21250,4
BUX1012,0,20101203,095005,21253,1
EGIS,0,20101203,095013,19150,10
OTP,0,20101203,095025,5230,189
EGIS,0,20101203,095033,19155,5
EGIS,0,20101203,095033,19155,5
KEG,0,20101203,095036,158,50
KEG,0,20101203,095036,158,1500
ECONET,0,20101203,095036,94,1790
ZWACK,0,20101203,095041,15350,30
ZWACK,0,20101203,095041,15400,1
ZWACK,0,20101203,095041,15400,20
ZWACK,0,20101203,095045,15400,9
KEG,0,20101203,095047,157,840
KEG,0,20101203,095047,157,100
KEG,0,20101203,095047,157,500
KEG,0,20101203,095047,157,3500
KEG,0,20101203,095047,157,2000
EGIS,0,20101203,095052,19165,2
FOTEX,0,20101203,095103,410,800
EMASZ,0,20101203,095108,20600,2
EGIS,0,20101203,095112,19165,20
MTELEKOM,0,20101203,095113,546,120
EGIS,0,20101203,095133,19170,10
OTP,0,20101203,095136,5229,10
OTP,0,20101203,095143,5229,300
KEG,0,20101203,095152,156,250
KEG,0,20101203,095152,155,330
KEG,0,20101203,095152,155,200
KEG,0,20101203,095152,155,500
KEG,0,20101203,095152,155,3500
KEG,0,20101203,095206,155,220
OTP,0,20101203,095210,5229,100
OTP,0,20101203,095230,5230,33
OTP,0,20101203,095230,5230,117
OTP,0,20101203,095230,5230,1483
OTP,0,20101203,095230,5230,20
OTP,0,20101203,095230,5230,1000
OTP,0,20101203,095230,5230,9000
OTP,0,20101203,095235,5230,150
OTP,0,20101203,095237,5230,3350
RFV,0,20101203,095243,7996,19
OTP,0,20101203,095303,5230,494
OTP,0,20101203,095303,5230,4600
OTP,0,20101203,095330,5230,100
OTP,0,20101203,095330,5231,2997
MTELEKOM,0,20101203,095347,546,10
OTP,0,20101203,095410,5232,100
KEG,0,20101203,095447,157,600
OTP,0,20101203,095448,5230,50
MOL,0,20101203,095507,19150,5
MOL,0,20101203,095533,19180,10
MOL,0,20101203,095533,19180,20
BUX1012,0,20101203,095543,21253,3
OTP,0,20101203,095551,5231,17
OTP,0,20101203,095551,5230,983
MOL,0,20101203,095609,19180,40
MOL,0,20101203,095609,19180,5
MOL,0,20101203,095609,19185,5
OTP,0,20101203,095612,5232,40
OTP,0,20101203,095620,5230,20
OTP,0,20101203,095705,5230,15
BUX1012,0,20101203,095722,21253,1
BUX1012,0,20101203,095722,21253,1
BUX1012,0,20101203,095722,21254,1
OTP,0,20101203,095748,5230,500
BUX1012,0,20101203,095757,21237.5,1
MTELEKOM,0,20101203,095926,545,2000
PANNERGY,0,20101203,095946,894,127
BUX1012,0,20101203,100003,21250,1
BUX1012,0,20101203,100003,21250,1
OTP,0,20101203,100007,5232,750
OTP,0,20101203,100009,5230,200
OTP,0,20101203,100031,5230,100
BUX1012,0,20101203,100037,21237.5,1
KEG,0,20101203,100041,157,2460
OTP,0,20101203,100051,5230,36
MOL,0,20101203,100052,19140,30
EGIS,0,20101203,100054,19105,5
EGIS,0,20101203,100054,19105,10
BUX1012,0,20101203,100103,21237.5,1
MOL,0,20101203,100107,19110,10
EGIS,0,20101203,100113,19005,20
OTP,0,20101203,100155,5229,20
FHB,0,20101203,100201,980,100
FHB,0,20101203,100201,980,300
FHB,0,20101203,100201,980,100
FHB,0,20101203,100201,980,500
BUX1012,0,20101203,100203,21237,1
BUX1012,0,20101203,100203,21237,1
OTP,0,20101203,100227,5230,160
PANNERGY,0,20101203,100230,895,273
OTP,0,20101203,100235,5230,804
OTP,0,20101203,100235,5230,100
OTP,0,20101203,100235,5230,200
OTP,0,20101203,100235,5230,70
OTP,0,20101203,100235,5230,200
OTP,0,20101203,100235,5230,122
BUX1012,0,20101203,100241,21238,1
OTP,0,20101203,100306,5229,40
MOL,0,20101203,100308,19105,40
MOL,0,20101203,100308,19105,10
MOL,0,20101203,100313,19105,5
MOL,0,20101203,100313,19105,2
MOL,0,20101203,100318,19105,7
MTELEKOM,0,20101203,100408,546,70
MTELEKOM,0,20101203,100408,546,3330
OTP,0,20101203,100416,5229,1
OTP,0,20101203,100430,5229,20
OTP,0,20101203,100431,5230,235
OTP,0,20101203,100437,5230,265
BUX1012,0,20101203,100446,21237.5,1
BUX1012,0,20101203,100448,21249.5,1
BUX1012,0,20101203,100448,21250,5
BUX1012,0,20101203,100448,21250,6
BUX1012,0,20101203,100448,21250,8
OTP,0,20101203,100450,5230,19
OTP,0,20101203,100507,5231,10
BUX1012,0,20101203,100507,21237.5,1
OTP,0,20101203,100512,5230,400
MOL,0,20101203,100515,19110,8
BUX1012,0,20101203,100541,21237.5,1
OTP,0,20101203,100551,5230,50
OTP,0,20101203,100559,5230,415
OTP,0,20101203,100601,5230,1000
OTP,0,20101203,100614,5230,79
OTP,0,20101203,100616,5230,32
BUX1012,0,20101203,100623,21237,1
OTP,0,20101203,100638,5231,15
OTP,0,20101203,100638,5232,110
OTP,0,20101203,100638,5232,27
OTP,0,20101203,100640,5234,40
OTP,0,20101203,100640,5234,100
OTP,0,20101203,100640,5235,580
OTP,0,20101203,100645,5230,99
RICHTER,0,20101203,100653,43855,5
MOL,0,20101203,100658,19105,6
OTP,0,20101203,100713,5235,420
OTP,0,20101203,100720,5238,80
OTP,0,20101203,100730,5238,639
OTP,0,20101203,100734,5238,281
OTP,0,20101203,100734,5238,1000
OTP,0,20101203,100734,5238,100
OTP,0,20101203,100734,5238,100
OTP,0,20101203,100734,5239,200
OTP,0,20101203,100734,5239,300
OTP,0,20101203,100734,5240,3019
OTP,0,20101203,100740,5240,1981
OTP,0,20101203,100740,5240,63
OTP,0,20101203,100740,5240,13
OTP,0,20101203,100740,5240,370
OTP,0,20101203,100740,5240,486
OTP,0,20101203,100748,5241,100
OTP,0,20101203,100748,5242,40
OTP,0,20101203,100748,5242,500
OTP,0,20101203,100748,5243,200
OTP,0,20101203,100748,5244,24
OTP,0,20101203,100748,5244,250
OTP,0,20101203,100748,5245,45
OTP,0,20101203,100748,5245,500
OTP,0,20101203,100748,5245,2000
OTP,0,20101203,100748,5245,3854
OTP,0,20101203,100748,5245,20
OTP,0,20101203,100754,5248,1000
OTP,0,20101203,100754,5248,750
OTP,0,20101203,100754,5248,40
OTP,0,20101203,100754,5249,50
OTP,0,20101203,100754,5249,100
OTP,0,20101203,100754,5249,21
OTP,0,20101203,100754,5249,1000
OTP,0,20101203,100754,5249,500
OTP,0,20101203,100754,5249,2000
OTP,0,20101203,100754,5249,20
OTP,0,20101203,100754,5249,100
OTP,0,20101203,100754,5250,1237
OTP,0,20101203,100754,5250,200
OTP,0,20101203,100754,5250,150
OTP,0,20101203,100754,5250,14
OTP,0,20101203,100754,5250,45
OTP,0,20101203,100754,5250,1000
OTP,0,20101203,100754,5250,20
OTP,0,20101203,100754,5250,22
OTP,0,20101203,100754,5250,100
OTP,0,20101203,100754,5250,150
OTP,0,20101203,100754,5250,250
OTP,0,20101203,100754,5250,1231
OTP,0,20101203,100754,5250,1269
OTP,0,20101203,100754,5250,5000
OTP,0,20101203,100754,5250,200
OTP,0,20101203,100754,5250,20
OTP,0,20101203,100754,5250,20
OTP,0,20101203,100754,5250,50
OTP,0,20101203,100754,5250,100
OTP,0,20101203,100754,5250,1
OTP,0,20101203,100754,5250,388
OTP,0,20101203,100754,5250,100
OTP,0,20101203,100754,5250,10
OTP,0,20101203,100754,5250,100
OTP,0,20101203,100754,5250,5
OTP,0,20101203,100754,5250,25
OTP,0,20101203,100754,5250,50
OTP,0,20101203,100754,5250,15
OTP,0,20101203,100754,5250,50
OTP,0,20101203,100754,5250,50
OTP,0,20101203,100754,5250,500
BUX1012,0,20101203,100802,21248,1
BUX1012,0,20101203,100802,21250,5
BUX1012,0,20101203,100802,21256,3
OTP,0,20101203,100804,5250,200
BUX1012,0,20101203,100806,21256,1
BUX1012,0,20101203,100806,21258,3
BUX1012,0,20101203,100806,21260,1
RICHTER,0,20101203,100817,43895,3
RICHTER,0,20101203,100817,43895,2
RICHTER,0,20101203,100817,43900,3
OTP,0,20101203,100817,5250,216
OTP,0,20101203,100817,5250,1500
OTP,0,20101203,100817,5250,100
OTP,0,20101203,100817,5250,1000
OTP,0,20101203,100817,5250,87
OTP,0,20101203,100823,5250,1000
OTP,0,20101203,100824,5250,1097
OTP,0,20101203,100824,5250,162
OTP,0,20101203,100824,5250,20
RICHTER,0,20101203,100828,43900,73
OTP,0,20101203,100835,5250,250
OTP,0,20101203,100855,5250,240
BUX1012,0,20101203,100856,21260,4
BUX1012,0,20101203,100856,21263,1
BUX1012,0,20101203,100856,21264.5,1
BUX1012,0,20101203,100856,21265,2
BUX1012,0,20101203,100856,21269,1
BUX1012,0,20101203,100856,21270,1
BUX1012,0,20101203,100856,21270,1
BUX1012,0,20101203,100856,21270,2
BUX1012,0,20101203,100856,21270,4
OTP,0,20101203,100857,5251,30
OTP,0,20101203,100902,5250,50
OTP,0,20101203,100903,5251,100
BUX1012,0,20101203,100906,21265,4
BUX1012,0,20101203,100906,21265,3
OTP,0,20101203,100912,5254,85
OTP,0,20101203,100912,5254,9
OTP,0,20101203,100912,5254,200
OTP,0,20101203,100915,5250,200
MTELEKOM,0,20101203,100918,545,2050
MTELEKOM,0,20101203,100918,545,158
MTELEKOM,0,20101203,100918,545,188
MTELEKOM,0,20101203,100918,545,104
OTP,0,20101203,100922,5254,291
OTP,0,20101203,100922,5255,2000
OTP,0,20101203,100922,5256,25
OTP,0,20101203,100922,5259,100
OTP,0,20101203,100922,5259,50
OTP,0,20101203,100922,5259,200
OTP,0,20101203,100922,5259,100
OTP,0,20101203,100922,5259,20
OTP,0,20101203,100922,5260,200
OTP,0,20101203,100922,5260,400
OTP,0,20101203,100922,5260,1200
OTP,0,20101203,100922,5260,2000
OTP,0,20101203,100922,5260,100
OTP,0,20101203,100922,5264,150
OTP,0,20101203,100922,5265,50
OTP,0,20101203,100922,5265,450
OTP,0,20101203,100922,5268,500
OTP,0,20101203,100922,5268,2000
OTP,0,20101203,100922,5269,100
OTP,0,20101203,100922,5269,100
OTP,0,20101203,100922,5269,2900
OTP,0,20101203,100922,5270,410
OTP,0,20101203,100922,5270,380
OTP,0,20101203,100922,5270,144
OTP,0,20101203,100922,5270,21
OTP,0,20101203,100922,5270,2200
OTP,0,20101203,100922,5270,2000
OTP,0,20101203,100922,5270,500
OTP,0,20101203,100922,5270,1082
OTP,0,20101203,100922,5270,50
OTP,0,20101203,100922,5270,100
OTP,0,20101203,100922,5270,60
OTP,0,20101203,100922,5270,1000
OTP,0,20101203,100922,5273,15
OTP,0,20101203,100922,5273,500
OTP,0,20101203,100922,5274,20
OTP,0,20101203,100922,5275,468
OTP,0,20101203,100922,5275,13
OTP,0,20101203,100922,5275,20
OTP,0,20101203,100922,5275,50
OTP,0,20101203,100927,5275,949
OTP,0,20101203,100927,5275,500
OTP,0,20101203,100927,5275,1278
OTP,0,20101203,100927,5275,1000
OTP,0,20101203,100927,5275,100
OTP,0,20101203,100927,5275,300
OTP,0,20101203,100927,5275,5000
OTP,0,20101203,100927,5275,480
OTP,0,20101203,100927,5270,400
OTP,0,20101203,100928,5277,20
OTP,0,20101203,100928,5278,50
OTP,0,20101203,100928,5278,20
OTP,0,20101203,100928,5278,100
OTP,0,20101203,100928,5279,100
OTP,0,20101203,100928,5279,100
OTP,0,20101203,100928,5279,130
OTP,0,20101203,100928,5279,95
OTP,0,20101203,100928,5279,100
OTP,0,20101203,100928,5279,100
OTP,0,20101203,100928,5280,20
OTP,0,20101203,100928,5280,15
OTP,0,20101203,100928,5280,150
OTP,0,20101203,100928,5280,9
OTP,0,20101203,100928,5280,100
OTP,0,20101203,100928,5280,2000
OTP,0,20101203,100928,5280,460
OTP,0,20101203,100928,5280,316
OTP,0,20101203,100928,5280,25
OTP,0,20101203,100928,5280,100
OTP,0,20101203,100928,5280,50
OTP,0,20101203,100928,5280,20
OTP,0,20101203,100928,5280,190
OTP,0,20101203,100928,5280,2500
OTP,0,20101203,100928,5280,50
OTP,0,20101203,100928,5280,205
OTP,0,20101203,100928,5280,200
OTP,0,20101203,100928,5280,440
OTP,0,20101203,100928,5280,500
OTP,0,20101203,100928,5280,150
OTP,0,20101203,100928,5280,100
OTP,0,20101203,100928,5280,100
OTP,0,20101203,100928,5280,249
OTP,0,20101203,100928,5280,7
OTP,0,20101203,100928,5280,50
OTP,0,20101203,100928,5281,48
BUX1012,0,20101203,100928,21269.5,1
BUX1012,0,20101203,100928,21270,38
OTP,0,20101203,100933,5281,47
OTP,0,20101203,100933,5282,12
OTP,0,20101203,100933,5283,100
OTP,0,20101203,100933,5284,10
OTP,0,20101203,100933,5284,120
OTP,0,20101203,100933,5284,25
OTP,0,20101203,100933,5284,500
OTP,0,20101203,100933,5284,15
OTP,0,20101203,100933,5285,250
OTP,0,20101203,100933,5285,100
OTP,0,20101203,100933,5285,1210
OTP,0,20101203,100933,5285,1000
OTP,0,20101203,100933,5285,10
OTP,0,20101203,100936,5280,100
OTP,0,20101203,100936,5285,3399
OTP,0,20101203,100936,5280,1601
OTP,0,20101203,100938,5280,3000
OTP,0,20101203,100940,5280,4906
OTP,0,20101203,100950,5263,400
OTP,0,20101203,100951,5280,94
OTP,0,20101203,100951,5280,100
OTP,0,20101203,100951,5280,2000
OTP,0,20101203,100951,5280,200
OTP,0,20101203,100952,5263,200
OTP,0,20101203,100953,5263,175
BUX1012,0,20101203,100954,21270,1
MOL,0,20101203,100957,19110,2
MOL,0,20101203,100957,19130,5
MOL,0,20101203,100957,19150,18
OTP,0,20101203,101003,5270,50
BUX1012,0,20101203,101003,21276,1
BUX1012,0,20101203,101003,21280,2
OTP,0,20101203,101003,5275,1000
OTP,0,20101203,101004,5275,40
OTP,0,20101203,101008,5285,10
OTP,0,20101203,101009,5280,15
OTP,0,20101203,101013,5280,35
OTP,0,20101203,101015,5284,20
OTP,0,20101203,101015,5285,20
OTP,0,20101203,101015,5285,500
OTP,0,20101203,101015,5285,40
OTP,0,20101203,101015,5286,100
OTP,0,20101203,101015,5287,19
OTP,0,20101203,101015,5287,80
OTP,0,20101203,101017,5280,150
OTP,0,20101203,101017,5280,100
OTP,0,20101203,101023,5284,70
OTP,0,20101203,101023,5287,20
OTP,0,20101203,101023,5287,300
OTP,0,20101203,101023,5288,1000
OTP,0,20101203,101023,5288,100
OTP,0,20101203,101023,5289,11
OTP,0,20101203,101023,5289,6
OTP,0,20101203,101023,5289,95
RICHTER,0,20101203,101023,43940,1
RICHTER,0,20101203,101023,43940,10
RICHTER,0,20101203,101023,43940,10
RICHTER,0,20101203,101023,43945,99
OTP,0,20101203,101028,5289,70
OTP,0,20101203,101028,5290,15
OTP,0,20101203,101028,5290,44
OTP,0,20101203,101028,5290,2911
OTP,0,20101203,101028,5290,4
OTP,0,20101203,101028,5290,970
OTP,0,20101203,101028,5290,41
OTP,0,20101203,101028,5290,52
OTP,0,20101203,101028,5290,3200
OTP,0,20101203,101028,5290,217
OTP,0,20101203,101028,5290,1983
OTP,0,20101203,101028,5290,11
OTP,0,20101203,101028,5290,55
OTP,0,20101203,101028,5294,100
OTP,0,20101203,101028,5294,50
PANNERGY,0,20101203,101029,890,93
PANNERGY,0,20101203,101029,890,187
PANNERGY,0,20101203,101029,890,85
OTP,0,20101203,101032,5295,188
OTP,0,20101203,101032,5295,100
OTP,0,20101203,101032,5295,356
OTP,0,20101203,101034,5295,394
OTP,0,20101203,101034,5295,5
OTP,0,20101203,101034,5295,288
OTP,0,20101203,101034,5295,2400
OTP,0,20101203,101034,5295,80
OTP,0,20101203,101034,5295,400
OTP,0,20101203,101034,5295,200
OTP,0,20101203,101034,5295,50
OTP,0,20101203,101034,5295,50
OTP,0,20101203,101034,5295,798
OTP,0,20101203,101034,5295,100
OTP,0,20101203,101034,5295,57
OTP,0,20101203,101035,5296,22
OTP,0,20101203,101035,5296,110
OTP,0,20101203,101035,5296,100
OTP,0,20101203,101035,5296,2768
MOL,0,20101203,101036,19150,10
OTP,0,20101203,101038,5295,178
MOL,0,20101203,101039,19150,22
MOL,0,20101203,101039,19160,15
OTP,0,20101203,101040,5290,322
OTP,0,20101203,101042,5296,232
OTP,0,20101203,101043,5295,70
OTP,0,20101203,101046,5280,100
OTP,0,20101203,101049,5295,50
BUX1012,0,20101203,101050,21280,3
BUX1012,0,20101203,101050,21284,2
BUX1012,0,20101203,101050,21286,1
BUX1012,0,20101203,101050,21287,1
BUX1012,0,20101203,101050,21290,18
RABA,0,20101203,101053,830,200
OTP,0,20101203,101054,5296,18
OTP,0,20101203,101055,5281,100
BUX1012,0,20101203,101056,21290,2
BUX1012,0,20101203,101056,21296,1
BUX1012,0,20101203,101056,21299,2
BUX1012,0,20101203,101056,21300,1
BUX1012,0,20101203,101056,21300,1
BUX1012,0,20101203,101056,21300,2
OTP,0,20101203,101101,5295,15
OTP,0,20101203,101101,5295,100
OTP,0,20101203,101101,5295,1000
OTP,0,20101203,101103,5294,750
OTP,0,20101203,101103,5295,180
OTP,0,20101203,101103,5296,4070
OTP,0,20101203,101109,5295,200
MOL,0,20101203,101110,19170,8
OTP,0,20101203,101110,5295,100
OTP,0,20101203,101114,5295,100
OTP,0,20101203,101114,5295,500
OTP,0,20101203,101117,5295,20
OTP,0,20101203,101117,5295,10
OTP,0,20101203,101118,5295,25
OTP,0,20101203,101118,5296,930
OTP,0,20101203,101118,5296,100
OTP,0,20101203,101118,5296,100
OTP,0,20101203,101118,5297,600
OTP,0,20101203,101118,5297,100
OTP,0,20101203,101118,5297,1000
OTP,0,20101203,101118,5297,100
OTP,0,20101203,101118,5297,60
OTP,0,20101203,101118,5298,20
OTP,0,20101203,101118,5298,167
OTP,0,20101203,101118,5298,200
OTP,0,20101203,101118,5298,250
OTP,0,20101203,101118,5298,3800
OTP,0,20101203,101118,5298,500
OTP,0,20101203,101118,5298,100
OTP,0,20101203,101118,5298,38
OTP,0,20101203,101118,5298,1000
OTP,0,20101203,101118,5299,19
OTP,0,20101203,101118,5299,387
OTP,0,20101203,101118,5299,300
OTP,0,20101203,101118,5299,25
OTP,0,20101203,101118,5299,4615
OTP,0,20101203,101120,5298,189
OTP,0,20101203,101120,5298,25
OTP,0,20101203,101121,5299,6000
OTP,0,20101203,101122,5299,3385
OTP,0,20101203,101122,5299,12
OTP,0,20101203,101122,5299,100
OTP,0,20101203,101122,5300,100
OTP,0,20101203,101122,5300,13
OTP,0,20101203,101122,5300,10
OTP,0,20101203,101122,5300,1000
OTP,0,20101203,101122,5300,100
OTP,0,20101203,101122,5300,280
OTP,0,20101203,101122,5300,1
OTP,0,20101203,101122,5300,19
OTP,0,20101203,101122,5300,1
OTP,0,20101203,101122,5300,459
OTP,0,20101203,101122,5300,15
OTP,0,20101203,101122,5300,230
OTP,0,20101203,101122,5300,1690
OTP,0,20101203,101122,5300,30
OTP,0,20101203,101122,5300,13
OTP,0,20101203,101122,5300,150
OTP,0,20101203,101122,5300,2413
OTP,0,20101203,101123,5298,100
OTP,0,20101203,101124,5298,7
OTP,0,20101203,101124,5300,447
OTP,0,20101203,101124,5300,121
OTP,0,20101203,101124,5300,409
OTP,0,20101203,101124,5300,1100
OTP,0,20101203,101124,5300,15
OTP,0,20101203,101124,5300,50
OTP,0,20101203,101124,5300,50
OTP,0,20101203,101124,5300,14
OTP,0,20101203,101124,5300,200
OTP,0,20101203,101124,5300,9
OTP,0,20101203,101124,5300,350
OTP,0,20101203,101124,5300,400
OTP,0,20101203,101124,5300,300
OTP,0,20101203,101124,5300,1000
OTP,0,20101203,101124,5300,20
OTP,0,20101203,101124,5300,100
OTP,0,20101203,101124,5300,4
OTP,0,20101203,101124,5300,411
OTP,0,20101203,101125,5300,589
OTP,0,20101203,101125,5300,2995
OTP,0,20101203,101125,5300,20
OTP,0,20101203,101125,5300,400
OTP,0,20101203,101125,5300,958
OTP,0,20101203,101126,5300,4042
OTP,0,20101203,101126,5300,83
OTP,0,20101203,101126,5300,90
OTP,0,20101203,101126,5300,100
OTP,0,20101203,101126,5300,50
OTP,0,20101203,101126,5300,7
OTP,0,20101203,101126,5300,800
OTP,0,20101203,101126,5300,50
OTP,0,20101203,101126,5300,1860
OTP,0,20101203,101126,5300,1000
OTP,0,20101203,101126,5300,240
OTP,0,20101203,101126,5300,200
OTP,0,20101203,101126,5300,50
OTP,0,20101203,101126,5300,50
OTP,0,20101203,101126,5300,570
OTP,0,20101203,101126,5300,191
OTP,0,20101203,101126,5300,2000
OTP,0,20101203,101126,5300,1000
OTP,0,20101203,101126,5300,16
OTP,0,20101203,101126,5300,1000
OTP,0,20101203,101126,5300,40
OTP,0,20101203,101126,5300,850
OTP,0,20101203,101126,5300,20
OTP,0,20101203,101126,5300,1
OTP,0,20101203,101126,5300,20
OTP,0,20101203,101126,5300,1000
OTP,0,20101203,101126,5300,218
OTP,0,20101203,101126,5300,15
OTP,0,20101203,101126,5300,20
OTP,0,20101203,101126,5300,50
OTP,0,20101203,101126,5300,100
OTP,0,20101203,101126,5300,2000
OTP,0,20101203,101126,5304,13
OTP,0,20101203,101126,5305,20
OTP,0,20101203,101126,5305,33
OTP,0,20101203,101126,5308,100
OTP,0,20101203,101128,5308,900
OTP,0,20101203,101128,5309,100
OTP,0,20101203,101128,5309,45
OTP,0,20101203,101128,5310,30
OTP,0,20101203,101128,5310,200
OTP,0,20101203,101128,5310,1000
OTP,0,20101203,101128,5310,11
OTP,0,20101203,101128,5310,750
OTP,0,20101203,101128,5310,12
OTP,0,20101203,101128,5310,20
OTP,0,20101203,101128,5310,2000
OTP,0,20101203,101128,5310,130
OTP,0,20101203,101128,5310,200
OTP,0,20101203,101128,5310,108
OTP,0,20101203,101128,5311,40
OTP,0,20101203,101128,5311,10
OTP,0,20101203,101128,5311,15
OTP,0,20101203,101128,5318,275
OTP,0,20101203,101128,5318,100
OTP,0,20101203,101128,5319,13
OTP,0,20101203,101128,5319,15
OTP,0,20101203,101128,5319,60
OTP,0,20101203,101128,5320,22
OTP,0,20101203,101129,5305,980
OTP,0,20101203,101130,5305,10
OTP,0,20101203,101131,5305,40
OTP,0,20101203,101131,5320,3
OTP,0,20101203,101131,5320,12
OTP,0,20101203,101131,5320,30
OTP,0,20101203,101131,5320,19
OTP,0,20101203,101131,5320,15
OTP,0,20101203,101131,5320,200
OTP,0,20101203,101131,5320,200
OTP,0,20101203,101131,5320,30
OTP,0,20101203,101131,5320,560
OTP,0,20101203,101131,5320,2000
OTP,0,20101203,101131,5320,200
OTP,0,20101203,101131,5320,200
OTP,0,20101203,101131,5320,40
OTP,0,20101203,101131,5320,15
OTP,0,20101203,101131,5320,100
OTP,0,20101203,101131,5320,100
OTP,0,20101203,101136,5320,31
OTP,0,20101203,101140,5322,44
OTP,0,20101203,101140,5325,300
OTP,0,20101203,101140,5325,50
OTP,0,20101203,101140,5325,500
OTP,0,20101203,101140,5325,200
OTP,0,20101203,101140,5325,20
OTP,0,20101203,101140,5325,50
OTP,0,20101203,101140,5325,500
OTP,0,20101203,101140,5325,99
OTP,0,20101203,101140,5325,50
OTP,0,20101203,101140,5325,100
OTP,0,20101203,101140,5325,500
OTP,0,20101203,101140,5325,100
OTP,0,20101203,101140,5325,224
OTP,0,20101203,101143,5315,40
OTP,0,20101203,101143,5328,250
OTP,0,20101203,101143,5329,300
OTP,0,20101203,101143,5330,17
OTP,0,20101203,101143,5330,250
OTP,0,20101203,101143,5330,40
OTP,0,20101203,101143,5330,50
OTP,0,20101203,101143,5330,1000
OTP,0,20101203,101143,5330,300
OTP,0,20101203,101144,5329,11
OTP,0,20101203,101144,5332,420
OTP,0,20101203,101144,5334,13
OTP,0,20101203,101144,5335,24
OTP,0,20101203,101144,5335,43
OTP,0,20101203,101146,5335,57
OTP,0,20101203,101146,5335,17
OTP,0,20101203,101146,5335,1000
OTP,0,20101203,101146,5335,188
OTP,0,20101203,101146,5335,250
OTP,0,20101203,101147,5334,20
OTP,0,20101203,101147,5329,189
OTP,0,20101203,101147,5328,600
BUX1012,0,20101203,101147,21320,2
BUX1012,0,20101203,101147,21322,1
OTP,0,20101203,101147,5308,50
BUX1012,0,20101203,101148,21320,2
OTP,0,20101203,101149,5320,100
OTP,0,20101203,101149,5328,191
OTP,0,20101203,101151,5325,100
OTP,0,20101203,101153,5325,50
OTP,0,20101203,101153,5325,10
OTP,0,20101203,101154,5325,140
OTP,0,20101203,101154,5325,70
BUX1012,0,20101203,101154,21322,3
BUX1012,0,20101203,101154,21322,2
OTP,0,20101203,101157,5310,19
OTP,0,20101203,101158,5325,300
OTP,0,20101203,101203,5310,3981
OTP,0,20101203,101203,5308,19
BUX1012,0,20101203,101204,21335,1
BUX1012,0,20101203,101204,21336,1
BUX1012,0,20101203,101204,21337,1
OTP,0,20101203,101207,5308,131
OTP,0,20101203,101207,5306,2000
OTP,0,20101203,101207,5305,2869
OTP,0,20101203,101209,5310,1000
BUX1012,0,20101203,101210,21321,2
OTP,0,20101203,101211,5305,5000
PANNERGY,0,20101203,101214,890,50
OTP,0,20101203,101218,5310,60
BUX1012,0,20101203,101222,21322,4
BUX1012,0,20101203,101226,21317,13
OTP,0,20101203,101227,5310,25
OTP,0,20101203,101229,5307,25
OTP,0,20101203,101229,5305,9084
OTP,0,20101203,101229,5305,4000
OTP,0,20101203,101229,5305,500
OTP,0,20101203,101233,5300,100
OTP,0,20101203,101233,5300,10
BUX1012,0,20101203,101233,21337,2
BUX1012,0,20101203,101233,21340,10
RICHTER,0,20101203,101235,43945,1
RICHTER,0,20101203,101235,43950,59
OTP,0,20101203,101239,5300,10
OTP,0,20101203,101241,5300,20
OTP,0,20101203,101241,5305,6
MOL,0,20101203,101243,19160,13
MOL,0,20101203,101243,19160,17
OTP,0,20101203,101244,5300,20
OTP,0,20101203,101246,5300,19
OTP,0,20101203,101247,5300,1921
OTP,0,20101203,101247,5300,280
OTP,0,20101203,101247,5300,65
OTP,0,20101203,101247,5300,10000
OTP,0,20101203,101248,5300,2000
OTP,0,20101203,101249,5298,200
OTP,0,20101203,101250,5300,5000
OTP,0,20101203,101253,5298,2337
BUX1012,0,20101203,101253,21317.5,1
OTP,0,20101203,101254,5298,1500
OTP,0,20101203,101255,5298,10
OTP,0,20101203,101256,5300,10000
OTP,0,20101203,101300,5300,2000
OTP,0,20101203,101301,5298,100
OTP,0,20101203,101301,5298,2000
OTP,0,20101203,101304,5298,2500
OTP,0,20101203,101305,5298,20
OTP,0,20101203,101305,5298,77
OTP,0,20101203,101306,5298,1923
OTP,0,20101203,101306,5298,15
OTP,0,20101203,101306,5299,85
OTP,0,20101203,101306,5300,3214
OTP,0,20101203,101309,5299,26
OTP,0,20101203,101313,5299,134
OTP,0,20101203,101313,5300,166
MOL,0,20101203,101314,19160,15
OTP,0,20101203,101318,5295,50
OTP,0,20101203,101318,5298,10
OTP,0,20101203,101318,5299,20
OTP,0,20101203,101318,5300,420
RICHTER,0,20101203,101320,43905,2
RICHTER,0,20101203,101320,43900,10
RICHTER,0,20101203,101320,43900,80
RICHTER,0,20101203,101320,43900,158
OTP,0,20101203,101324,5300,1414
OTP,0,20101203,101324,5300,300
OTP,0,20101203,101324,5300,5000
OTP,0,20101203,101324,5300,100
OTP,0,20101203,101324,5300,100
OTP,0,20101203,101324,5300,20
OTP,0,20101203,101324,5300,153
OTP,0,20101203,101324,5300,25
OTP,0,20101203,101324,5300,200
OTP,0,20101203,101325,5300,30
MOL,0,20101203,101329,19170,2
MOL,0,20101203,101329,19185,20
MOL,0,20101203,101329,19185,10
MOL,0,20101203,101329,19185,50
MOL,0,20101203,101329,19185,36
OTP,0,20101203,101331,5300,55
OTP,0,20101203,101332,5300,45
OTP,0,20101203,101333,5300,100
MOL,0,20101203,101333,19190,37
MOL,0,20101203,101333,19190,70
MOL,0,20101203,101333,19190,5
MOL,0,20101203,101333,19190,50
MOL,0,20101203,101333,19195,50
MOL,0,20101203,101333,19195,70
MOL,0,20101203,101333,19195,218
MOL,0,20101203,101334,19195,57
MOL,0,20101203,101334,19195,50
MOL,0,20101203,101334,19195,50
MOL,0,20101203,101334,19195,15
MOL,0,20101203,101334,19200,328
MOL,0,20101203,101334,19200,427
MOL,0,20101203,101334,19200,73
MOL,0,20101203,101335,19200,177
MOL,0,20101203,101335,19200,2
MOL,0,20101203,101335,19200,100
MOL,0,20101203,101335,19200,200
MOL,0,20101203,101335,19200,21
MOL,0,20101203,101336,19200,500
MOL,0,20101203,101337,19200,479
MOL,0,20101203,101337,19200,21
OTP,0,20101203,101337,5300,20
MOL,0,20101203,101338,19200,379
BUX1012,0,20101203,101338,21339,2
BUX1012,0,20101203,101338,21339,1
BUX1012,0,20101203,101338,21340,6
MOL,0,20101203,101339,19205,48
OTP,0,20101203,101340,5302,31
OTP,0,20101203,101341,5300,2000
MOL,0,20101203,101343,19200,23
MOL,0,20101203,101344,19205,2
MOL,0,20101203,101345,19210,50
MOL,0,20101203,101345,19230,60
MOL,0,20101203,101345,19230,19
MOL,0,20101203,101346,19205,83
MOL,0,20101203,101346,19200,98
MOL,0,20101203,101346,19200,379
MOL,0,20101203,101346,19200,440
BUX1012,0,20101203,101349,21340,4
BUX1012,0,20101203,101349,21340,1
BUX1012,0,20101203,101349,21340,1
BUX1012,0,20101203,101349,21340,2
BUX1012,0,20101203,101349,21340,5
BUX1012,0,20101203,101349,21340,1
OTP,0,20101203,101350,5303,100
OTP,0,20101203,101350,5305,300
OTP,0,20101203,101350,5310,200
OTP,0,20101203,101350,5310,200
OTP,0,20101203,101350,5310,100
OTP,0,20101203,101350,5310,70
FHB,0,20101203,101351,983,10
RICHTER,0,20101203,101351,43945,2
BUX1012,0,20101203,101353,21348,2
MOL,0,20101203,101353,19210,10
MOL,0,20101203,101354,19230,75
OTP,0,20101203,101357,5310,30
MOL,0,20101203,101357,19230,106
MOL,0,20101203,101358,19230,46
MOL,0,20101203,101358,19210,129
MOL,0,20101203,101358,19200,60
MOL,0,20101203,101358,19200,85
MOL,0,20101203,101358,19200,17
MOL,0,20101203,101358,19200,154
MOL,0,20101203,101358,19200,509
OTP,0,20101203,101400,5302,69
OTP,0,20101203,101401,5300,438
OTP,0,20101203,101401,5300,1000
OTP,0,20101203,101401,5300,350
OTP,0,20101203,101401,5300,212
MTELEKOM,0,20101203,101404,546,56
MOL,0,20101203,101405,19200,491
MOL,0,20101203,101405,19200,88
MOL,0,20101203,101405,19200,421
MOL,0,20101203,101406,19245,3
MOL,0,20101203,101406,19245,47
BUX1012,0,20101203,101409,21340.5,1
BUX1012,0,20101203,101409,21340,6
OTP,0,20101203,101410,5300,150
OTP,0,20101203,101410,5302,1
OTP,0,20101203,101410,5318,49
BUX1012,0,20101203,101410,21340,1
BUX1012,0,20101203,101411,21350,1
BUX1012,0,20101203,101411,21350,9
OTP,0,20101203,101412,5300,7
MOL,0,20101203,101412,19200,79
MOL,0,20101203,101412,19200,65
MOL,0,20101203,101412,19200,118
MOL,0,20101203,101412,19200,738
RICHTER,0,20101203,101415,43950,91
RICHTER,0,20101203,101415,43985,200
RICHTER,0,20101203,101415,43990,200
RICHTER,0,20101203,101415,43990,9
MOL,0,20101203,101419,19245,53
MOL,0,20101203,101419,19250,76
MOL,0,20101203,101419,19250,40
MOL,0,20101203,101419,19250,30
MOL,0,20101203,101419,19265,100
MOL,0,20101203,101419,19275,100
MOL,0,20101203,101419,19275,101
MOL,0,20101203,101419,19275,150
MOL,0,20101203,101419,19275,10
MOL,0,20101203,101419,19285,108
MOL,0,20101203,101419,19290,50
MOL,0,20101203,101419,19290,10
MOL,0,20101203,101419,19295,3
MOL,0,20101203,101419,19295,50
MOL,0,20101203,101419,19300,25
MOL,0,20101203,101419,19300,94
MOL,0,20101203,101420,19300,56
MOL,0,20101203,101420,19300,50
MOL,0,20101203,101420,19300,1
MOL,0,20101203,101420,19300,393
MOL,0,20101203,101420,19300,500
MOL,0,20101203,101420,19300,107
MOL,0,20101203,101420,19300,21
MOL,0,20101203,101420,19300,100
MOL,0,20101203,101420,19300,272
MOL,0,20101203,101420,19250,400
MOL,0,20101203,101420,19200,262
MOL,0,20101203,101420,19200,66
RICHTER,0,20101203,101424,43990,30
MOL,0,20101203,101424,19310,50
MOL,0,20101203,101424,19310,68
RICHTER,0,20101203,101425,43990,281
RICHTER,0,20101203,101425,43990,5
RICHTER,0,20101203,101425,43990,50
MOL,0,20101203,101427,19345,100
MOL,0,20101203,101427,19350,20
MOL,0,20101203,101427,19350,236
MOL,0,20101203,101427,19350,550
MOL,0,20101203,101429,19380,4
BUX1012,0,20101203,101429,21350,5
RICHTER,0,20101203,101429,44000,7
OTP,0,20101203,101430,5301,50
OTP,0,20101203,101430,5301,3
OTP,0,20101203,101432,5300,19
MOL,0,20101203,101432,19390,10
MOL,0,20101203,101432,19390,20
BUX1012,0,20101203,101433,21350,5
BUX1012,0,20101203,101433,21355,5
MOL,0,20101203,101437,19395,221
OTP,0,20101203,101438,5300,240
MOL,0,20101203,101440,19395,119
BUX1012,0,20101203,101442,21355,15
OTP,0,20101203,101442,5300,172
OTP,0,20101203,101442,5300,828
MOL,0,20101203,101444,19390,7
OTP,0,20101203,101444,5300,40
MOL,0,20101203,101445,19395,1160
MOL,0,20101203,101445,19400,6
MOL,0,20101203,101445,19400,222
MOL,0,20101203,101445,19400,20
MOL,0,20101203,101445,19400,60
MOL,0,20101203,101445,19400,30
MOL,0,20101203,101445,19400,20
MOL,0,20101203,101446,19390,50
OTP,0,20101203,101447,5300,1000
MOL,0,20101203,101450,19430,6
MOL,0,20101203,101450,19430,36
MOL,0,20101203,101450,19395,5
OTP,0,20101203,101452,5300,47
MOL,0,20101203,101455,19395,8
BUX1012,0,20101203,101457,21350,2
BUX1012,0,20101203,101457,21355,3
MOL,0,20101203,101459,19400,2
MOL,0,20101203,101500,19395,7
FOTEX,0,20101203,101501,411,1280
MOL,0,20101203,101508,19400,8
BUX1012,0,20101203,101509,21350,2
BUX1012,0,20101203,101509,21350,1
OTP,0,20101203,101510,5300,100
MOL,0,20101203,101511,19400,5
MOL,0,20101203,101513,19425,1
MOL,0,20101203,101513,19430,64
MOL,0,20101203,101513,19430,26
MOL,0,20101203,101513,19430,4
OTP,0,20101203,101513,5300,200
MOL,0,20101203,101517,19430,12
MOL,0,20101203,101517,19430,8
BUX1012,0,20101203,101520,21360,2
BUX1012,0,20101203,101520,21360,1
BUX1012,0,20101203,101521,21360,6
BUX1012,0,20101203,101523,21360,25
BUX1012,0,20101203,101524,21360,6
MOL,0,20101203,101525,19430,100
MOL,0,20101203,101525,19445,25
MOL,0,20101203,101532,19430,20
BUX1012,0,20101203,101533,21369.5,1
MOL,0,20101203,101538,19445,25
MOL,0,20101203,101538,19445,22
MOL,0,20101203,101540,19430,60
BUX1012,0,20101203,101542,21360.5,1
BUX1012,0,20101203,101542,21360,19
BUX1012,0,20101203,101543,21369.5,1
BUX1012,0,20101203,101543,21370,20
BUX1012,0,20101203,101543,21370,1
BUX1012,0,20101203,101543,21375,1
BUX1012,0,20101203,101545,21375,8
BUX1012,0,20101203,101545,21376,1
BUX1012,0,20101203,101545,21380,1
BUX1012,0,20101203,101545,21382,1
BUX1012,0,20101203,101545,21390,6
BUX1012,0,20101203,101545,21398,3
MOL,0,20101203,101546,19445,30
MOL,0,20101203,101546,19445,7
MOL,0,20101203,101546,19445,13
BUX1012,0,20101203,101551,21398,7
BUX1012,0,20101203,101551,21399,15
BUX1012,0,20101203,101551,21400,20
BUX1012,0,20101203,101551,21400,1
BUX1012,0,20101203,101551,21400,1
BUX1012,0,20101203,101551,21400,2
BUX1012,0,20101203,101551,21400,16
MOL,0,20101203,101554,19430,9
MOL,0,20101203,101555,19430,20
BUX1012,0,20101203,101600,21400,2
BUX1012,0,20101203,101600,21410,8
BUX1012,0,20101203,101600,21410,8
MOL,0,20101203,101601,19430,50
RICHTER,0,20101203,101602,44190,19
MOL,0,20101203,101602,19430,5
MOL,0,20101203,101602,19430,5
OTP,0,20101203,101607,5300,30
MOL,0,20101203,101607,19430,50
OTP,0,20101203,101607,5300,70
RICHTER,0,20101203,101613,44190,31
RICHTER,0,20101203,101613,44200,199
MOL,0,20101203,101616,19430,80
MOL,0,20101203,101616,19430,29
MOL,0,20101203,101620,19430,109
MOL,0,20101203,101620,19430,145
RICHTER,0,20101203,101627,44200,1
RICHTER,0,20101203,101627,44200,50
RICHTER,0,20101203,101630,44195,108
RICHTER,0,20101203,101633,44200,85
MTELEKOM,0,20101203,101650,546,1000
MTELEKOM,0,20101203,101651,545,54
MTELEKOM,0,20101203,101651,545,45
MTELEKOM,0,20101203,101651,545,25
MTELEKOM,0,20101203,101651,545,2000
RICHTER,0,20101203,101654,44200,100
OTP,0,20101203,101654,5293,600
OTP,0,20101203,101654,5291,3400
OTP,0,20101203,101658,5296,200
MOL,0,20101203,101706,19400,52
MOL,0,20101203,101706,19400,27
OTP,0,20101203,101708,5292,100
RICHTER,0,20101203,101715,44200,100
OTP,0,20101203,101718,5292,6
BUX1012,0,20101203,101721,21385,50
OTP,0,20101203,101722,5292,30
OTP,0,20101203,101726,5293,100
OTP,0,20101203,101726,5293,183
OTP,0,20101203,101727,5292,50
BUX1012,0,20101203,101730,21385,5
OTP,0,20101203,101731,5293,317
BUX1012,0,20101203,101736,21385,3
BUX1012,0,20101203,101737,21385,4
OTP,0,20101203,101743,5293,10
BUX1012,0,20101203,101746,21388,1
BUX1012,0,20101203,101747,21385,2
RICHTER,0,20101203,101750,44245,25
BUX1012,0,20101203,101756,21385,11
MOL,0,20101203,101756,19390,20
MOL,0,20101203,101756,19400,30
OTP,0,20101203,101757,5293,23
OTP,0,20101203,101757,5292,14
OTP,0,20101203,101757,5291,163
BUX1012,0,20101203,101801,21385,9
OTP,0,20101203,101804,5291,37
OTP,0,20101203,101804,5290,60
OTP,0,20101203,101806,5285,25
ETFBUXOTP,0,20101203,101806,905,100
MTELEKOM,0,20101203,101806,545,22
BUX1012,0,20101203,101807,21385,1
OTP,0,20101203,101807,5290,5
MOL,0,20101203,101807,19395,1
MOL,0,20101203,101811,19325,10
MOL,0,20101203,101811,19325,10
BUX1012,0,20101203,101813,21385,15
OTP,0,20101203,101815,5290,898
OTP,0,20101203,101815,5290,200
OTP,0,20101203,101817,5290,1902
RICHTER,0,20101203,101818,44130,50
RABA,0,20101203,101825,830,10
MOL,0,20101203,101826,19325,10
OTP,0,20101203,101827,5285,65
OTP,0,20101203,101831,5282,150
RICHTER,0,20101203,101839,44200,48
MOL,0,20101203,101842,19325,35
OTP,0,20101203,101849,5281,1000
OTP,0,20101203,101849,5281,88
OTP,0,20101203,101854,5281,1000
OTP,0,20101203,101854,5281,1544
OTP,0,20101203,101856,5281,456
OTP,0,20101203,101856,5281,2200
OTP,0,20101203,101857,5281,45
OTP,0,20101203,101857,5281,100
OTP,0,20101203,101906,5281,20
OTP,0,20101203,101907,5281,811
OTP,0,20101203,101909,5281,189
OTP,0,20101203,101911,5281,18
OTP,0,20101203,101912,5281,2529
OTP,0,20101203,101912,5280,2
OTP,0,20101203,101912,5280,50
MOL,0,20101203,101913,19325,35
OTP,0,20101203,101914,5275,500
OTP,0,20101203,101920,5272,250
OTP,0,20101203,101920,5272,20
OTP,0,20101203,101920,5271,1730
OTP,0,20101203,101921,5271,96
OTP,0,20101203,101921,5271,100
OTP,0,20101203,101921,5280,9135
MOL,0,20101203,101922,19325,9
SYNERGON,0,20101203,101927,527,99
BUX1012,0,20101203,101933,21351.5,1
BUX1012,0,20101203,101933,21351.5,3
OTP,0,20101203,101934,5280,61
BUX1012,0,20101203,101934,21351.5,2
BUX1012,0,20101203,101934,21350.5,2
BUX1012,0,20101203,101936,21350.5,2
OTP,0,20101203,101936,5280,500
OTP,0,20101203,101940,5280,304
OTP,0,20101203,101940,5280,50
OTP,0,20101203,101941,5280,646
OTP,0,20101203,101941,5281,100
OTP,0,20101203,101941,5281,535
OTP,0,20101203,101941,5282,100
OTP,0,20101203,101941,5283,119
OTP,0,20101203,101941,5283,30
MOL,0,20101203,101942,19325,6
MOL,0,20101203,101942,19365,10
MOL,0,20101203,101942,19385,6
MOL,0,20101203,101942,19385,10
OTP,0,20101203,101943,5283,510
MOL,0,20101203,101954,19320,5
OTP,0,20101203,101954,5273,100
MTELEKOM,0,20101203,101956,545,3023
MTELEKOM,0,20101203,101956,545,5169
OTP,0,20101203,102003,5275,1000
SYNERGON,0,20101203,102007,527,100
EGIS,0,20101203,102012,19005,52
EGIS,0,20101203,102012,19000,118
EGIS,0,20101203,102012,19000,50
EGIS,0,20101203,102012,19000,26
EGIS,0,20101203,102012,19000,16
OTP,0,20101203,102012,5280,1902
MOL,0,20101203,102014,19320,87
MOL,0,20101203,102014,19320,109
MOL,0,20101203,102014,19320,281
MOL,0,20101203,102014,19305,1000
MOL,0,20101203,102014,19300,500
OTP,0,20101203,102016,5280,340
MOL,0,20101203,102017,19300,23
MOL,0,20101203,102017,19300,50
MOL,0,20101203,102017,19300,4
BUX1012,0,20101203,102017,21355.5,1
MOL,0,20101203,102017,19300,246
OTP,0,20101203,102020,5283,160
MOL,0,20101203,102020,19300,150
OTP,0,20101203,102021,5283,579
OTP,0,20101203,102021,5283,14
OTP,0,20101203,102022,5283,80
OTP,0,20101203,102022,5283,176
EGIS,0,20101203,102025,19000,38
MOL,0,20101203,102031,19315,250
MOL,0,20101203,102031,19300,323
MOL,0,20101203,102031,19300,150
EGIS,0,20101203,102032,19000,99
OTP,0,20101203,102033,5284,424
OTP,0,20101203,102037,5284,974
OTP,0,20101203,102037,5285,1000
RICHTER,0,20101203,102039,44110,5
BUX1012,0,20101203,102043,21355.5,1
BUX1012,0,20101203,102043,21355,1
MOL,0,20101203,102044,19300,277
MOL,0,20101203,102044,19300,54
MOL,0,20101203,102045,19300,169
MOL,0,20101203,102047,19295,146
MOL,0,20101203,102052,19300,10
MOL,0,20101203,102053,19300,344
MOL,0,20101203,102053,19300,133
MOL,0,20101203,102056,19295,4
MOL,0,20101203,102059,19295,19
MOL,0,20101203,102059,19300,481
MOL,0,20101203,102059,19300,500
OTP,0,20101203,102102,5290,80
BUX1012,0,20101203,102103,21355,1
MOL,0,20101203,102103,19300,19
BUX1012,0,20101203,102106,21355,1
OTP,0,20101203,102107,5290,985
OTP,0,20101203,102107,5290,15
MOL,0,20101203,102107,19300,15
MOL,0,20101203,102115,19300,200
EGIS,0,20101203,102122,19000,101
RICHTER,0,20101203,102133,44000,293
BUX1012,0,20101203,102134,21370,9
BUX1012,0,20101203,102134,21370,1
FOTEX,0,20101203,102136,410,1058
RICHTER,0,20101203,102139,44000,52
RICHTER,0,20101203,102142,44000,248
OTP,0,20101203,102144,5290,8
RICHTER,0,20101203,102146,44000,52
RICHTER,0,20101203,102155,44000,118
RICHTER,0,20101203,102155,44000,100
MOL,0,20101203,102208,19305,213
OTP,0,20101203,102220,5290,54
OTP,0,20101203,102229,5290,2
OTP,0,20101203,102229,5290,998
MOL,0,20101203,102229,19325,100
OTP,0,20101203,102229,5291,5
OTP,0,20101203,102237,5292,100
OTP,0,20101203,102237,5292,1000
OTP,0,20101203,102237,5294,100
OTP,0,20101203,102237,5295,800
BUX1012,0,20101203,102243,21360.5,1
BUX1012,0,20101203,102243,21360,1
BUX1012,0,20101203,102246,21369.5,1
BUX1012,0,20101203,102246,21370,1
OTP,0,20101203,102247,5290,237
OTP,0,20101203,102247,5290,263
FHB,0,20101203,102250,983,100
OTP,0,20101203,102302,5290,737
OTP,0,20101203,102325,5290,50
MOL,0,20101203,102327,19350,200
MOL,0,20101203,102333,19350,40
KEG,0,20101203,102342,156,500
KEG,0,20101203,102342,155,1500
PANNERGY,0,20101203,102355,888,416
PANNERGY,0,20101203,102355,888,70
PANNERGY,0,20101203,102355,888,1000
MOL,0,20101203,102416,19375,173
MOL,0,20101203,102416,19380,3
MOL,0,20101203,102416,19385,10
MOL,0,20101203,102416,19385,26
MOL,0,20101203,102416,19395,4
MOL,0,20101203,102416,19395,30
MOL,0,20101203,102416,19395,37
MOL,0,20101203,102416,19395,1000
MOL,0,20101203,102416,19400,300
MOL,0,20101203,102416,19400,150
MOL,0,20101203,102416,19400,55
MOL,0,20101203,102416,19400,5
MOL,0,20101203,102416,19400,307
MOL,0,20101203,102416,19400,481
MTELEKOM,0,20101203,102423,546,1000
BUX1012,0,20101203,102426,21369,27
BUX1012,0,20101203,102426,21369,18
MOL,0,20101203,102426,19400,212
MOL,0,20101203,102426,19400,55
MOL,0,20101203,102426,19400,8
MOL,0,20101203,102426,19400,500
BUX1012,0,20101203,102427,21370,4
OTP,0,20101203,102428,5287,100
MOL,0,20101203,102429,19400,225
MOL,0,20101203,102436,19400,25
MOL,0,20101203,102436,19400,500
MOL,0,20101203,102443,19400,1000
RICHTER,0,20101203,102448,43950,100
MOL,0,20101203,102449,19400,140
OTP,0,20101203,102452,5286,100
MOL,0,20101203,102454,19405,287
MOL,0,20101203,102454,19400,213
MOL,0,20101203,102455,19430,20
MOL,0,20101203,102456,19430,9
RICHTER,0,20101203,102457,43950,100
MOL,0,20101203,102458,19400,122
MOL,0,20101203,102458,19395,78
MOL,0,20101203,102459,19395,10
MTELEKOM,0,20101203,102504,546,4614
MTELEKOM,0,20101203,102504,546,386
RICHTER,0,20101203,102506,43950,23
RICHTER,0,20101203,102508,43920,100
RICHTER,0,20101203,102508,43910,8
MTELEKOM,0,20101203,102508,545,614
MOL,0,20101203,102514,19395,20
OTP,0,20101203,102518,5286,120
EGIS,0,20101203,102519,19000,8
KEG,0,20101203,102522,155,1560
KEG,0,20101203,102522,155,367
KEG,0,20101203,102522,155,400
KEG,0,20101203,102522,155,200
BUX1012,0,20101203,102522,21375,1
OTP,0,20101203,102525,5286,35
RICHTER,0,20101203,102537,43950,15
RICHTER,0,20101203,102540,43995,100
MOL,0,20101203,102540,19400,10
MOL,0,20101203,102553,19400,80
MOL,0,20101203,102554,19400,100
OTP,0,20101203,102559,5286,218
MOL,0,20101203,102605,19400,16
BUX1012,0,20101203,102610,21372,4
OTP,0,20101203,102612,5289,150
OTP,0,20101203,102612,5289,40
KEG,0,20101203,102618,154,1806
BUX1012,0,20101203,102622,21372,2
MTELEKOM,0,20101203,102625,547,200
MTELEKOM,0,20101203,102625,547,106
MTELEKOM,0,20101203,102625,547,1094
MOL,0,20101203,102631,19400,1
MOL,0,20101203,102636,19400,100
BUX1012,0,20101203,102637,21372,3
BUX1012,0,20101203,102640,21375,1
BUX1012,0,20101203,102640,21380,1
RICHTER,0,20101203,102646,43995,2
MOL,0,20101203,102646,19400,203
MOL,0,20101203,102646,19400,133
MOL,0,20101203,102648,19420,10
MOL,0,20101203,102648,19420,50
BUX1012,0,20101203,102654,21380,9
BUX1012,0,20101203,102654,21380,10
RICHTER,0,20101203,102655,43995,6
MOL,0,20101203,102659,19400,10
MOL,0,20101203,102704,19400,5
MOL,0,20101203,102706,19400,2
MOL,0,20101203,102706,19400,38
MOL,0,20101203,102708,19415,10
OTP,0,20101203,102710,5289,378
OTP,0,20101203,102710,5286,27
OTP,0,20101203,102710,5286,100
MOL,0,20101203,102711,19420,49
MOL,0,20101203,102711,19400,20
BUX1012,0,20101203,102714,21380,1
MOL,0,20101203,102724,19400,10
MOL,0,20101203,102727,19400,26
BUX1012,0,20101203,102731,21388,5
MOL,0,20101203,102739,19400,20
MOL,0,20101203,102741,19400,36
MOL,0,20101203,102741,19395,153
MOL,0,20101203,102741,19395,113
MOL,0,20101203,102741,19395,69
KEG,0,20101203,102742,157,1
OTP,0,20101203,102746,5286,173
OTP,0,20101203,102746,5286,8
OTP,0,20101203,102746,5289,399
BUX1012,0,20101203,102757,21380,1
MOL,0,20101203,102803,19395,26
MOL,0,20101203,102803,19395,79
BUX1012,0,20101203,102842,21380,1
MOL,0,20101203,102856,19400,2000
OTP,0,20101203,102859,5289,130
MOL,0,20101203,102903,19400,19
BUX1012,0,20101203,102903,21380,1
BUX1012,0,20101203,102907,21388,1
OTP,0,20101203,102910,5289,16
HUMET,0,20101203,102924,10,2000
OTP,0,20101203,102924,5289,285
OTP,0,20101203,102924,5289,15
BUX1012,0,20101203,102926,21388,2
OTP,0,20101203,102933,5286,150
OTP,0,20101203,102938,5286,100
BUX1012,0,20101203,102939,21380,2
BUX1012,0,20101203,102939,21380,1
BUX1012,0,20101203,102939,21380,1
BUX1012,0,20101203,102939,21380,6
MOL,0,20101203,102940,19395,11
KEG,0,20101203,102941,155,300
BUX1012,0,20101203,102948,21380,1
BUX1012,0,20101203,102952,21388,2
BUX1012,0,20101203,102952,21389,2
MOL,0,20101203,102955,19360,250
MOL,0,20101203,102955,19355,250
OTP,0,20101203,103007,5286,50
OTP,0,20101203,103007,5289,150
PANNERGY,0,20101203,103015,887,200
PANNERGY,0,20101203,103015,886,150
PANNERGY,0,20101203,103015,886,1000
PANNERGY,0,20101203,103015,885,250
PANNERGY,0,20101203,103015,885,344
BUX1012,0,20101203,103018,21380,14
BUX1012,0,20101203,103024,21380,1
OTP,0,20101203,103035,5289,5
BUX1012,0,20101203,103037,21380,20
OTP,0,20101203,103038,5289,30
OTP,0,20101203,103038,5289,170
BUX1012,0,20101203,103049,21380,1
OTP,0,20101203,103049,5289,56
OTP,0,20101203,103054,5289,1774
OTP,0,20101203,103054,5289,250
OTP,0,20101203,103054,5290,450
OTP,0,20101203,103054,5290,2070
OTP,0,20101203,103054,5290,456
KEG,0,20101203,103057,156,200
OTP,0,20101203,103114,5290,64
OTP,0,20101203,103114,5290,36
BUX1012,0,20101203,103116,21380,3
BUX1012,0,20101203,103116,21372,7
BUX1012,0,20101203,103135,21372,2
BUX1012,0,20101203,103148,21365,1
RICHTER,0,20101203,103148,44000,150
RICHTER,0,20101203,103148,44000,140
MOL,0,20101203,103157,19390,250
OTP,0,20101203,103214,5290,14
OTP,0,20101203,103214,5290,50
BUX1012,0,20101203,103240,21370,15
MOL,0,20101203,103242,19360,200
RABA,0,20101203,103258,830,90
RABA,0,20101203,103258,830,300
RABA,0,20101203,103258,830,120
RABA,0,20101203,103258,826,90
MOL,0,20101203,103300,19360,100
BUX1012,0,20101203,103311,21369,1
RABA,0,20101203,103312,834,488
RABA,0,20101203,103312,839,50
RABA,0,20101203,103312,839,143
RABA,0,20101203,103312,839,300
RABA,0,20101203,103312,839,19
BUX1012,0,20101203,103314,21365,5
BUX1012,0,20101203,103315,21369,1
BUX1012,0,20101203,103315,21370,5
MOL,0,20101203,103332,19390,52
MOL,0,20101203,103332,19390,38
MOL,0,20101203,103332,19400,35
MOL,0,20101203,103332,19400,200
MOL,0,20101203,103332,19400,20
MOL,0,20101203,103332,19400,275
MOL,0,20101203,103332,19400,63
MOL,0,20101203,103332,19400,307
PANNERGY,0,20101203,103335,885,50
MOL,0,20101203,103335,19400,38
MOL,0,20101203,103338,19400,10
MOL,0,20101203,103339,19365,3
RICHTER,0,20101203,103342,44000,250
RICHTER,0,20101203,103342,44000,12
RICHTER,0,20101203,103405,44000,150
OTP,0,20101203,103417,5289,30
OTP,0,20101203,103417,5290,100
OTP,0,20101203,103417,5290,1000
OTP,0,20101203,103417,5290,250
OTP,0,20101203,103417,5290,100
OTP,0,20101203,103417,5290,500
BUX1012,0,20101203,103448,21380,5
BUX1012,0,20101203,103448,21387,10
BUX1012,0,20101203,103448,21388,5
BUX1012,0,20101203,103448,21389,1
BUX1012,0,20101203,103448,21390,4
OTP,0,20101203,103459,5290,400
KEG,0,20101203,103505,156,194
PFLAX,0,20101203,103512,485,300
OTP,0,20101203,103512,5290,100
MOL,0,20101203,103518,19365,50
EGIS,0,20101203,103519,19000,20
OTP,0,20101203,103523,5292,90
OTP,0,20101203,103523,5294,200
OTP,0,20101203,103523,5294,100
OTP,0,20101203,103523,5294,410
OTP,0,20101203,103525,5290,100
OTP,0,20101203,103526,5290,150
OTP,0,20101203,103526,5294,130
MTELEKOM,0,20101203,103531,547,22000
EGIS,0,20101203,103539,19000,157
OTP,0,20101203,103547,5294,50
BUX1012,0,20101203,103551,21389.5,1
BUX1012,0,20101203,103551,21390,6
BUX1012,0,20101203,103551,21394,1
BUX1012,0,20101203,103551,21395,1
BUX1012,0,20101203,103551,21395,2
BUX1012,0,20101203,103551,21398,20
BUX1012,0,20101203,103551,21399,10
BUX1012,0,20101203,103551,21399.5,25
BUX1012,0,20101203,103551,21400,34
PANNERGY,0,20101203,103554,885,606
MOL,0,20101203,103555,19365,37
BUX1012,0,20101203,103557,21385,38
BUX1012,0,20101203,103557,21385,12
BUX1012,0,20101203,103608,21387,20
MOL,0,20101203,103611,19400,10
MOL,0,20101203,103611,19400,4
MOL,0,20101203,103611,19400,40
BUX1012,0,20101203,103618,21399.5,1
BUX1012,0,20101203,103618,21399.5,1
BUX1012,0,20101203,103618,21400,8
OTP,0,20101203,103628,5284,40
BUX1012,0,20101203,103629,21400,5
MOL,0,20101203,103633,19400,10
MOL,0,20101203,103633,19400,5
BUX1012,0,20101203,103635,21380,3
MOL,0,20101203,103639,19400,10
OTP,0,20101203,103644,5283,151
OTP,0,20101203,103644,5283,100
OTP,0,20101203,103644,5281,20
OTP,0,20101203,103644,5281,19
MOL,0,20101203,103647,19405,3
MOL,0,20101203,103647,19410,100
MOL,0,20101203,103647,19415,100
MOL,0,20101203,103647,19420,237
MOL,0,20101203,103647,19420,1
MOL,0,20101203,103647,19420,394
MOL,0,20101203,103647,19420,200
MOL,0,20101203,103647,19420,115
MOL,0,20101203,103647,19430,53
MOL,0,20101203,103647,19430,90
MOL,0,20101203,103647,19435,25
MOL,0,20101203,103647,19440,50
MOL,0,20101203,103647,19440,100
MOL,0,20101203,103647,19440,50
MOL,0,20101203,103647,19440,2
MOL,0,20101203,103647,19450,150
MOL,0,20101203,103647,19450,100
MOL,0,20101203,103647,19450,230
MOL,0,20101203,103652,19450,10
MOL,0,20101203,103652,19450,5
MOL,0,20101203,103652,19450,61
BUX1012,0,20101203,103652,21389.5,1
BUX1012,0,20101203,103652,21390,1
BUX1012,0,20101203,103652,21400,3
BUX1012,0,20101203,103652,21400,10
BUX1012,0,20101203,103652,21400,4
MOL,0,20101203,103653,19450,174
OTP,0,20101203,103653,5281,191
OTP,0,20101203,103653,5281,155
OTP,0,20101203,103653,5281,40
OTP,0,20101203,103653,5280,10
OTP,0,20101203,103653,5280,19
OTP,0,20101203,103653,5280,85
BUX1012,0,20101203,103654,21380,10
OTP,0,20101203,103655,5284,179
BUX1012,0,20101203,103657,21400,1
OTP,0,20101203,103658,5284,161
MOL,0,20101203,103701,19455,156
BUX1012,0,20101203,103702,21400,10
MOL,0,20101203,103702,19450,20
OTP,0,20101203,103706,5290,30
MOL,0,20101203,103706,19450,56
EGIS,0,20101203,103706,19000,33
OTP,0,20101203,103711,5290,40
MOL,0,20101203,103712,19450,26
MOL,0,20101203,103715,19445,85
MOL,0,20101203,103715,19445,136
MOL,0,20101203,103715,19445,40
MOL,0,20101203,103718,19455,94
MOL,0,20101203,103721,19470,5
MOL,0,20101203,103721,19470,60
EGIS,0,20101203,103732,19000,60
PANNERGY,0,20101203,103739,885,400
PANNERGY,0,20101203,103739,881,486
PANNERGY,0,20101203,103739,881,225
PANNERGY,0,20101203,103739,881,300
PANNERGY,0,20101203,103739,881,200
PANNERGY,0,20101203,103739,881,100
PANNERGY,0,20101203,103739,881,89
PANNERGY,0,20101203,103739,881,11
PANNERGY,0,20101203,103739,880,100
PANNERGY,0,20101203,103739,880,389
PANNERGY,0,20101203,103739,880,611
PANNERGY,0,20101203,103739,880,500
PANNERGY,0,20101203,103739,880,50
PANNERGY,0,20101203,103739,880,300
PANNERGY,0,20101203,103739,880,200
PANNERGY,0,20101203,103739,880,14
MOL,0,20101203,103744,19470,40
MOL,0,20101203,103744,19480,3
MOL,0,20101203,103744,19485,5
MOL,0,20101203,103744,19485,40
MOL,0,20101203,103744,19485,5
MOL,0,20101203,103744,19490,10
MOL,0,20101203,103744,19490,50
MOL,0,20101203,103744,19490,10
MOL,0,20101203,103744,19490,120
MOL,0,20101203,103744,19490,6
MOL,0,20101203,103744,19490,100
MOL,0,20101203,103744,19495,100
MOL,0,20101203,103744,19495,5
MOL,0,20101203,103744,19495,6
MOL,0,20101203,103744,19495,14
MOL,0,20101203,103744,19495,70
MOL,0,20101203,103744,19495,250
MOL,0,20101203,103744,19495,166
OTP,0,20101203,103744,5290,200
MOL,0,20101203,103745,19495,434
MOL,0,20101203,103745,19495,10
MOL,0,20101203,103745,19500,20
MOL,0,20101203,103745,19500,20
MOL,0,20101203,103745,19500,10
MOL,0,20101203,103745,19500,6
MOL,0,20101203,103753,19500,4
MOL,0,20101203,103753,19500,30
MOL,0,20101203,103753,19500,3
MOL,0,20101203,103753,19500,13
MOL,0,20101203,103754,19500,27
MOL,0,20101203,103754,19500,5
MOL,0,20101203,103754,19500,16
MOL,0,20101203,103754,19500,50
MOL,0,20101203,103754,19500,25
MOL,0,20101203,103754,19500,750
MOL,0,20101203,103754,19500,127
MOL,0,20101203,103754,19460,30
MOL,0,20101203,103755,19500,54
OTP,0,20101203,103756,5290,853
OTP,0,20101203,103756,5293,367
BUX1012,0,20101203,103757,21405,1
BUX1012,0,20101203,103757,21409,1
BUX1012,0,20101203,103757,21410,4
BUX1012,0,20101203,103757,21410,1
MOL,0,20101203,103758,19460,70
MOL,0,20101203,103758,19460,30
MOL,0,20101203,103800,19500,50
MOL,0,20101203,103800,19495,10
MOL,0,20101203,103806,19500,19
MOL,0,20101203,103806,19500,22
ZWACK,0,20101203,103809,15400,30
RICHTER,0,20101203,103815,43950,12
MOL,0,20101203,103816,19500,48
PANNERGY,0,20101203,103817,880,986
RICHTER,0,20101203,103821,43910,12
RICHTER,0,20101203,103821,43910,50
RICHTER,0,20101203,103821,43905,2
RICHTER,0,20101203,103821,43900,100
BUX1012,0,20101203,103822,21410,1
MOL,0,20101203,103825,19495,100
BUX1012,0,20101203,103829,21420,1
MOL,0,20101203,103831,19495,21
BUX1012,0,20101203,103835,21420,29
BUX1012,0,20101203,103835,21420,1
MOL,0,20101203,103836,19490,100
MOL,0,20101203,103836,19490,7
MOL,0,20101203,103836,19490,143
MOL,0,20101203,103836,19490,85
MOL,0,20101203,103837,19495,53
BUX1012,0,20101203,103839,21420,1
RICHTER,0,20101203,103844,43900,38
RICHTER,0,20101203,103844,43900,108
MOL,0,20101203,103844,19495,100
MOL,0,20101203,103845,19490,16
MOL,0,20101203,103845,19490,84
BUX1012,0,20101203,103846,21420,1
RICHTER,0,20101203,103846,43900,4
MTELEKOM,0,20101203,103849,546,211
EGIS,0,20101203,103853,18990,6
EGIS,0,20101203,103853,18990,15
OTP,0,20101203,103858,5289,30
OTP,0,20101203,103858,5290,70
SYNERGON,0,20101203,103858,527,101
MOL,0,20101203,103900,19490,100
MOL,0,20101203,103903,19490,37
MOL,0,20101203,103903,19490,128
MOL,0,20101203,103903,19490,134
MOL,0,20101203,103906,19490,114
MOL,0,20101203,103907,19490,87
MOL,0,20101203,103907,19490,5
MOL,0,20101203,103909,19490,100
MOL,0,20101203,103914,19490,10
MTELEKOM,0,20101203,103915,547,5
MTELEKOM,0,20101203,103917,546,4075
MOL,0,20101203,103918,19490,37
MOL,0,20101203,103920,19490,3
MOL,0,20101203,103920,19485,14
MOL,0,20101203,103920,19485,86
MOL,0,20101203,103920,19485,69
MOL,0,20101203,103921,19490,460
MOL,0,20101203,103921,19490,10
MOL,0,20101203,103922,19490,4
MTELEKOM,0,20101203,103926,546,5169
MOL,0,20101203,103928,19490,50
BUX1012,0,20101203,103929,21420,45
BUX1012,0,20101203,103929,21420,5
MTELEKOM,0,20101203,103939,546,1950
MOL,0,20101203,103940,19490,142
MOL,0,20101203,103940,19490,129
MOL,0,20101203,103942,19490,185
BUX1012,0,20101203,103943,21420,20
MOL,0,20101203,103944,19490,44
MOL,0,20101203,103944,19495,6
MOL,0,20101203,103951,19485,74
MOL,0,20101203,103951,19485,133
MOL,0,20101203,103951,19485,131
MOL,0,20101203,103955,19485,52
SYNERGON,0,20101203,103959,526,125
BUX1012,0,20101203,104000,21410,2
BUX1012,0,20101203,104000,21400.5,12
BUX1012,0,20101203,104000,21400,10
ECONET,0,20101203,104002,94,210
ECONET,0,20101203,104002,94,4790
MOL,0,20101203,104007,19485,90
MOL,0,20101203,104007,19485,110
OTP,0,20101203,104009,5285,100
BUX1012,0,20101203,104010,21400,25
BUX1012,0,20101203,104014,21400,1
BUX1012,0,20101203,104014,21400,5
MOL,0,20101203,104017,19485,30
RABA,0,20101203,104018,839,61
RABA,0,20101203,104018,839,120
RABA,0,20101203,104018,840,127
RABA,0,20101203,104018,840,494
RABA,0,20101203,104018,840,198
OTP,0,20101203,104022,5285,100
OTP,0,20101203,104022,5289,122
MOL,0,20101203,104022,19490,19
MOL,0,20101203,104022,19490,50
MOL,0,20101203,104022,19490,6
MOL,0,20101203,104022,19495,200
MOL,0,20101203,104022,19495,275
MOL,0,20101203,104022,19495,100
MOL,0,20101203,104022,19495,5
MOL,0,20101203,104022,19500,30
MOL,0,20101203,104022,19500,50
MOL,0,20101203,104022,19500,630
MOL,0,20101203,104022,19500,20
MOL,0,20101203,104022,19500,1000
MOL,0,20101203,104022,19500,60
MOL,0,20101203,104022,19500,15
MOL,0,20101203,104022,19500,95
RABA,0,20101203,104028,840,302
RABA,0,20101203,104028,841,150
RABA,0,20101203,104028,842,48
MOL,0,20101203,104029,19490,100
MOL,0,20101203,104031,19490,25
ECONET,0,20101203,104031,94,15210
ECONET,0,20101203,104031,94,2900
MOL,0,20101203,104032,19490,220
OTP,0,20101203,104033,5289,108
OTP,0,20101203,104033,5289,392
OTP,0,20101203,104040,5289,416
OTP,0,20101203,104040,5290,1053
MOL,0,20101203,104041,19500,5
BUX1012,0,20101203,104049,21400,1
OTP,0,20101203,104050,5290,180
OTP,0,20101203,104056,5291,130
OTP,0,20101203,104056,5293,133
OTP,0,20101203,104056,5293,100
OTP,0,20101203,104056,5294,80
OTP,0,20101203,104056,5294,557
OTP,0,20101203,104103,5294,841
OTP,0,20101203,104103,5295,9200
OTP,0,20101203,104103,5295,4959
MOL,0,20101203,104107,19510,10
MOL,0,20101203,104107,19510,48
MOL,0,20101203,104107,19510,42
MOL,0,20101203,104107,19510,10
MTELEKOM,0,20101203,104111,545,158
MTELEKOM,0,20101203,104111,545,20000
MTELEKOM,0,20101203,104111,545,342
MOL,0,20101203,104113,19515,10
MOL,0,20101203,104113,19510,10
OTP,0,20101203,104114,5295,1500
OTP,0,20101203,104115,5295,3000
OTP,0,20101203,104117,5295,400
OTP,0,20101203,104119,5295,100
OTP,0,20101203,104120,5295,41
OTP,0,20101203,104120,5295,159
OTP,0,20101203,104123,5294,10
OTP,0,20101203,104123,5295,41
OTP,0,20101203,104123,5297,400
OTP,0,20101203,104123,5297,150
OTP,0,20101203,104123,5299,200
OTP,0,20101203,104123,5299,54
OTP,0,20101203,104123,5300,330
OTP,0,20101203,104123,5300,3000
OTP,0,20101203,104123,5300,51
OTP,0,20101203,104123,5300,404
OTP,0,20101203,104123,5300,360
BUX1012,0,20101203,104125,21419.5,1
BUX1012,0,20101203,104125,21419.5,6
BUX1012,0,20101203,104125,21420,18
OTP,0,20101203,104126,5300,250
MOL,0,20101203,104127,19510,121
MOL,0,20101203,104127,19510,128
MOL,0,20101203,104127,19505,100
MOL,0,20101203,104127,19505,114
MOL,0,20101203,104127,19505,126
MOL,0,20101203,104127,19500,11
OTP,0,20101203,104129,5300,590
OTP,0,20101203,104129,5300,1
OTP,0,20101203,104129,5300,500
OTP,0,20101203,104129,5300,1555
OTP,0,20101203,104129,5300,190
OTP,0,20101203,104129,5300,164
BUX1012,0,20101203,104132,21420,2
MOL,0,20101203,104133,19510,158
MOL,0,20101203,104133,19505,111
MOL,0,20101203,104133,19500,231
OTP,0,20101203,104139,5300,436
OTP,0,20101203,104139,5300,10
OTP,0,20101203,104139,5300,1281
OTP,0,20101203,104139,5300,1800
OTP,0,20101203,104139,5300,2100
OTP,0,20101203,104139,5300,2000
OTP,0,20101203,104139,5300,300
OTP,0,20101203,104139,5300,200
OTP,0,20101203,104139,5300,20
OTP,0,20101203,104139,5300,100
OTP,0,20101203,104139,5300,1000
OTP,0,20101203,104139,5300,75
OTP,0,20101203,104139,5300,5
OTP,0,20101203,104139,5300,200
OTP,0,20101203,104139,5300,50
OTP,0,20101203,104139,5300,130
OTP,0,20101203,104139,5300,19
OTP,0,20101203,104139,5300,1000
OTP,0,20101203,104143,5300,195
EGIS,0,20101203,104146,18990,12
EGIS,0,20101203,104146,19000,140
OTP,0,20101203,104150,5300,50
OTP,0,20101203,104151,5303,90
OTP,0,20101203,104151,5308,100
OTP,0,20101203,104151,5310,210
OTP,0,20101203,104151,5310,25
OTP,0,20101203,104158,5305,30
OTP,0,20101203,104158,5303,30
OTP,0,20101203,104158,5300,30
MTELEKOM,0,20101203,104159,545,203
MTELEKOM,0,20101203,104159,545,150
OTP,0,20101203,104204,5310,150
OTP,0,20101203,104205,5300,110
OTP,0,20101203,104207,5300,300
OTP,0,20101203,104209,5300,31
MOL,0,20101203,104212,19505,100
BUX1012,0,20101203,104216,21424,5
MOL,0,20101203,104217,19505,20
MOL,0,20101203,104221,19535,33
MOL,0,20101203,104221,19535,40
MOL,0,20101203,104221,19540,30
MOL,0,20101203,104221,19545,50
MOL,0,20101203,104221,19550,6
MOL,0,20101203,104221,19550,3
MOL,0,20101203,104221,19550,25
MOL,0,20101203,104221,19550,5
MOL,0,20101203,104221,19550,697
MOL,0,20101203,104221,19550,111
MOL,0,20101203,104222,19550,489
MOL,0,20101203,104222,19550,50
MOL,0,20101203,104222,19550,461
MOL,0,20101203,104222,19550,537
MOL,0,20101203,104224,19550,300
FHB,0,20101203,104228,979,70
FHB,0,20101203,104228,978,204
FHB,0,20101203,104228,977,100
FHB,0,20101203,104228,977,126
BUX1012,0,20101203,104230,21424.5,1
BUX1012,0,20101203,104230,21425,3
BUX1012,0,20101203,104230,21428,1
MTELEKOM,0,20101203,104231,543,797
MTELEKOM,0,20101203,104231,543,110
MTELEKOM,0,20101203,104231,543,143
MOL,0,20101203,104237,19550,10
MOL,0,20101203,104239,19550,153
MOL,0,20101203,104239,19545,82
BUX1012,0,20101203,104241,21429,5
BUX1012,0,20101203,104241,21430,35
BUX1012,0,20101203,104242,21430,5
PANNERGY,0,20101203,104244,885,500
MTELEKOM,0,20101203,104255,545,1000
MOL,0,20101203,104256,19555,6
MOL,0,20101203,104256,19565,345
MOL,0,20101203,104256,19570,149
MOL,0,20101203,104256,19550,7
MOL,0,20101203,104257,19550,50
MOL,0,20101203,104257,19570,51
MOL,0,20101203,104257,19570,100
MOL,0,20101203,104257,19575,250
MOL,0,20101203,104257,19580,50
MOL,0,20101203,104257,19585,21
MOL,0,20101203,104257,19585,5
MOL,0,20101203,104257,19585,23
BUX1012,0,20101203,104259,21435,9
BUX1012,0,20101203,104259,21435,1
MOL,0,20101203,104304,19555,154
MOL,0,20101203,104304,19555,1
MOL,0,20101203,104304,19550,45
MOL,0,20101203,104307,19585,27
MOL,0,20101203,104307,19585,73
OTP,0,20101203,104311,5303,200
OTP,0,20101203,104311,5309,161
OTP,0,20101203,104311,5309,200
OTP,0,20101203,104311,5310,100
OTP,0,20101203,104311,5310,12
OTP,0,20101203,104311,5310,90
OTP,0,20101203,104311,5310,137
BUX1012,0,20101203,104313,21435,10
MTELEKOM,0,20101203,104314,545,1000
EGIS,0,20101203,104317,19000,98
EGIS,0,20101203,104317,19000,200
BUX1012,0,20101203,104317,21435,30
MOL,0,20101203,104318,19550,398
MOL,0,20101203,104318,19550,130
MOL,0,20101203,104318,19550,472
OTP,0,20101203,104322,5310,1863
OTP,0,20101203,104322,5310,15
OTP,0,20101203,104322,5310,45
OTP,0,20101203,104322,5310,400
MOL,0,20101203,104322,19550,28
MOL,0,20101203,104322,19550,130
BUX1012,0,20101203,104322,21435,10
BUX1012,0,20101203,104322,21435,1
BUX1012,0,20101203,104322,21440,1
BUX1012,0,20101203,104322,21445,2
BUX1012,0,20101203,104322,21448,70
BUX1012,0,20101203,104322,21449,5
BUX1012,0,20101203,104322,21450,11
MTELEKOM,0,20101203,104323,545,500
MOL,0,20101203,104327,19550,92
OTP,0,20101203,104328,5311,12
OTP,0,20101203,104328,5311,500
FOTEX,0,20101203,104331,412,100
FOTEX,0,20101203,104331,413,100
FOTEX,0,20101203,104331,414,800
FOTEX,0,20101203,104331,414,100
FOTEX,0,20101203,104331,414,275
MOL,0,20101203,104336,19550,400
OTP,0,20101203,104337,5311,20
RICHTER,0,20101203,104340,43900,200
BUX1012,0,20101203,104341,21449,4
MOL,0,20101203,104347,19585,25
BUX1012,0,20101203,104351,21435,5
MOL,0,20101203,104352,19555,11
BUX1012,0,20101203,104353,21435,2
OTP,0,20101203,104355,5316,80
RICHTER,0,20101203,104359,43900,123
OTP,0,20101203,104403,5316,120
OTP,0,20101203,104403,5317,480
MOL,0,20101203,104406,19580,7
MOL,0,20101203,104406,19585,5
MOL,0,20101203,104406,19585,100
MOL,0,20101203,104406,19585,3
MOL,0,20101203,104406,19585,200
MOL,0,20101203,104406,19560,6
MOL,0,20101203,104406,19560,44
MOL,0,20101203,104411,19560,35
RICHTER,0,20101203,104412,43900,6
RICHTER,0,20101203,104412,43900,71
MOL,0,20101203,104415,19580,500
OTP,0,20101203,104415,5314,5
MOL,0,20101203,104415,19590,50
MOL,0,20101203,104415,19590,75
MOL,0,20101203,104415,19590,10
MOL,0,20101203,104415,19590,250
MOL,0,20101203,104415,19590,115
MOL,0,20101203,104416,19590,385
MOL,0,20101203,104416,19590,115
MOL,0,20101203,104417,19590,15
BUX1012,0,20101203,104419,21449,6
BUX1012,0,20101203,104419,21450,19
BUX1012,0,20101203,104419,21450,1
BUX1012,0,20101203,104419,21450,5
MOL,0,20101203,104420,19560,197
OTP,0,20101203,104421,5317,918
OTP,0,20101203,104421,5318,82
OTP,0,20101203,104422,5314,95
BUX1012,0,20101203,104426,21452,30
BUX1012,0,20101203,104426,21460,70
BUX1012,0,20101203,104426,21460,1
BUX1012,0,20101203,104426,21460,5
BUX1012,0,20101203,104427,21450,1
MOL,0,20101203,104429,19590,14
MOL,0,20101203,104429,19590,50
MOL,0,20101203,104429,19590,10
MOL,0,20101203,104429,19595,30
MOL,0,20101203,104429,19595,100
MOL,0,20101203,104429,19595,1000
MOL,0,20101203,104429,19595,10
MOL,0,20101203,104429,19595,4
MOL,0,20101203,104429,19600,10
MOL,0,20101203,104429,19600,150
MOL,0,20101203,104429,19600,10
MOL,0,20101203,104429,19600,260
MOL,0,20101203,104429,19600,4
MOL,0,20101203,104429,19600,120
MOL,0,20101203,104429,19600,100
MOL,0,20101203,104429,19600,10
MOL,0,20101203,104429,19600,19
MOL,0,20101203,104429,19600,1000
MOL,0,20101203,104429,19600,20
MOL,0,20101203,104429,19600,50
MOL,0,20101203,104429,19600,29
OTP,0,20101203,104432,5314,25
OTP,0,20101203,104432,5318,69
OTP,0,20101203,104432,5318,406
MOL,0,20101203,104434,19600,250
MOL,0,20101203,104436,19600,721
MOL,0,20101203,104436,19600,100
MOL,0,20101203,104436,19600,5
MOL,0,20101203,104436,19600,103
MOL,0,20101203,104436,19600,255
MOL,0,20101203,104436,19600,30
MOL,0,20101203,104436,19600,10
MOL,0,20101203,104436,19600,50
MOL,0,20101203,104436,19600,50
MOL,0,20101203,104436,19600,7
MOL,0,20101203,104436,19600,200
MOL,0,20101203,104436,19600,100
MOL,0,20101203,104437,19600,50
OTP,0,20101203,104439,5318,594
MOL,0,20101203,104440,19600,50
BUX1012,0,20101203,104442,21460,4
BUX1012,0,20101203,104442,21469,10
OTP,0,20101203,104442,5318,700
BUX1012,0,20101203,104443,21450,25
MOL,0,20101203,104444,19600,1000
MOL,0,20101203,104445,19635,200
OTP,0,20101203,104447,5319,40
MOL,0,20101203,104447,19635,10
MOL,0,20101203,104450,19630,2000
BUX1012,0,20101203,104451,21469,2
BUX1012,0,20101203,104451,21470,41
OTP,0,20101203,104452,5319,200
OTP,0,20101203,104455,5319,260
OTP,0,20101203,104455,5319,190
OTP,0,20101203,104455,5319,200
OTP,0,20101203,104455,5319,200
OTP,0,20101203,104455,5320,150
SYNERGON,0,20101203,104456,527,79
SYNERGON,0,20101203,104456,528,21
BUX1012,0,20101203,104457,21470,9
BUX1012,0,20101203,104457,21470,3
BUX1012,0,20101203,104457,21470,5
BUX1012,0,20101203,104457,21472,50
BUX1012,0,20101203,104457,21474,1
BUX1012,0,20101203,104457,21480,32
OTP,0,20101203,104458,5320,416
OTP,0,20101203,104458,5320,50
OTP,0,20101203,104458,5320,50
OTP,0,20101203,104458,5320,100
OTP,0,20101203,104458,5320,986
OTP,0,20101203,104458,5320,50
OTP,0,20101203,104458,5320,400
OTP,0,20101203,104458,5320,200
OTP,0,20101203,104458,5320,170
OTP,0,20101203,104458,5320,50
MTELEKOM,0,20101203,104501,545,172
