<TICKER>,<PER>,<DTYYYYMMDD>,<TIME>,<CLOSE>,<VOLUME>
BUX1112,0,20101222,090003,21941,2
BUX1112,0,20101222,090003,21941,3
BUX1112,0,20101222,090003,21941,1
BUX1112,0,20101222,090003,21941,1
BUX1112,0,20101222,090003,21941,3
BUX1112,0,20101222,090003,21941,1
BUX1112,0,20101222,090003,21941,1
BUX1112,0,20101222,090003,21941,1
BUX1112,0,20101222,090003,21941,1
BUX1112,0,20101222,090003,21941,1
BUX1112,0,20101222,090003,21941,1
ECONET,0,20101222,090024,90,4000
ECONET,0,20101222,090024,90,1000
ECONET,0,20101222,090024,90,1500
ECONET,0,20101222,090024,90,1500
FHB,0,20101222,090024,967,50
FHB,0,20101222,090024,967,10
MOL,0,20101222,090024,19900,20
MOL,0,20101222,090024,19900,40
MOL,0,20101222,090024,19900,240
MOL,0,20101222,090024,19900,250
MOL,0,20101222,090024,19900,10
MOL,0,20101222,090024,19900,990
MOL,0,20101222,090024,19900,7
MTELEKOM,0,20101222,090024,518,10000
MTELEKOM,0,20101222,090024,518,3486
MTELEKOM,0,20101222,090024,518,1000
MTELEKOM,0,20101222,090024,518,15000
MTELEKOM,0,20101222,090024,518,120
MTELEKOM,0,20101222,090024,518,500
MTELEKOM,0,20101222,090024,518,150
MTELEKOM,0,20101222,090024,518,1292
MTELEKOM,0,20101222,090024,518,208
MTELEKOM,0,20101222,090024,518,210
MTELEKOM,0,20101222,090024,518,43
MTELEKOM,0,20101222,090024,518,500
MTELEKOM,0,20101222,090024,518,1055
MTELEKOM,0,20101222,090024,518,1000
MTELEKOM,0,20101222,090024,518,11
MTELEKOM,0,20101222,090024,518,500
MTELEKOM,0,20101222,090024,518,120
MTELEKOM,0,20101222,090024,518,30
MTELEKOM,0,20101222,090024,518,87
MTELEKOM,0,20101222,090024,518,150
MTELEKOM,0,20101222,090024,518,1086
MTELEKOM,0,20101222,090024,518,10
MTELEKOM,0,20101222,090024,518,500
MTELEKOM,0,20101222,090024,518,1000
MTELEKOM,0,20101222,090024,518,150
MTELEKOM,0,20101222,090024,518,450
OTP,0,20101222,090024,5200,133
OTP,0,20101222,090024,5200,200
OTP,0,20101222,090024,5200,5667
OTP,0,20101222,090024,5200,333
OTP,0,20101222,090024,5200,52
OTP,0,20101222,090024,5200,185
OTP,0,20101222,090024,5200,148
OTP,0,20101222,090024,5200,1874
OTP,0,20101222,090024,5200,3126
OTP,0,20101222,090024,5200,300
OTP,0,20101222,090024,5200,1000
OTP,0,20101222,090024,5200,760
OTP,0,20101222,090024,5200,25
OTP,0,20101222,090024,5200,20
OTP,0,20101222,090024,5200,25
OTP,0,20101222,090024,5200,200
OTP,0,20101222,090024,5200,2000
OTP,0,20101222,090024,5200,100
OTP,0,20101222,090024,5200,30
OTP,0,20101222,090024,5200,55
OTP,0,20101222,090024,5200,135
OTP,0,20101222,090024,5200,15
OTP,0,20101222,090024,5200,992
OTP,0,20101222,090024,5200,8
OTP,0,20101222,090024,5200,52
OTP,0,20101222,090024,5200,130
OTP,0,20101222,090024,5200,235
OTP,0,20101222,090024,5200,15
OTP,0,20101222,090024,5200,50
RABA,0,20101222,090024,810,250
RABA,0,20101222,090024,810,440
RABA,0,20101222,090024,810,786
RABA,0,20101222,090024,810,9
RABA,0,20101222,090024,810,126
RABA,0,20101222,090024,810,24
RABA,0,20101222,090024,810,46
RFV,0,20101222,090024,8549,19
RFV,0,20101222,090024,8549,20
RFV,0,20101222,090024,8549,10
RFV,0,20101222,090024,8549,1
RICHTER,0,20101222,090024,42000,3
RICHTER,0,20101222,090024,42000,2
RICHTER,0,20101222,090024,42000,1
RICHTER,0,20101222,090024,42000,44
RICHTER,0,20101222,090024,42000,44
RICHTER,0,20101222,090024,42000,50
RICHTER,0,20101222,090024,42000,47
RICHTER,0,20101222,090024,42000,3
RICHTER,0,20101222,090024,42000,30
RICHTER,0,20101222,090024,42000,40
RICHTER,0,20101222,090024,42000,10
RICHTER,0,20101222,090024,42000,67
TVNETWORK,0,20101222,090024,297,200
MTELEKOM,0,20101222,090200,518,170
MTELEKOM,0,20101222,090200,518,130
OTP,0,20101222,090200,5200,18
OTP,0,20101222,090200,5195,12
OTP,0,20101222,090200,5195,400
OTP,0,20101222,090200,5195,150
OTP,0,20101222,090200,5195,38
OTP,0,20101222,090200,5192,392
OTP,0,20101222,090200,5192,300
OTP,0,20101222,090200,5192,105
OTP,0,20101222,090200,5192,80
OTP,0,20101222,090200,5192,40
OTP,0,20101222,090200,5192,55
OTP,0,20101222,090200,5192,93
OTP,0,20101222,090200,5192,1700
MOL,0,20101222,090200,19930,10
MOL,0,20101222,090200,19930,100
MOL,0,20101222,090200,19975,20
MOL,0,20101222,090200,20000,30
MOL,0,20101222,090200,20000,10
MOL,0,20101222,090200,20000,50
MOL,0,20101222,090200,20000,20
MOL,0,20101222,090200,20000,200
OTP,0,20101222,090202,5199,5
OTP,0,20101222,090202,5200,75
BUX1112,0,20101222,090203,21941,5
BUX1112,0,20101222,090203,21950,1
OTP,0,20101222,090203,5200,120
MOL,0,20101222,090205,20000,60
EBGOLD,0,20101222,090205,3019,20
RABA,0,20101222,090208,810,77
MOL,0,20101222,090209,19990,67
BUX1112,0,20101222,090209,21951,4
OTP,0,20101222,090216,5192,200
MOL,0,20101222,090216,19990,250
OTP,0,20101222,090217,5192,20
OTP,0,20101222,090217,5192,1200
OTP,0,20101222,090219,5198,100
OTP,0,20101222,090220,5192,815
OTP,0,20101222,090226,5198,200
OTP,0,20101222,090227,5198,50
OTP,0,20101222,090227,5193,150
MOL,0,20101222,090228,19950,250
OTP,0,20101222,090231,5193,200
BUX1112,0,20101222,090235,21981,1
MTELEKOM,0,20101222,090236,519,800
MTELEKOM,0,20101222,090238,518,500
OTP,0,20101222,090241,5193,30
OTP,0,20101222,090255,5198,330
OTP,0,20101222,090255,5200,130
OTP,0,20101222,090305,5208,3
BUX1112,0,20101222,090315,21981,1
MTELEKOM,0,20101222,090316,519,136
BUX1112,0,20101222,090327,21975,5
OTP,0,20101222,090329,5205,200
OTP,0,20101222,090330,5208,797
OTP,0,20101222,090330,5210,10
OTP,0,20101222,090330,5210,2000
OTP,0,20101222,090330,5210,20
EGIS,0,20101222,090331,20190,15
EGIS,0,20101222,090333,20190,1
RICHTER,0,20101222,090335,42000,5
OTP,0,20101222,090337,5215,2
MTELEKOM,0,20101222,090341,519,500
RICHTER,0,20101222,090350,42000,250
RICHTER,0,20101222,090352,41995,30
RICHTER,0,20101222,090352,42000,193
RICHTER,0,20101222,090352,42000,14
RICHTER,0,20101222,090352,42000,13
OTP,0,20101222,090352,5215,42
RICHTER,0,20101222,090355,42000,37
OTP,0,20101222,090408,5210,200
OTP,0,20101222,090408,5210,800
MTELEKOM,0,20101222,090410,519,264
MTELEKOM,0,20101222,090410,519,401
ECONET,0,20101222,090429,91,3000
ECONET,0,20101222,090429,91,2000
EGIS,0,20101222,090436,20190,24
EGIS,0,20101222,090436,20200,50
EGIS,0,20101222,090436,20200,176
EGIS,0,20101222,090450,20200,24
EGIS,0,20101222,090450,20200,40
MOL,0,20101222,090453,19980,100
MOL,0,20101222,090453,19985,5
MOL,0,20101222,090453,19990,23
MOL,0,20101222,090453,19990,64
OTP,0,20101222,090454,5220,256
OTP,0,20101222,090454,5220,50
MOL,0,20101222,090457,19990,86
MOL,0,20101222,090457,20000,63
MOL,0,20101222,090457,20000,200
MOL,0,20101222,090501,19990,15
ECONET,0,20101222,090508,91,2000
OTP,0,20101222,090509,5224,200
EGIS,0,20101222,090512,20200,50
OTP,0,20101222,090513,5224,35
MOL,0,20101222,090515,19990,135
OTP,0,20101222,090517,5225,365
MOL,0,20101222,090518,20000,93
MOL,0,20101222,090518,20000,22
OTP,0,20101222,090522,5220,194
OTP,0,20101222,090522,5220,134
ECONET,0,20101222,090530,91,400
ECONET,0,20101222,090530,91,1500
MTELEKOM,0,20101222,090533,520,3000
MTELEKOM,0,20101222,090533,520,5000
MTELEKOM,0,20101222,090533,520,5000
MTELEKOM,0,20101222,090539,520,2000
OTP,0,20101222,090547,5224,20
OTP,0,20101222,090547,5225,195
OTP,0,20101222,090547,5225,25
OTP,0,20101222,090548,5225,30
BUX1112,0,20101222,090549,21981,2
BUX1112,0,20101222,090549,21981,5
BUX1112,0,20101222,090549,22000,13
OTP,0,20101222,090553,5225,100
MOL,0,20101222,090554,19990,30
BUX1112,0,20101222,090558,22000,1
OTP,0,20101222,090601,5225,300
OTP,0,20101222,090612,5225,330
BUX1112,0,20101222,090613,22000,16
MOL,0,20101222,090617,19975,81
MOL,0,20101222,090617,19970,19
MOL,0,20101222,090628,19990,4
OTP,0,20101222,090641,5224,200
OTP,0,20101222,090641,5225,170
OTP,0,20101222,090641,5225,80
MOL,0,20101222,090642,19990,94
RICHTER,0,20101222,090657,42050,10
RICHTER,0,20101222,090657,42010,2
RICHTER,0,20101222,090657,42005,30
RICHTER,0,20101222,090657,42005,2
RICHTER,0,20101222,090657,42000,156
MOL,0,20101222,090658,20000,100
MTELEKOM,0,20101222,090702,520,2200
MTELEKOM,0,20101222,090702,520,100
OTP,0,20101222,090712,5224,15
OTP,0,20101222,090712,5222,40
OTP,0,20101222,090712,5221,30
OTP,0,20101222,090712,5221,5
OTP,0,20101222,090712,5220,5
RICHTER,0,20101222,090723,42100,30
RICHTER,0,20101222,090725,42100,220
RICHTER,0,20101222,090725,42100,30
RICHTER,0,20101222,090725,42100,220
RICHTER,0,20101222,090725,42100,30
MOL,0,20101222,090725,19905,1400
RICHTER,0,20101222,090726,42100,220
MOL,0,20101222,090733,20000,10
OTP,0,20101222,090740,5220,100
BUX1112,0,20101222,090759,22000,2
MOL,0,20101222,090805,20000,390
BUX1112,0,20101222,090814,22000,1
BUX1112,0,20101222,090816,22000,1
OTP,0,20101222,090828,5212,20
MOL,0,20101222,090846,20000,100
MTELEKOM,0,20101222,090858,520,2000
MTELEKOM,0,20101222,090858,520,13000
MTELEKOM,0,20101222,090858,520,2000
MTELEKOM,0,20101222,090858,520,13000
OTP,0,20101222,090903,5220,305
OTP,0,20101222,090903,5220,5
OTP,0,20101222,090903,5220,200
OTP,0,20101222,090920,5220,500
MTELEKOM,0,20101222,090922,520,1000
MOL,0,20101222,090923,20000,192
MOL,0,20101222,090923,20000,100
MOL,0,20101222,090926,20000,208
OTP,0,20101222,090927,5220,20
OTP,0,20101222,090929,5220,970
MTELEKOM,0,20101222,090932,520,1000
MTELEKOM,0,20101222,090932,520,2000
MTELEKOM,0,20101222,090932,520,1000
OTP,0,20101222,090947,5220,20
OTP,0,20101222,090957,5220,5
OTP,0,20101222,090957,5220,234
MTELEKOM,0,20101222,091010,520,9000
MTELEKOM,0,20101222,091010,520,3000
MOL,0,20101222,091015,20040,15
MOL,0,20101222,091015,20040,30
MOL,0,20101222,091015,20045,40
MOL,0,20101222,091015,20045,100
MOL,0,20101222,091015,20050,50
MOL,0,20101222,091015,20050,15
MOL,0,20101222,091017,20050,85
MOL,0,20101222,091017,20080,5
MOL,0,20101222,091017,20085,160
MOL,0,20101222,091022,20085,40
MOL,0,20101222,091022,20085,50
MOL,0,20101222,091022,20095,10
MOL,0,20101222,091022,20095,30
MOL,0,20101222,091022,20095,50
MOL,0,20101222,091022,20100,10
MOL,0,20101222,091022,20100,140
MOL,0,20101222,091022,20100,50
MOL,0,20101222,091022,20100,100
MOL,0,20101222,091027,20085,200
OTP,0,20101222,091029,5225,65
OTP,0,20101222,091029,5229,200
OTP,0,20101222,091029,5229,380
OTP,0,20101222,091029,5229,500
OTP,0,20101222,091029,5230,50
OTP,0,20101222,091029,5230,487
OTP,0,20101222,091029,5230,50
OTP,0,20101222,091029,5230,1020
OTP,0,20101222,091034,5235,600
OTP,0,20101222,091034,5238,900
OTP,0,20101222,091036,5238,500
OTP,0,20101222,091036,5240,1000
BUX1112,0,20101222,091037,21999,10
BUX1112,0,20101222,091037,21999,2
BUX1112,0,20101222,091037,22000,4
BUX1112,0,20101222,091037,22000,4
OTP,0,20101222,091044,5240,1100
OTP,0,20101222,091044,5240,13
OTP,0,20101222,091044,5240,100
OTP,0,20101222,091101,5240,100
MOL,0,20101222,091103,20120,6
MOL,0,20101222,091103,20120,5
RICHTER,0,20101222,091107,42000,20
OTP,0,20101222,091108,5225,100
OTP,0,20101222,091130,5235,40
OTP,0,20101222,091131,5225,100
KEG,0,20101222,091133,141,710
FOTEX,0,20101222,091135,389,200
OTP,0,20101222,091138,5235,133
ECONET,0,20101222,091139,91,1250
RICHTER,0,20101222,091152,42000,37
RICHTER,0,20101222,091152,42000,19
RICHTER,0,20101222,091152,42000,14
RICHTER,0,20101222,091203,42000,50
RABA,0,20101222,091211,808,112
FOTEX,0,20101222,091212,390,1050
OTP,0,20101222,091235,5225,109
DANUBIUS,0,20101222,091236,4470,8
MOL,0,20101222,091243,20100,2
MOL,0,20101222,091243,20100,48
OTP,0,20101222,091249,5225,691
OTP,0,20101222,091249,5222,40
OTP,0,20101222,091249,5222,200
OTP,0,20101222,091254,5222,20
MOL,0,20101222,091257,20100,102
OTP,0,20101222,091259,5222,49
OTP,0,20101222,091308,5230,30
OTP,0,20101222,091308,5230,757
MOL,0,20101222,091324,20070,5
MTELEKOM,0,20101222,091325,521,200
MTELEKOM,0,20101222,091325,521,1000
EGIS,0,20101222,091326,20010,200
EGIS,0,20101222,091330,20000,34
EGIS,0,20101222,091330,20000,6
RICHTER,0,20101222,091347,42085,5
MOL,0,20101222,091408,20085,10
OTP,0,20101222,091421,5225,200
MTELEKOM,0,20101222,091426,521,1100
OTP,0,20101222,091429,5228,40
OTP,0,20101222,091429,5230,43
OTP,0,20101222,091429,5230,500
MOL,0,20101222,091432,20100,13
MOL,0,20101222,091432,20100,50
MOL,0,20101222,091432,20100,150
OTP,0,20101222,091434,5230,917
OTP,0,20101222,091434,5230,583
OTP,0,20101222,091436,5230,917
EGIS,0,20101222,091436,20000,4
EGIS,0,20101222,091436,20000,50
EGIS,0,20101222,091442,20000,144
EBGOLD,0,20101222,091445,2939,50
MOL,0,20101222,091446,20120,3
OTP,0,20101222,091453,5225,1300
MOL,0,20101222,091454,20100,7
ECONET,0,20101222,091454,91,3000
MOL,0,20101222,091455,20120,63
MOL,0,20101222,091455,20120,5
OTP,0,20101222,091457,5225,200
OTP,0,20101222,091457,5225,1300
OTP,0,20101222,091458,5223,310
OTP,0,20101222,091458,5222,1190
RICHTER,0,20101222,091519,42050,5
MOL,0,20101222,091527,20145,30
MOL,0,20101222,091527,20150,6
MOL,0,20101222,091527,20150,10
MOL,0,20101222,091527,20150,30
MOL,0,20101222,091527,20150,20
MOL,0,20101222,091529,20120,1
MOL,0,20101222,091532,20120,9
MOL,0,20101222,091536,20180,10
MOL,0,20101222,091536,20180,5
MOL,0,20101222,091536,20180,50
MOL,0,20101222,091536,20180,100
MOL,0,20101222,091536,20185,85
MOL,0,20101222,091536,20140,60
MOL,0,20101222,091536,20100,40
RABA,0,20101222,091537,808,88
RABA,0,20101222,091537,806,200
MOL,0,20101222,091538,20185,15
MOL,0,20101222,091538,20185,235
MOL,0,20101222,091539,20185,65
MOL,0,20101222,091539,20190,35
MOL,0,20101222,091539,20190,2
MOL,0,20101222,091539,20195,30
MOL,0,20101222,091539,20195,118
MOL,0,20101222,091539,20195,82
MOL,0,20101222,091539,20200,168
MOL,0,20101222,091539,20200,18
MOL,0,20101222,091541,20200,134
MOL,0,20101222,091541,20200,100
MOL,0,20101222,091541,20200,16
MOL,0,20101222,091541,20200,34
MOL,0,20101222,091541,20200,150
MOL,0,20101222,091541,20200,66
MOL,0,20101222,091544,20200,250
MOL,0,20101222,091545,20200,34
MOL,0,20101222,091545,20200,55
MOL,0,20101222,091545,20200,5
MOL,0,20101222,091545,20200,20
MOL,0,20101222,091545,20200,50
MOL,0,20101222,091545,20200,156
MTELEKOM,0,20101222,091552,521,100
MTELEKOM,0,20101222,091601,521,1020
OTP,0,20101222,091610,5229,25
OTP,0,20101222,091610,5230,5
MOL,0,20101222,091619,20125,14
OTP,0,20101222,091621,5222,60
OTP,0,20101222,091621,5227,500
OTP,0,20101222,091621,5230,578
OTP,0,20101222,091621,5230,422
OTP,0,20101222,091626,5230,158
OTP,0,20101222,091626,5230,800
MTELEKOM,0,20101222,091626,521,721
MTELEKOM,0,20101222,091629,521,279
MTELEKOM,0,20101222,091629,522,1000
MTELEKOM,0,20101222,091629,522,500
MTELEKOM,0,20101222,091629,522,1000
MTELEKOM,0,20101222,091629,523,500
MTELEKOM,0,20101222,091629,523,5000
MTELEKOM,0,20101222,091629,523,1721
PANNERGY,0,20101222,091633,914,100
PANNERGY,0,20101222,091633,915,400
PANNERGY,0,20101222,091633,916,1000
OTP,0,20101222,091643,5227,5
OTP,0,20101222,091644,5227,295
BUX1112,0,20101222,091658,22000,1
BUX1112,0,20101222,091658,22000,3
MOL,0,20101222,091700,20180,265
BUX1112,0,20101222,091717,22000,1
OTP,0,20101222,091722,5230,5
OTP,0,20101222,091729,5230,795
BUX1112,0,20101222,091730,21990.5,4
BUX1112,0,20101222,091730,21990,1
ECONET,0,20101222,091732,91,750
BUX1112,0,20101222,091747,21985,1
BUX1112,0,20101222,091747,21973,5
BUX1112,0,20101222,091747,21972,5
BUX1112,0,20101222,091747,21972,4
KARPOT,0,20101222,091804,425,70
OTP,0,20101222,091804,5230,705
OTP,0,20101222,091814,5230,95
EGIS,0,20101222,091815,20000,6
EGIS,0,20101222,091815,20000,35
OTP,0,20101222,091840,5230,200
EGIS,0,20101222,091840,20000,45
MTELEKOM,0,20101222,091841,523,3279
MTELEKOM,0,20101222,091841,523,956
OTP,0,20101222,091851,5230,1000
OTP,0,20101222,091903,5230,205
MOL,0,20101222,091904,20145,6
MOL,0,20101222,091904,20150,50
BUX1112,0,20101222,091926,21995,10
OTP,0,20101222,091929,5226,40
MTELEKOM,0,20101222,091935,522,1000
BUX1112,0,20101222,091936,21995,2
MOL,0,20101222,091939,20130,30
MOL,0,20101222,091943,20130,25
MTELEKOM,0,20101222,091948,522,1000
MOL,0,20101222,091951,20130,50
RABA,0,20101222,091952,802,300
RABA,0,20101222,091952,802,200
MOL,0,20101222,092002,20130,76
OTP,0,20101222,092003,5226,500
MOL,0,20101222,092004,20130,8
MOL,0,20101222,092011,20130,4
MTELEKOM,0,20101222,092020,522,500
MTELEKOM,0,20101222,092020,522,1500
EGIS,0,20101222,092023,20005,84
EGIS,0,20101222,092023,20000,196
EGIS,0,20101222,092045,20000,4
EGIS,0,20101222,092045,20000,50
EGIS,0,20101222,092045,20000,61
MTELEKOM,0,20101222,092105,522,194
MTELEKOM,0,20101222,092105,522,2056
MTELEKOM,0,20101222,092111,522,272
OTP,0,20101222,092130,5226,460
RICHTER,0,20101222,092134,42050,5
MOL,0,20101222,092140,20170,15
MTELEKOM,0,20101222,092200,522,26
BUX1112,0,20101222,092208,21995,8
BUX1112,0,20101222,092208,22000,1
BUX1112,0,20101222,092208,22000,5
OTP,0,20101222,092212,5225,20
OTP,0,20101222,092212,5225,1000
RICHTER,0,20101222,092237,42085,20
RICHTER,0,20101222,092237,42095,80
RICHTER,0,20101222,092238,42060,1
OTP,0,20101222,092240,5224,10
OTP,0,20101222,092254,5225,250
GENESIS,0,20101222,092258,186,500
BUX1112,0,20101222,092303,22010,8
OTP,0,20101222,092314,5225,200
OTP,0,20101222,092318,5225,220
GENESIS,0,20101222,092324,186,22
GENESIS,0,20101222,092324,198,8
OTP,0,20101222,092336,5227,327
OTP,0,20101222,092336,5229,85
OTP,0,20101222,092336,5229,88
SYNERGON,0,20101222,092349,490,300
BOOK,0,20101222,092405,478,200
OTP,0,20101222,092409,5229,12
OTP,0,20101222,092409,5229,38
MOL,0,20101222,092409,20150,2230
MTELEKOM,0,20101222,092443,522,200
OTP,0,20101222,092457,5229,162
OTP,0,20101222,092457,5229,268
RICHTER,0,20101222,092502,42060,2
MOL,0,20101222,092502,20150,150
MOL,0,20101222,092502,20150,10
MOL,0,20101222,092505,20130,7
MOL,0,20101222,092505,20130,70
MOL,0,20101222,092505,20130,100
MOL,0,20101222,092505,20125,236
MOL,0,20101222,092505,20105,100
MOL,0,20101222,092505,20100,160
MOL,0,20101222,092507,20080,60
BUX1112,0,20101222,092515,22010,1
MOL,0,20101222,092518,20080,39
MOL,0,20101222,092518,20095,21
MOL,0,20101222,092518,20100,27
MOL,0,20101222,092518,20100,150
MOL,0,20101222,092521,20100,200
MTELEKOM,0,20101222,092524,522,688
BUX1112,0,20101222,092526,22010,4
MOL,0,20101222,092530,20100,350
OTP,0,20101222,092540,5227,2
OTP,0,20101222,092540,5225,830
OTP,0,20101222,092540,5225,640
MOL,0,20101222,092547,20100,100
MOL,0,20101222,092547,20100,150
MOL,0,20101222,092547,20100,250
MOL,0,20101222,092547,20100,100
MOL,0,20101222,092547,20140,10
MOL,0,20101222,092547,20145,50
MOL,0,20101222,092547,20145,90
MOL,0,20101222,092547,20145,160
MOL,0,20101222,092547,20145,90
MOL,0,20101222,092548,20145,160
MOL,0,20101222,092548,20145,90
OTP,0,20101222,092548,5224,20
OTP,0,20101222,092548,5224,200
OTP,0,20101222,092548,5224,780
MOL,0,20101222,092549,20145,160
MOL,0,20101222,092549,20145,90
BUX1112,0,20101222,092550,22010,1
MOL,0,20101222,092553,20145,160
MOL,0,20101222,092556,20150,100
MOL,0,20101222,092559,20145,250
BUX1112,0,20101222,092600,22010,1
OTP,0,20101222,092613,5224,50
OTP,0,20101222,092626,5224,17
BUX1112,0,20101222,092629,22025,1
MOL,0,20101222,092630,20130,250
MOL,0,20101222,092630,20140,200
MOL,0,20101222,092630,20140,5
MOL,0,20101222,092630,20145,350
OTP,0,20101222,092638,5224,25
OTP,0,20101222,092640,5224,300
OTP,0,20101222,092651,5224,10
MOL,0,20101222,092656,20070,10
MOL,0,20101222,092656,20140,200
RICHTER,0,20101222,092707,42095,5
MOL,0,20101222,092724,20145,5
MOL,0,20101222,092724,20150,14
MOL,0,20101222,092724,20150,200
EGIS,0,20101222,092735,20055,2
MOL,0,20101222,092735,20070,5
MOL,0,20101222,092735,20060,21
MOL,0,20101222,092735,20055,100
MOL,0,20101222,092735,20050,46
EGIS,0,20101222,092751,20055,8
EGIS,0,20101222,092751,20050,25
ECONET,0,20101222,092758,91,74
EGIS,0,20101222,092807,20050,39
OTP,0,20101222,092815,5224,18
OTP,0,20101222,092815,5222,47
RICHTER,0,20101222,092820,42095,36
RICHTER,0,20101222,092820,42100,30
RICHTER,0,20101222,092820,42100,50
OTP,0,20101222,092822,5224,1000
OTP,0,20101222,092828,5222,154
OTP,0,20101222,092828,5222,1500
MOL,0,20101222,092831,20100,10
MOL,0,20101222,092831,20120,95
MOL,0,20101222,092837,20070,64
OTP,0,20101222,092841,5221,100
OTP,0,20101222,092841,5221,1400
OTP,0,20101222,092841,5221,600
OTP,0,20101222,092841,5220,1400
OTP,0,20101222,092842,5220,366
OTP,0,20101222,092842,5220,200
OTP,0,20101222,092842,5220,4
OTP,0,20101222,092842,5220,20
OTP,0,20101222,092842,5220,68
OTP,0,20101222,092842,5220,500
OTP,0,20101222,092845,5220,19
MOL,0,20101222,092850,20095,15
OTP,0,20101222,092854,5215,111
OTP,0,20101222,092854,5215,170
OTP,0,20101222,092854,5215,2219
OTP,0,20101222,092854,5215,180
MOL,0,20101222,092856,20100,6
MOL,0,20101222,092856,20100,300
OTP,0,20101222,092857,5215,601
MTELEKOM,0,20101222,092902,521,1500
MTELEKOM,0,20101222,092902,521,200
MTELEKOM,0,20101222,092902,521,2800
MOL,0,20101222,092902,20095,41
MOL,0,20101222,092902,20070,14
BUX1112,0,20101222,092903,22010,1
MOL,0,20101222,092905,20100,200
BUX1112,0,20101222,092910,22001,3
BUX1112,0,20101222,092920,22000,22
BUX1112,0,20101222,092920,22010,1
BUX1112,0,20101222,092920,22010,1
BUX1112,0,20101222,092920,22020,1
OTP,0,20101222,092926,5212,480
OTP,0,20101222,092926,5211,19
OTP,0,20101222,092926,5210,444
OTP,0,20101222,092926,5210,400
PANNERGY,0,20101222,092927,918,200
PANNERGY,0,20101222,092927,918,500
PANNERGY,0,20101222,092933,918,300
OTP,0,20101222,092933,5210,156
MOL,0,20101222,092936,20115,3
MOL,0,20101222,092936,20120,10
MOL,0,20101222,092936,20130,100
MOL,0,20101222,092936,20135,100
MOL,0,20101222,092936,20135,414
MOL,0,20101222,092944,20100,50
MOL,0,20101222,092952,20090,110
KEG,0,20101222,092953,141,3000
MOL,0,20101222,092955,20085,90
RICHTER,0,20101222,093002,42100,4
RABA,0,20101222,093003,805,300
MOL,0,20101222,093007,20090,87
MOL,0,20101222,093009,20090,33
MTELEKOM,0,20101222,093014,520,630
MOL,0,20101222,093015,20080,44
OTP,0,20101222,093025,5210,40
OTP,0,20101222,093030,5210,332
BUX1112,0,20101222,093032,22010,5
BUX1112,0,20101222,093035,22020,5
BUX1112,0,20101222,093035,22023,1
BUX1112,0,20101222,093035,22025,10
BUX1112,0,20101222,093035,22025,1
ELMU,0,20101222,093044,27350,3
MOL,0,20101222,093045,20120,110
RABA,0,20101222,093052,806,212
RABA,0,20101222,093052,810,100
RABA,0,20101222,093052,811,1638
BUX1112,0,20101222,093053,22025,5
MOL,0,20101222,093055,20145,47
MOL,0,20101222,093055,20145,5
MOL,0,20101222,093055,20145,30
MOL,0,20101222,093055,20160,18
MOL,0,20101222,093058,20160,32
MOL,0,20101222,093058,20170,27
MOL,0,20101222,093058,20170,191
MOL,0,20101222,093058,20170,250
BUX1112,0,20101222,093100,22025,3
MOL,0,20101222,093101,20170,2
MOL,0,20101222,093101,20175,150
MOL,0,20101222,093101,20175,25
MOL,0,20101222,093101,20180,61
MOL,0,20101222,093101,20180,12
MOL,0,20101222,093105,20170,100
ZWACK,0,20101222,093106,13100,15
ZWACK,0,20101222,093106,13100,7
MOL,0,20101222,093113,20180,138
MOL,0,20101222,093113,20180,62
BUX1112,0,20101222,093115,22002,1
OTP,0,20101222,093116,5218,3
MOL,0,20101222,093128,20150,50
MOL,0,20101222,093142,20180,22
MOL,0,20101222,093142,20180,100
MOL,0,20101222,093142,20190,10
MOL,0,20101222,093142,20190,30
MOL,0,20101222,093142,20190,10
MOL,0,20101222,093142,20190,78
MOL,0,20101222,093143,20190,22
MOL,0,20101222,093143,20190,6
MOL,0,20101222,093143,20190,100
MOL,0,20101222,093143,20195,50
MOL,0,20101222,093143,20195,10
MOL,0,20101222,093143,20195,62
MOL,0,20101222,093144,20195,88
MOL,0,20101222,093144,20195,50
MOL,0,20101222,093144,20200,112
MOL,0,20101222,093144,20200,32
MOL,0,20101222,093144,20200,15
MOL,0,20101222,093144,20200,203
MOL,0,20101222,093146,20200,250
MOL,0,20101222,093147,20200,47
MOL,0,20101222,093147,20200,150
MOL,0,20101222,093147,20200,1500
MOL,0,20101222,093147,20200,100
MOL,0,20101222,093147,20200,50
MOL,0,20101222,093147,20200,3
MOL,0,20101222,093147,20200,16
MOL,0,20101222,093147,20200,30
MOL,0,20101222,093147,20200,10
EGIS,0,20101222,093147,20000,13
EGIS,0,20101222,093147,20000,67
MOL,0,20101222,093151,20210,30
MOL,0,20101222,093151,20220,9
MOL,0,20101222,093151,20220,32
MOL,0,20101222,093151,20220,6
MOL,0,20101222,093151,20220,100
BUX1112,0,20101222,093151,22024,1
BUX1112,0,20101222,093151,22025,2
BUX1112,0,20101222,093151,22025,2
OTP,0,20101222,093159,5210,165
EGIS,0,20101222,093202,20000,28
MOL,0,20101222,093206,20230,14
MOL,0,20101222,093206,20230,1
MOL,0,20101222,093210,20230,4
MOL,0,20101222,093210,20230,6
BUX1112,0,20101222,093212,22025,5
BUX1112,0,20101222,093212,22025,5
MOL,0,20101222,093216,20200,50
GENESIS,0,20101222,093220,198,492
GENESIS,0,20101222,093220,198,500
OTP,0,20101222,093223,5218,197
OTP,0,20101222,093223,5218,20
OTP,0,20101222,093223,5219,49
SYNERGON,0,20101222,093229,493,30
MOL,0,20101222,093230,20200,11
BUX1112,0,20101222,093244,22025,10
MOL,0,20101222,093251,20205,1000
MOL,0,20101222,093256,20200,100
MOL,0,20101222,093257,20200,79
MOL,0,20101222,093257,20200,71
EGIS,0,20101222,093307,20145,14
MOL,0,20101222,093311,20200,179
GENESIS,0,20101222,093312,199,1000
MOL,0,20101222,093314,20200,821
BUX1112,0,20101222,093315,22029,1
BUX1112,0,20101222,093315,22035,5
GENESIS,0,20101222,093317,199,500
MOL,0,20101222,093324,20200,150
MOL,0,20101222,093324,20200,10
MTELEKOM,0,20101222,093325,522,19
RICHTER,0,20101222,093329,42185,30
RICHTER,0,20101222,093329,42190,50
RICHTER,0,20101222,093329,42200,2
RICHTER,0,20101222,093329,42200,38
GENESIS,0,20101222,093339,198,2008
MOL,0,20101222,093349,20205,500
MOL,0,20101222,093353,20200,1
MTELEKOM,0,20101222,093405,522,795
MTELEKOM,0,20101222,093405,522,1000
MTELEKOM,0,20101222,093405,522,205
BUX1112,0,20101222,093411,22035,3
BUX1112,0,20101222,093421,22035,2
OTP,0,20101222,093422,5211,20
MOL,0,20101222,093429,20205,100
MOL,0,20101222,093437,20205,50
RICHTER,0,20101222,093502,42105,4
MOL,0,20101222,093507,20210,10
MOL,0,20101222,093514,20205,10
MOL,0,20101222,093521,20205,55
MOL,0,20101222,093527,20165,2
OTP,0,20101222,093540,5215,10
BUX1112,0,20101222,093550,22025,2
MOL,0,20101222,093552,20200,500
MOL,0,20101222,093553,20200,500
OTP,0,20101222,093559,5216,1500
MOL,0,20101222,093600,20200,150
MOL,0,20101222,093602,20200,500
MOL,0,20101222,093607,20200,150
MOL,0,20101222,093609,20205,16
MOL,0,20101222,093620,20210,13
MOL,0,20101222,093630,20215,1
OTP,0,20101222,093634,5215,150
MOL,0,20101222,093634,20215,10
MOL,0,20101222,093636,20220,20
MOL,0,20101222,093636,20220,4
MOL,0,20101222,093636,20220,10
MOL,0,20101222,093636,20220,3
MOL,0,20101222,093636,20230,34
MOL,0,20101222,093636,20230,10
MOL,0,20101222,093636,20235,100
MOL,0,20101222,093636,20240,41
MOL,0,20101222,093636,20240,200
MOL,0,20101222,093636,20240,15
MOL,0,20101222,093636,20240,30
MOL,0,20101222,093636,20245,5
MOL,0,20101222,093636,20250,6
MOL,0,20101222,093636,20250,3
MOL,0,20101222,093636,20250,227
MOL,0,20101222,093636,20250,40
MOL,0,20101222,093636,20250,5
MOL,0,20101222,093636,20250,6
MOL,0,20101222,093636,20250,15
MOL,0,20101222,093636,20250,5
MOL,0,20101222,093636,20250,21
OTP,0,20101222,093642,5215,2
OTP,0,20101222,093648,5219,51
OTP,0,20101222,093648,5219,50
OTP,0,20101222,093648,5220,323
OTP,0,20101222,093648,5220,406
SYNERGON,0,20101222,093648,490,154
MOL,0,20101222,093649,20270,14
MOL,0,20101222,093649,20270,100
MOL,0,20101222,093649,20275,100
MOL,0,20101222,093649,20275,15
OTP,0,20101222,093650,5220,752
OTP,0,20101222,093650,5220,1500
OTP,0,20101222,093650,5220,10
OTP,0,20101222,093650,5220,500
PANNERGY,0,20101222,093653,916,250
MOL,0,20101222,093701,20280,34
MOL,0,20101222,093701,20285,4
MOL,0,20101222,093701,20290,462
MOL,0,20101222,093702,20290,38
MOL,0,20101222,093702,20290,15
MOL,0,20101222,093702,20295,15
MOL,0,20101222,093702,20295,11
MOL,0,20101222,093702,20295,100
MOL,0,20101222,093702,20295,321
MOL,0,20101222,093702,20295,179
MOL,0,20101222,093702,20300,10
MOL,0,20101222,093702,20300,60
MOL,0,20101222,093702,20300,50
MOL,0,20101222,093702,20300,10
MOL,0,20101222,093702,20300,15
MOL,0,20101222,093702,20300,50
MOL,0,20101222,093702,20300,3
MOL,0,20101222,093702,20300,123
MOL,0,20101222,093703,20300,142
MOL,0,20101222,093703,20300,47
MOL,0,20101222,093703,20300,200
MOL,0,20101222,093703,20300,2
MOL,0,20101222,093703,20300,3
MOL,0,20101222,093703,20300,50
MOL,0,20101222,093703,20300,56
OTP,0,20101222,093704,5220,2000
MOL,0,20101222,093705,20300,2444
MOL,0,20101222,093705,20300,500
MOL,0,20101222,093705,20300,10
MOL,0,20101222,093705,20300,25
MOL,0,20101222,093705,20300,161
MOL,0,20101222,093705,20300,1000
OTP,0,20101222,093707,5225,50
OTP,0,20101222,093707,5225,5
OTP,0,20101222,093707,5225,15
OTP,0,20101222,093707,5225,40
OTP,0,20101222,093707,5229,50
OTP,0,20101222,093707,5230,40
MOL,0,20101222,093715,20300,50
MOL,0,20101222,093716,20320,150
MOL,0,20101222,093716,20320,200
OTP,0,20101222,093721,5220,1000
BUX1112,0,20101222,093728,22037,1
BUX1112,0,20101222,093728,22037,1
BUX1112,0,20101222,093728,22045,3
MOL,0,20101222,093729,20320,15
MOL,0,20101222,093732,20300,100
MOL,0,20101222,093733,20300,350
MOL,0,20101222,093733,20300,150
MOL,0,20101222,093734,20300,350
MOL,0,20101222,093734,20300,150
MOL,0,20101222,093735,20300,350
OTP,0,20101222,093744,5216,1
FOTEX,0,20101222,093750,390,7
BUX1112,0,20101222,093754,22025.5,1
MOL,0,20101222,093810,20295,3
MOL,0,20101222,093810,20295,30
MTELEKOM,0,20101222,093814,522,1773
OTP,0,20101222,093814,5220,100
MOL,0,20101222,093824,20300,20
MOL,0,20101222,093825,20300,80
OTP,0,20101222,093830,5220,404
RICHTER,0,20101222,093911,42200,10
OTP,0,20101222,093955,5220,10
MOL,0,20101222,094007,20255,77
MOL,0,20101222,094014,20255,65
OTP,0,20101222,094029,5220,170
MOL,0,20101222,094033,20255,58
MOL,0,20101222,094033,20255,295
MOL,0,20101222,094034,20255,147
MOL,0,20101222,094042,20250,250
MOL,0,20101222,094105,20220,100
MOL,0,20101222,094105,20215,289
MOL,0,20101222,094105,20210,401
BUX1112,0,20101222,094106,22025.5,1
KEG,0,20101222,094127,141,500
MOL,0,20101222,094130,20250,250
MOL,0,20101222,094136,20250,208
MOL,0,20101222,094136,20250,292
BUX1112,0,20101222,094142,22030,1
MOL,0,20101222,094204,20250,5
MOL,0,20101222,094215,20250,161
MOL,0,20101222,094215,20250,39
MOL,0,20101222,094216,20250,12
BUX1112,0,20101222,094219,22025.5,1
MOL,0,20101222,094220,20215,12
MOL,0,20101222,094220,20210,18
OTP,0,20101222,094238,5220,690
MOL,0,20101222,094300,20210,81
MOL,0,20101222,094300,20205,194
MOL,0,20101222,094300,20200,225
ETFBUXOTP,0,20101222,094300,901,305
OTP,0,20101222,094304,5225,140
MTELEKOM,0,20101222,094307,522,66
OTP,0,20101222,094307,5225,16
MOL,0,20101222,094307,20220,4
RICHTER,0,20101222,094307,42200,1
MOL,0,20101222,094311,20200,125
MOL,0,20101222,094311,20200,175
MOL,0,20101222,094315,20205,75
MOL,0,20101222,094321,20205,125
MOL,0,20101222,094321,20200,25
PANNERGY,0,20101222,094323,916,663
MOL,0,20101222,094330,20205,200
MOL,0,20101222,094330,20200,50
MOL,0,20101222,094330,20200,250
MOL,0,20101222,094333,20200,200
MOL,0,20101222,094333,20200,8
MOL,0,20101222,094334,20200,100
MOL,0,20101222,094344,20200,72
MOL,0,20101222,094352,20200,200
MOL,0,20101222,094358,20205,300
MOL,0,20101222,094358,20200,315
MOL,0,20101222,094358,20200,185
MOL,0,20101222,094359,20220,16
MOL,0,20101222,094400,20200,20
MOL,0,20101222,094412,20200,53
MOL,0,20101222,094412,20200,300
MOL,0,20101222,094412,20200,447
MOL,0,20101222,094415,20205,200
MOL,0,20101222,094418,20205,50
MTELEKOM,0,20101222,094419,522,345
MOL,0,20101222,094422,20200,11
MOL,0,20101222,094422,20200,50
MOL,0,20101222,094422,20200,139
MOL,0,20101222,094429,20200,111
MOL,0,20101222,094429,20200,89
MOL,0,20101222,094430,20200,61
MOL,0,20101222,094430,20200,250
MOL,0,20101222,094430,20200,189
BUX1112,0,20101222,094431,22025,3
MOL,0,20101222,094456,20200,1
MOL,0,20101222,094456,20200,4
MOL,0,20101222,094504,20200,50
MOL,0,20101222,094507,20200,76
MTELEKOM,0,20101222,094509,522,611
MTELEKOM,0,20101222,094509,522,200
MTELEKOM,0,20101222,094509,522,1189
MOL,0,20101222,094511,20205,500
MOL,0,20101222,094513,20200,5
MOL,0,20101222,094522,20205,500
MOL,0,20101222,094527,20205,500
RICHTER,0,20101222,094534,42200,1
MOL,0,20101222,094535,20210,300
MOL,0,20101222,094535,20205,700
MOL,0,20101222,094542,20210,300
MOL,0,20101222,094548,20210,400
MOL,0,20101222,094548,20205,50
MOL,0,20101222,094548,20205,350
MOL,0,20101222,094553,20215,200
MOL,0,20101222,094553,20215,250
MOL,0,20101222,094553,20210,250
MOL,0,20101222,094601,20215,450
MOL,0,20101222,094605,20215,350
MOL,0,20101222,094609,20230,120
MOL,0,20101222,094609,20240,150
MOL,0,20101222,094609,20245,3
MOL,0,20101222,094609,20245,120
MOL,0,20101222,094609,20250,107
MOL,0,20101222,094610,20215,100
MOL,0,20101222,094610,20210,50
MOL,0,20101222,094635,20210,300
MOL,0,20101222,094635,20210,65
MOL,0,20101222,094635,20205,430
MOL,0,20101222,094635,20205,205
MOL,0,20101222,094641,20210,6
MOL,0,20101222,094641,20205,295
MOL,0,20101222,094641,20200,199
MOL,0,20101222,094652,20215,3
MOL,0,20101222,094652,20215,6
MOL,0,20101222,094652,20210,91
MOL,0,20101222,094657,20210,109
MOL,0,20101222,094657,20200,259
MTELEKOM,0,20101222,094708,522,811
MTELEKOM,0,20101222,094708,522,838
EGIS,0,20101222,094713,20140,40
MOL,0,20101222,094716,20200,100
EGIS,0,20101222,094719,20145,16
EGIS,0,20101222,094725,20150,65
EGIS,0,20101222,094725,20150,87
EGIS,0,20101222,094732,20180,40
MOL,0,20101222,094738,20175,10
MOL,0,20101222,094738,20175,5
MOL,0,20101222,094738,20165,85
EGIS,0,20101222,094738,20195,10
OTP,0,20101222,094742,5225,342
OTP,0,20101222,094747,5225,2
OTP,0,20101222,094747,5229,70
OTP,0,20101222,094747,5229,200
OTP,0,20101222,094747,5230,945
OTP,0,20101222,094747,5230,500
OTP,0,20101222,094747,5230,50
OTP,0,20101222,094747,5230,254
OTP,0,20101222,094754,5230,2979
MOL,0,20101222,094813,20200,32
MOL,0,20101222,094813,20200,168
MOL,0,20101222,094816,20200,32
OTP,0,20101222,094816,5230,500
OTP,0,20101222,094816,5230,500
MOL,0,20101222,094819,20200,50
MOL,0,20101222,094822,20200,150
MOL,0,20101222,094822,20200,100
MOL,0,20101222,094825,20200,368
MOL,0,20101222,094826,20200,132
MTELEKOM,0,20101222,094827,521,262
MOL,0,20101222,094830,20200,68
MOL,0,20101222,094833,20200,300
HUMET,0,20101222,094836,9,800
MOL,0,20101222,094845,20200,132
BUX1112,0,20101222,094846,22020,1
BUX1112,0,20101222,094846,22025,17
BUX1112,0,20101222,094846,22025,1
BUX1112,0,20101222,094846,22025,1
MOL,0,20101222,094849,20200,118
MOL,0,20101222,094852,20200,382
RICHTER,0,20101222,094900,42200,10
MOL,0,20101222,094903,20200,250
MOL,0,20101222,094903,20200,500
MOL,0,20101222,094903,20200,20
MOL,0,20101222,094906,20200,118
MOL,0,20101222,094908,20200,8
BUX1112,0,20101222,094909,22025,5
BUX1112,0,20101222,094909,22000,1
BUX1112,0,20101222,094909,21982,1
BUX1112,0,20101222,094909,21981.5,2
BUX1112,0,20101222,094909,21981,11
MOL,0,20101222,094917,20200,104
MOL,0,20101222,094917,20200,146
MOL,0,20101222,094918,20200,54
MOL,0,20101222,094921,20200,200
RICHTER,0,20101222,094922,42200,10
MOL,0,20101222,094926,20200,50
KEG,0,20101222,094951,140,320
MOL,0,20101222,094955,20200,168
MOL,0,20101222,094957,20200,82
MOL,0,20101222,094957,20200,500
MOL,0,20101222,094959,20200,196
MOL,0,20101222,095007,20165,77
OTP,0,20101222,095009,5229,8
MOL,0,20101222,095010,20200,222
MOL,0,20101222,095010,20200,250
MOL,0,20101222,095017,20200,100
MOL,0,20101222,095017,20200,213
PHYLAXIA,0,20101222,095019,45,2
MOL,0,20101222,095023,20200,2500
MOL,0,20101222,095032,20200,787
MOL,0,20101222,095037,20200,250
MOL,0,20101222,095042,20200,50
OTP,0,20101222,095042,5222,100
OTP,0,20101222,095051,5233,500
MOL,0,20101222,095112,20205,250
MOL,0,20101222,095112,20200,450
MOL,0,20101222,095112,20200,785
MOL,0,20101222,095114,20200,15
MOL,0,20101222,095119,20200,57
MOL,0,20101222,095121,20200,443
MOL,0,20101222,095121,20200,557
MOL,0,20101222,095125,20205,5
MOL,0,20101222,095125,20200,441
MOL,0,20101222,095125,20200,500
MOL,0,20101222,095125,20200,54
MOL,0,20101222,095129,20200,446
MOL,0,20101222,095130,20200,554
MOL,0,20101222,095135,20205,231
MOL,0,20101222,095135,20200,269
ECONET,0,20101222,095136,91,600
ECONET,0,20101222,095136,91,9400
MOL,0,20101222,095141,20205,500
OTP,0,20101222,095143,5233,400
MOL,0,20101222,095145,20205,285
MOL,0,20101222,095145,20200,216
MOL,0,20101222,095145,20200,1000
MOL,0,20101222,095145,20200,499
MOL,0,20101222,095149,20210,310
MOL,0,20101222,095149,20205,190
MOL,0,20101222,095153,20205,268
MOL,0,20101222,095153,20205,200
MOL,0,20101222,095153,20200,1
MOL,0,20101222,095153,20200,31
RABA,0,20101222,095155,810,500
RABA,0,20101222,095155,810,104
MOL,0,20101222,095201,20205,200
MOL,0,20101222,095212,20210,500
MOL,0,20101222,095212,20205,50
MOL,0,20101222,095212,20205,785
MOL,0,20101222,095212,20205,290
MOL,0,20101222,095212,20200,375
MOL,0,20101222,095216,20205,200
MOL,0,20101222,095218,20200,594
MOL,0,20101222,095221,20200,406
MOL,0,20101222,095227,20170,7
MOL,0,20101222,095227,20170,39
MOL,0,20101222,095233,20200,250
MOL,0,20101222,095233,20200,250
MOL,0,20101222,095237,20200,500
MOL,0,20101222,095241,20200,785
MOL,0,20101222,095241,20200,215
MOL,0,20101222,095251,20205,370
MOL,0,20101222,095311,20205,50
MOL,0,20101222,095313,20205,80
MOL,0,20101222,095313,20205,220
MOL,0,20101222,095317,20205,738
OTP,0,20101222,095328,5225,100
OTP,0,20101222,095339,5225,90
TVK,0,20101222,095351,3340,1300
OTP,0,20101222,095358,5224,610
OTP,0,20101222,095407,5224,67
OTP,0,20101222,095414,5230,40
ECONET,0,20101222,095436,90,6211
MOL,0,20101222,095508,20215,7
MOL,0,20101222,095508,20215,46
MOL,0,20101222,095512,20210,20
MOL,0,20101222,095512,20210,4
GENESIS,0,20101222,095604,198,190
GENESIS,0,20101222,095604,198,90
EGIS,0,20101222,095705,20200,17
MOL,0,20101222,095712,20215,40
MOL,0,20101222,095745,20215,10
OTP,0,20101222,095754,5230,30
KEG,0,20101222,095800,140,178
KEG,0,20101222,095800,140,710
KEG,0,20101222,095800,140,500
KEG,0,20101222,095800,140,912
MTELEKOM,0,20101222,095804,522,1635
OTP,0,20101222,095808,5231,12500
OTP,0,20101222,095822,5230,63
OTP,0,20101222,095822,5230,48
OTP,0,20101222,095828,5230,1389
MOL,0,20101222,095839,20250,40
FOTEX,0,20101222,095852,390,152
RABA,0,20101222,095906,810,100
BUX1112,0,20101222,095913,22028,1
BUX1112,0,20101222,095913,22029,2
BUX1112,0,20101222,095913,22030,2
RICHTER,0,20101222,095917,42200,15
MOL,0,20101222,095926,20240,50
MOL,0,20101222,095926,20245,196
MOL,0,20101222,095926,20225,92
MOL,0,20101222,095932,20230,250
MOL,0,20101222,095932,20225,408
MOL,0,20101222,095932,20225,142
MOL,0,20101222,095947,20250,10
MOL,0,20101222,095947,20250,50
MOL,0,20101222,095947,20250,30
KEG,0,20101222,095951,142,2
MOL,0,20101222,100007,20250,77
OTP,0,20101222,100011,5230,5000
TVK,0,20101222,100019,3375,10
TVK,0,20101222,100019,3375,66
MOL,0,20101222,100024,20250,51
OTP,0,20101222,100024,5230,10
EGIS,0,20101222,100026,20095,3
OTP,0,20101222,100125,5230,50
RABA,0,20101222,100130,811,250
OTP,0,20101222,100133,5233,100
MOL,0,20101222,100135,20270,20
MOL,0,20101222,100135,20285,150
MOL,0,20101222,100135,20290,50
MOL,0,20101222,100135,20290,30
MOL,0,20101222,100135,20290,10
MOL,0,20101222,100135,20290,4
MOL,0,20101222,100135,20295,94
MOL,0,20101222,100139,20295,6
MOL,0,20101222,100139,20295,500
MOL,0,20101222,100139,20295,30
MOL,0,20101222,100139,20300,50
MOL,0,20101222,100139,20300,200
MOL,0,20101222,100139,20300,29
MOL,0,20101222,100139,20300,200
MOL,0,20101222,100139,20300,25
MOL,0,20101222,100139,20300,12
MOL,0,20101222,100139,20300,200
MOL,0,20101222,100139,20300,8
MOL,0,20101222,100139,20300,150
MOL,0,20101222,100139,20300,30
MOL,0,20101222,100143,20250,20
BUX1112,0,20101222,100144,22030,1
BUX1112,0,20101222,100144,22044,1
BUX1112,0,20101222,100144,22044,4
BUX1112,0,20101222,100144,22044.5,1
BUX1112,0,20101222,100144,22045,7
BUX1112,0,20101222,100144,22047,5
BUX1112,0,20101222,100144,22049.5,2
BUX1112,0,20101222,100144,22049.5,25
BUX1112,0,20101222,100144,22050,25
BUX1112,0,20101222,100144,22050,5
EGIS,0,20101222,100146,20095,7
EGIS,0,20101222,100146,20080,5
EGIS,0,20101222,100146,20080,26
FHB,0,20101222,100146,968,299
MOL,0,20101222,100146,20250,47
MOL,0,20101222,100146,20230,250
MOL,0,20101222,100146,20225,21
MTELEKOM,0,20101222,100146,521,738
MTELEKOM,0,20101222,100146,521,100
MTELEKOM,0,20101222,100146,521,1837
MTELEKOM,0,20101222,100146,521,500
MTELEKOM,0,20101222,100146,520,370
MTELEKOM,0,20101222,100146,520,1218
OTP,0,20101222,100147,5230,1288
RICHTER,0,20101222,100147,42200,12
RICHTER,0,20101222,100147,42200,1
RICHTER,0,20101222,100147,42110,8
RICHTER,0,20101222,100147,42110,30
RICHTER,0,20101222,100147,42100,48
OTP,0,20101222,100152,5233,26
MTELEKOM,0,20101222,100157,521,720
TVK,0,20101222,100157,3380,28
MTELEKOM,0,20101222,100157,521,13585
RICHTER,0,20101222,100201,42260,24
MOL,0,20101222,100210,20250,10
EGIS,0,20101222,100212,20200,90
MOL,0,20101222,100215,20300,50
MOL,0,20101222,100215,20300,500
MOL,0,20101222,100245,20300,50
MTELEKOM,0,20101222,100246,521,4000
BUX1112,0,20101222,100254,22066,1
BUX1112,0,20101222,100254,22066,1
BUX1112,0,20101222,100254,22067,1
OTP,0,20101222,100257,5233,2
BOOK,0,20101222,100305,478,99
MOL,0,20101222,100337,20300,16
OTP,0,20101222,100341,5233,131
OTP,0,20101222,100341,5231,390
OTP,0,20101222,100341,5230,3652
OTP,0,20101222,100341,5230,3000
OTP,0,20101222,100341,5230,2000
OTP,0,20101222,100341,5224,1323
OTP,0,20101222,100341,5221,2
OTP,0,20101222,100341,5221,1200
OTP,0,20101222,100341,5221,200
OTP,0,20101222,100341,5220,626
OTP,0,20101222,100341,5220,1000
OTP,0,20101222,100341,5220,1476
BOOK,0,20101222,100348,479,100
MTELEKOM,0,20101222,100411,521,100
MOL,0,20101222,100417,20300,15
MOL,0,20101222,100434,20305,10
OTP,0,20101222,100445,5225,1000
MOL,0,20101222,100451,20300,10
OTP,0,20101222,100456,5230,10
MOL,0,20101222,100501,20300,209
MOL,0,20101222,100502,20300,291
RICHTER,0,20101222,100502,42100,3
MOL,0,20101222,100507,20300,77
MOL,0,20101222,100513,20300,223
MOL,0,20101222,100515,20300,277
MOL,0,20101222,100518,20300,11
MOL,0,20101222,100523,20300,50
MTELEKOM,0,20101222,100525,520,100
MOL,0,20101222,100530,20305,15
MOL,0,20101222,100532,20310,10
MOL,0,20101222,100535,20305,485
MOL,0,20101222,100535,20305,15
MOL,0,20101222,100540,20305,100
RFV,0,20101222,100543,8452,500
MTELEKOM,0,20101222,100544,520,2000
KEG,0,20101222,100549,141,770
KEG,0,20101222,100549,142,230
MOL,0,20101222,100553,20310,30
MTELEKOM,0,20101222,100555,520,10000
MTELEKOM,0,20101222,100559,520,382
MTELEKOM,0,20101222,100559,520,10
MTELEKOM,0,20101222,100559,520,20
MTELEKOM,0,20101222,100559,520,1500
MTELEKOM,0,20101222,100559,520,100
MTELEKOM,0,20101222,100559,520,200
MTELEKOM,0,20101222,100607,519,835
MTELEKOM,0,20101222,100607,519,665
MTELEKOM,0,20101222,100607,519,300
MTELEKOM,0,20101222,100607,519,1500
MTELEKOM,0,20101222,100607,519,300
MTELEKOM,0,20101222,100607,519,1000
OTP,0,20101222,100613,5228,94
OTP,0,20101222,100613,5230,990
PANNERGY,0,20101222,100614,915,2000
MOL,0,20101222,100629,20310,10
OTP,0,20101222,100631,5225,3916
OTP,0,20101222,100631,5223,1500
OTP,0,20101222,100631,5222,2000
OTP,0,20101222,100631,5222,100
OTP,0,20101222,100631,5221,2000
OTP,0,20101222,100631,5220,1024
OTP,0,20101222,100631,5220,50
OTP,0,20101222,100631,5220,15
OTP,0,20101222,100631,5220,1000
OTP,0,20101222,100631,5220,1500
OTP,0,20101222,100634,5220,1895
FHB,0,20101222,100635,970,2030
MOL,0,20101222,100637,20310,50
OTP,0,20101222,100640,5220,1000
OTP,0,20101222,100640,5220,500
MOL,0,20101222,100652,20310,18
BUX1112,0,20101222,100652,22050,24
MOL,0,20101222,100656,20310,10
EGIS,0,20101222,100702,20100,20
MOL,0,20101222,100704,20310,200
MTELEKOM,0,20101222,100708,519,1000
MTELEKOM,0,20101222,100708,519,500
MTELEKOM,0,20101222,100708,519,6000
MOL,0,20101222,100710,20310,30
MTELEKOM,0,20101222,100716,519,948
MOL,0,20101222,100721,20310,2
MOL,0,20101222,100721,20305,198
MOL,0,20101222,100727,20310,43
MOL,0,20101222,100727,20305,157
OTP,0,20101222,100733,5230,10
OTP,0,20101222,100733,5230,70
MOL,0,20101222,100737,20310,5
RICHTER,0,20101222,100744,42200,3
MOL,0,20101222,100814,20310,30
EGIS,0,20101222,100819,20090,9
EGIS,0,20101222,100819,20085,1
RICHTER,0,20101222,100830,42200,37
RICHTER,0,20101222,100836,42200,113
RICHTER,0,20101222,100836,42230,587
ORC,0,20101222,100839,1960,52
ORC,0,20101222,100839,1950,18
EGIS,0,20101222,100846,20175,5
EGIS,0,20101222,100846,20180,40
OTP,0,20101222,100847,5225,13
KEG,0,20101222,100856,142,437
MTELEKOM,0,20101222,100859,520,400
MTELEKOM,0,20101222,100906,520,100
OTP,0,20101222,100914,5225,92
OTP,0,20101222,100916,5222,70
OTP,0,20101222,100916,5222,622
OTP,0,20101222,100924,5222,2027
OTP,0,20101222,100937,5221,8
RICHTER,0,20101222,100938,42195,6
RICHTER,0,20101222,100938,42200,21
RICHTER,0,20101222,100938,42200,11
OTP,0,20101222,100943,5228,50
MOL,0,20101222,100949,20315,30
MOL,0,20101222,100949,20315,16
MTELEKOM,0,20101222,100954,519,500
MTELEKOM,0,20101222,100954,519,1000
MOL,0,20101222,100959,20310,195
OTP,0,20101222,100959,5229,20
OTP,0,20101222,100959,5230,30
OTP,0,20101222,100959,5221,1175
RICHTER,0,20101222,101002,42100,18
MOL,0,20101222,101002,20310,305
MOL,0,20101222,101007,20305,30
MOL,0,20101222,101007,20305,54
MOL,0,20101222,101008,20305,76
RICHTER,0,20101222,101009,42100,60
MTELEKOM,0,20101222,101013,519,2000
MOL,0,20101222,101021,20305,370
MOL,0,20101222,101021,20300,80
MOL,0,20101222,101028,20300,5
SYNERGON,0,20101222,101028,490,100
MTELEKOM,0,20101222,101035,518,125
MTELEKOM,0,20101222,101035,518,1000
MTELEKOM,0,20101222,101035,518,1640
MTELEKOM,0,20101222,101035,518,1000
MTELEKOM,0,20101222,101035,518,3785
HUMET,0,20101222,101038,9,8400
ZWACK,0,20101222,101044,13100,13
MTELEKOM,0,20101222,101053,518,215
MTELEKOM,0,20101222,101053,518,200
MTELEKOM,0,20101222,101053,518,300
MTELEKOM,0,20101222,101053,518,200
MTELEKOM,0,20101222,101053,518,100
MTELEKOM,0,20101222,101053,518,200
MTELEKOM,0,20101222,101053,518,500
MTELEKOM,0,20101222,101053,518,800
MTELEKOM,0,20101222,101053,518,5000
MTELEKOM,0,20101222,101053,518,100
MTELEKOM,0,20101222,101053,518,400
MOL,0,20101222,101059,20300,192
MOL,0,20101222,101059,20300,8
MOL,0,20101222,101100,20315,4
MOL,0,20101222,101100,20315,139
MOL,0,20101222,101100,20320,25
MOL,0,20101222,101100,20320,10
MOL,0,20101222,101100,20320,15
MOL,0,20101222,101100,20325,40
MOL,0,20101222,101100,20325,25
MOL,0,20101222,101100,20325,7
MOL,0,20101222,101100,20325,2
MOL,0,20101222,101108,20310,140
MTELEKOM,0,20101222,101110,518,5300
MTELEKOM,0,20101222,101132,518,500
MTELEKOM,0,20101222,101133,518,1000
MOL,0,20101222,101140,20315,280
MOL,0,20101222,101141,20300,7
MTELEKOM,0,20101222,101151,518,1000
MOL,0,20101222,101159,20300,6
MTELEKOM,0,20101222,101209,518,1000
MTELEKOM,0,20101222,101230,518,150
OTP,0,20101222,101235,5230,4
MOL,0,20101222,101238,20300,200
MTELEKOM,0,20101222,101242,518,1900
MTELEKOM,0,20101222,101244,518,450
MTELEKOM,0,20101222,101244,518,1200
MOL,0,20101222,101249,20315,300
RICHTER,0,20101222,101251,42200,14
RICHTER,0,20101222,101251,42200,3
OTP,0,20101222,101259,5230,896
OTP,0,20101222,101259,5230,104
MTELEKOM,0,20101222,101324,518,50
MTELEKOM,0,20101222,101324,518,450
MTELEKOM,0,20101222,101409,518,1340
EGIS,0,20101222,101417,20150,23
MTELEKOM,0,20101222,101421,518,3660
KEG,0,20101222,101441,141,850
EGIS,0,20101222,101452,20150,62
OTP,0,20101222,101501,5222,15
RICHTER,0,20101222,101502,42100,1
RICHTER,0,20101222,101502,42100,2
MOL,0,20101222,101506,20260,150
MOL,0,20101222,101506,20255,210
MOL,0,20101222,101512,20260,78
OTP,0,20101222,101550,5222,185
OTP,0,20101222,101550,5229,100
OTP,0,20101222,101550,5230,396
OTP,0,20101222,101550,5230,6
OTP,0,20101222,101550,5230,200
OTP,0,20101222,101550,5230,262
BUX1112,0,20101222,101610,22049.5,1
TVK,0,20101222,101648,3380,12
OTP,0,20101222,101657,5230,480
DANUBIUS,0,20101222,101701,4400,1000
MOL,0,20101222,101708,20290,1
OTP,0,20101222,101729,5231,257
OTP,0,20101222,101751,5230,40
OTP,0,20101222,101753,5230,44
OTP,0,20101222,101754,5231,3
FHB,0,20101222,101754,971,400
OTP,0,20101222,101814,5233,27
OTP,0,20101222,101829,5231,560
MOL,0,20101222,101832,20260,50
PANNERGY,0,20101222,101849,915,100
MTELEKOM,0,20101222,101856,519,1000
MOL,0,20101222,101905,20260,5
MOL,0,20101222,101908,20260,17
MOL,0,20101222,101908,20255,2
MOL,0,20101222,101909,20270,110
MOL,0,20101222,101909,20255,100
PANNERGY,0,20101222,101914,916,50
MOL,0,20101222,101916,20260,10
MOL,0,20101222,101920,20260,100
OTP,0,20101222,101928,5231,2500
MTELEKOM,0,20101222,101935,519,1000
TVK,0,20101222,101950,3385,20
PHYLAXIA,0,20101222,101959,44,2000
PHYLAXIA,0,20101222,101959,44,350
OTP,0,20101222,102006,5230,150
OTP,0,20101222,102009,5230,1000
MOL,0,20101222,102012,20260,30
OTP,0,20101222,102012,5230,2000
MOL,0,20101222,102014,20260,2
OTP,0,20101222,102014,5230,137
MOL,0,20101222,102019,20255,18
MOL,0,20101222,102019,20255,27
FHB,0,20101222,102019,973,150
OTP,0,20101222,102021,5221,570
BUX1112,0,20101222,102031,22040,4
PHYLAXIA,0,20101222,102047,44,1050
PHYLAXIA,0,20101222,102047,44,1950
MOL,0,20101222,102102,20255,40
OTP,0,20101222,102107,5221,247
OTP,0,20101222,102107,5221,1190
BUX1112,0,20101222,102121,22040,1
MOL,0,20101222,102130,20270,5
OTP,0,20101222,102138,5221,100
PANNERGY,0,20101222,102143,915,467
MOL,0,20101222,102203,20270,34
OTP,0,20101222,102204,5225,2500
TVNETWORK,0,20101222,102238,297,220
PANNERGY,0,20101222,102242,915,13
MOL,0,20101222,102317,20270,2
MOL,0,20101222,102333,20270,20
GENESIS,0,20101222,102337,200,6
OTP,0,20101222,102343,5222,90
PANNERGY,0,20101222,102409,913,720
OTP,0,20101222,102424,5222,43
MOL,0,20101222,102444,20255,100
OTP,0,20101222,102445,5221,710
OTP,0,20101222,102445,5220,377
MOL,0,20101222,102456,20260,30
MOL,0,20101222,102456,20270,44
MOL,0,20101222,102456,20285,50
MOL,0,20101222,102456,20285,10
MTELEKOM,0,20101222,102508,518,500
MOL,0,20101222,102512,20255,33
MOL,0,20101222,102512,20255,44
RICHTER,0,20101222,102520,42200,1
RICHTER,0,20101222,102520,42200,27
MOL,0,20101222,102539,20260,5
MTELEKOM,0,20101222,102552,519,1425
OTP,0,20101222,102609,5225,10
OTP,0,20101222,102609,5223,16
RABA,0,20101222,102610,810,180
OTP,0,20101222,102618,5227,425
OTP,0,20101222,102618,5229,300
OTP,0,20101222,102618,5230,363
OTP,0,20101222,102618,5230,25
OTP,0,20101222,102618,5230,250
OTP,0,20101222,102618,5230,36
OTP,0,20101222,102630,5230,601
BUX1112,0,20101222,102656,22040,1
MTELEKOM,0,20101222,102753,518,840
MTELEKOM,0,20101222,102753,518,180
MTELEKOM,0,20101222,102753,518,500
MTELEKOM,0,20101222,102753,518,1480
FHB,0,20101222,102756,972,2250
OTP,0,20101222,102803,5230,399
OTP,0,20101222,102803,5230,250
OTP,0,20101222,102803,5230,200
EGIS,0,20101222,102812,20150,28
OTP,0,20101222,102828,5231,3000
FHB,0,20101222,102830,973,50
FHB,0,20101222,102830,973,200
MTELEKOM,0,20101222,102833,519,1692
OTP,0,20101222,102838,5233,13
OTP,0,20101222,102838,5234,500
OTP,0,20101222,102838,5235,50
OTP,0,20101222,102838,5235,103
OTP,0,20101222,102838,5235,500
OTP,0,20101222,102838,5236,40
OTP,0,20101222,102838,5237,794
OTP,0,20101222,102841,5231,1370
BUX1112,0,20101222,102848,22040,1
BUX1112,0,20101222,102848,22040,1
TVK,0,20101222,102853,3385,10
SYNERGON,0,20101222,102927,490,1
EGIS,0,20101222,102937,20150,50
MTELEKOM,0,20101222,102945,519,500
MTELEKOM,0,20101222,103000,519,883
MTELEKOM,0,20101222,103000,519,117
RICHTER,0,20101222,103002,42115,1
MTELEKOM,0,20101222,103008,519,467
MTELEKOM,0,20101222,103008,519,4533
MOL,0,20101222,103012,20260,77
MTELEKOM,0,20101222,103017,519,467
MTELEKOM,0,20101222,103017,519,4000
MTELEKOM,0,20101222,103017,519,1282
MTELEKOM,0,20101222,103027,519,1000
RICHTER,0,20101222,103028,42200,25
MTELEKOM,0,20101222,103036,519,718
MTELEKOM,0,20101222,103036,519,782
MTELEKOM,0,20101222,103048,519,4218
MTELEKOM,0,20101222,103049,520,5000
EGIS,0,20101222,103052,20150,3
RABA,0,20101222,103053,810,62
MTELEKOM,0,20101222,103055,519,5000
MOL,0,20101222,103112,20260,10
MTELEKOM,0,20101222,103120,520,23
MOL,0,20101222,103139,20270,65
RABA,0,20101222,103147,810,54
BUX1112,0,20101222,103154,22040,4
MOL,0,20101222,103154,20260,48
MOL,0,20101222,103154,20255,200
OTP,0,20101222,103252,5231,20
EGIS,0,20101222,103308,20150,8
OTP,0,20101222,103409,5231,100
MOL,0,20101222,103421,20255,2
MOL,0,20101222,103421,20270,20
MOL,0,20101222,103421,20275,40
RICHTER,0,20101222,103502,42150,1
MOL,0,20101222,103512,20250,77
MOL,0,20101222,103515,20250,4
MTELEKOM,0,20101222,103524,520,100
MTELEKOM,0,20101222,103532,519,150
ECONET,0,20101222,103548,90,1760
RICHTER,0,20101222,103628,42150,2
MOL,0,20101222,103628,20270,265
PANNERGY,0,20101222,103637,913,110
FHB,0,20101222,103722,974,330
FHB,0,20101222,103722,974,500
FHB,0,20101222,103722,975,120
FHB,0,20101222,103722,975,1280
FHB,0,20101222,103736,975,720
FHB,0,20101222,103736,975,1000
MOL,0,20101222,103748,20270,20
MOL,0,20101222,103748,20275,3
MOL,0,20101222,103748,20275,3000
OTP,0,20101222,103754,5231,40
MOL,0,20101222,103804,20280,36
MOL,0,20101222,103804,20275,500
MOL,0,20101222,103846,20280,4
MOL,0,20101222,103846,20280,50
MOL,0,20101222,103846,20285,13
MOL,0,20101222,103846,20285,80
MOL,0,20101222,103846,20285,4
MOL,0,20101222,103846,20285,94
MTELEKOM,0,20101222,103951,520,1862
OTP,0,20101222,104008,5231,105
MOL,0,20101222,104012,20275,76
OTP,0,20101222,104113,5232,300
OTP,0,20101222,104113,5231,360
MTELEKOM,0,20101222,104118,520,30
MTELEKOM,0,20101222,104202,520,240
BUX1112,0,20101222,104246,22040,20
BUX1112,0,20101222,104246,22047,1
BUX1112,0,20101222,104246,22049.5,1
BUX1112,0,20101222,104246,22050,2
BUX1112,0,20101222,104246,22050,5
BUX1112,0,20101222,104246,22050,1
EGIS,0,20101222,104307,20150,16
BUX1112,0,20101222,104314,22050,5
RICHTER,0,20101222,104315,42150,7
RICHTER,0,20101222,104315,42115,19
RICHTER,0,20101222,104315,42100,1
RICHTER,0,20101222,104315,42100,6
RICHTER,0,20101222,104315,42100,5
MOL,0,20101222,104402,20275,15
MTELEKOM,0,20101222,104404,519,632
MTELEKOM,0,20101222,104404,519,100
MTELEKOM,0,20101222,104404,519,10
MTELEKOM,0,20101222,104404,519,1500
MTELEKOM,0,20101222,104404,519,641
MOL,0,20101222,104421,20275,5
OTP,0,20101222,104427,5235,160
OTP,0,20101222,104427,5237,43
MOL,0,20101222,104431,20275,6
RICHTER,0,20101222,104502,42090,1
OTP,0,20101222,104502,5231,5
OTP,0,20101222,104502,5230,151
OTP,0,20101222,104502,5230,95
OTP,0,20101222,104502,5230,24
OTP,0,20101222,104502,5230,185
OTP,0,20101222,104502,5230,4300
OTP,0,20101222,104502,5230,240
FREESOFT,0,20101222,104503,1956,20
MOL,0,20101222,104512,20255,77
RABA,0,20101222,104515,807,290
BUX1112,0,20101222,104519,22065.5,1
BUX1112,0,20101222,104519,22066,2
BUX1112,0,20101222,104519,22066,1
BUX1112,0,20101222,104519,22067,1
BUX1112,0,20101222,104519,22067,2
BUX1112,0,20101222,104519,22067.5,2
BUX1112,0,20101222,104519,22068,10
BUX1112,0,20101222,104519,22068,5
BUX1112,0,20101222,104519,22070,5
BUX1112,0,20101222,104519,22070,25
BUX1112,0,20101222,104519,22070,1
BUX1112,0,20101222,104519,22070,1
EGIS,0,20101222,104520,20105,9
EGIS,0,20101222,104520,20100,29
FHB,0,20101222,104521,968,51
FHB,0,20101222,104521,968,248
MOL,0,20101222,104521,20255,133
MOL,0,20101222,104521,20250,129
MOL,0,20101222,104521,20250,56
MTELEKOM,0,20101222,104521,519,1163
MTELEKOM,0,20101222,104521,519,500
MTELEKOM,0,20101222,104521,518,20
MTELEKOM,0,20101222,104521,518,2000
MTELEKOM,0,20101222,104521,518,288
MTELEKOM,0,20101222,104521,518,792
OTP,0,20101222,104521,5230,760
OTP,0,20101222,104521,5224,528
RICHTER,0,20101222,104521,42090,6
RICHTER,0,20101222,104521,42060,9
RICHTER,0,20101222,104521,42055,20
RICHTER,0,20101222,104521,42050,64
ZWACK,0,20101222,104531,13100,10
BUX1112,0,20101222,104539,22070,9
KEG,0,20101222,104542,140,88
KEG,0,20101222,104542,139,412
EGIS,0,20101222,104547,20100,70
PHYLAXIA,0,20101222,104706,44,50
PHYLAXIA,0,20101222,104706,44,450
OTP,0,20101222,104711,5227,660
OTP,0,20101222,104723,5230,65
KEG,0,20101222,104725,140,500
KEG,0,20101222,104738,140,17
MOL,0,20101222,104746,20255,20
MOL,0,20101222,104746,20260,32
MTELEKOM,0,20101222,104746,520,500
MOL,0,20101222,104754,20260,18
MOL,0,20101222,104754,20260,27
MTELEKOM,0,20101222,104759,520,1745
MTELEKOM,0,20101222,104759,520,3255
EGIS,0,20101222,104812,20150,40
KEG,0,20101222,104858,139,2588
KEG,0,20101222,104858,139,700
KEG,0,20101222,104858,139,1000
KEG,0,20101222,104858,139,695
EGIS,0,20101222,104902,20100,1
EGIS,0,20101222,104902,20090,10
OTP,0,20101222,104908,5230,203
MOL,0,20101222,104909,20255,34
OTP,0,20101222,104914,5230,1000
MOL,0,20101222,104916,20250,11
MOL,0,20101222,104916,20245,100
EGIS,0,20101222,104936,20080,4
EGIS,0,20101222,104936,20070,3
EGIS,0,20101222,104936,20070,3
OTP,0,20101222,104942,5230,200
KEG,0,20101222,104957,139,305
KEG,0,20101222,104957,139,430
KEG,0,20101222,104957,139,1000
KEG,0,20101222,104957,139,115
OTP,0,20101222,105000,5230,32
OTP,0,20101222,105000,5230,1968
RICHTER,0,20101222,105002,42050,3
MOL,0,20101222,105012,20245,77
MOL,0,20101222,105040,20245,10
MTELEKOM,0,20101222,105052,520,220
EGIS,0,20101222,105102,20150,150
EGIS,0,20101222,105110,20200,30
EGIS,0,20101222,105129,20200,13
EGIS,0,20101222,105129,20200,40
EGIS,0,20101222,105129,20290,30
EGIS,0,20101222,105129,20295,9
MOL,0,20101222,105254,20250,5
MOL,0,20101222,105254,20260,10
MOL,0,20101222,105254,20275,10
MTELEKOM,0,20101222,105303,520,410
ZWACK,0,20101222,105319,13100,50
ZWACK,0,20101222,105319,13100,45
MOL,0,20101222,105339,20245,12
EGIS,0,20101222,105350,20150,40
DANUBIUS,0,20101222,105359,4410,10
EBGOLD,0,20101222,105404,2939,8
MOL,0,20101222,105424,20245,10
MOL,0,20101222,105512,20250,40
MOL,0,20101222,105512,20250,37
OTP,0,20101222,105528,5226,1
OTP,0,20101222,105528,5226,99
FOTEX,0,20101222,105530,390,100
MOL,0,20101222,105623,20250,48
OTP,0,20101222,105627,5226,10
OTP,0,20101222,105634,5230,32
OTP,0,20101222,105634,5230,20
OTP,0,20101222,105637,5230,1000
MOL,0,20101222,105702,20250,2
MOL,0,20101222,105702,20275,50
SYNERGON,0,20101222,105704,486,1412
EBGOLD,0,20101222,105706,2939,25
ZWACK,0,20101222,105706,13195,10
PHYLAXIA,0,20101222,105737,44,1400
MOL,0,20101222,105743,20245,1
MOL,0,20101222,105743,20245,19
MTELEKOM,0,20101222,105745,520,1000
OTP,0,20101222,105806,5232,1750
PHYLAXIA,0,20101222,105837,44,2500
BUX1112,0,20101222,105839,22050,1
OTP,0,20101222,105859,5231,15
OTP,0,20101222,105859,5230,73
MTELEKOM,0,20101222,105901,519,233
FHB,0,20101222,105908,970,460
OTP,0,20101222,105908,5232,10
OTP,0,20101222,105908,5233,500
OTP,0,20101222,105908,5234,30
OTP,0,20101222,105908,5235,30
OTP,0,20101222,105908,5235,30
OTP,0,20101222,105936,5230,25
OTP,0,20101222,105940,5235,200
MTELEKOM,0,20101222,105945,520,115
MTELEKOM,0,20101222,105945,520,1547
PANNERGY,0,20101222,110004,912,500
PANNERGY,0,20101222,110004,912,450
PANNERGY,0,20101222,110004,911,500
PANNERGY,0,20101222,110004,910,10
PANNERGY,0,20101222,110004,910,1000
MOL,0,20101222,110012,20260,31
MOL,0,20101222,110012,20260,46
MOL,0,20101222,110042,20260,1
MOL,0,20101222,110100,20280,10
MOL,0,20101222,110100,20280,6
RICHTER,0,20101222,110102,42125,61
MOL,0,20101222,110113,20285,25
MOL,0,20101222,110132,20285,15
MOL,0,20101222,110132,20285,85
MOL,0,20101222,110132,20290,165
EGIS,0,20101222,110143,20200,58
EGIS,0,20101222,110143,20200,33
OTP,0,20101222,110144,5235,600
SYNERGON,0,20101222,110152,485,60
SYNERGON,0,20101222,110152,485,140
ZWACK,0,20101222,110202,13150,900
RICHTER,0,20101222,110237,42185,20
RICHTER,0,20101222,110237,42190,10
RICHTER,0,20101222,110250,42190,30
SYNERGON,0,20101222,110258,490,16
SYNERGON,0,20101222,110258,490,184
EGIS,0,20101222,110312,20200,9
EGIS,0,20101222,110319,20290,21
KEG,0,20101222,110348,139,280
KEG,0,20101222,110348,139,720
MTELEKOM,0,20101222,110401,519,767
MTELEKOM,0,20101222,110401,519,167
BUX1112,0,20101222,110459,22050,1
RICHTER,0,20101222,110502,42125,4
MOL,0,20101222,110517,20260,30
MOL,0,20101222,110523,20255,48
MTELEKOM,0,20101222,110526,520,143
MTELEKOM,0,20101222,110526,520,2000
MTELEKOM,0,20101222,110526,520,3857
KEG,0,20101222,110528,139,600
OTP,0,20101222,110550,5231,50
OTP,0,20101222,110550,5230,350
OTP,0,20101222,110550,5230,102
OTP,0,20101222,110550,5230,664
MOL,0,20101222,110605,20290,500
KEG,0,20101222,110613,139,700
MOL,0,20101222,110615,20290,335
MOL,0,20101222,110615,20290,5
MOL,0,20101222,110615,20295,160
MOL,0,20101222,110621,20295,500
MOL,0,20101222,110623,20295,340
MOL,0,20101222,110623,20300,160
MOL,0,20101222,110630,20300,640
MOL,0,20101222,110630,20300,860
MOL,0,20101222,110632,20300,140
MOL,0,20101222,110632,20300,55
MOL,0,20101222,110632,20300,100
MOL,0,20101222,110632,20300,10
MOL,0,20101222,110632,20300,50
MOL,0,20101222,110632,20300,145
MOL,0,20101222,110635,20300,22
MOL,0,20101222,110635,20300,317
MOL,0,20101222,110635,20300,100
MOL,0,20101222,110635,20300,20
MOL,0,20101222,110635,20300,2
MOL,0,20101222,110635,20300,10
MOL,0,20101222,110709,20300,5
MOL,0,20101222,110714,20305,250
OTP,0,20101222,110717,5230,170
MOL,0,20101222,110740,20300,10
MOL,0,20101222,110809,20300,14
MOL,0,20101222,110809,20300,66
MOL,0,20101222,110818,20300,150
RICHTER,0,20101222,110832,42190,10
RICHTER,0,20101222,110832,42195,2
RICHTER,0,20101222,110832,42195,8
RICHTER,0,20101222,110832,42195,10
PHYLAXIA,0,20101222,110859,44,650
PHYLAXIA,0,20101222,110859,44,1565
MTELEKOM,0,20101222,110903,520,1143
MTELEKOM,0,20101222,110903,520,523
MTELEKOM,0,20101222,110906,519,1316
MOL,0,20101222,110956,20305,5
MOL,0,20101222,111008,20305,4
MOL,0,20101222,111017,20305,16
MOL,0,20101222,111017,20305,21
MOL,0,20101222,111023,20300,39
TVK,0,20101222,111036,3350,100
TVK,0,20101222,111036,3350,8
MTELEKOM,0,20101222,111101,519,447
MTELEKOM,0,20101222,111101,519,500
MTELEKOM,0,20101222,111101,519,500
OTP,0,20101222,111104,5230,100
MTELEKOM,0,20101222,111109,519,3322
MOL,0,20101222,111114,20300,4
OTP,0,20101222,111117,5230,70
OTP,0,20101222,111130,5234,50
OTP,0,20101222,111130,5234,40
OTP,0,20101222,111130,5235,110
OTP,0,20101222,111142,5235,60
OTP,0,20101222,111142,5235,500
OTP,0,20101222,111142,5235,40
FOTEX,0,20101222,111146,389,2000
KEG,0,20101222,111206,139,1000
MTELEKOM,0,20101222,111211,519,4000
OTP,0,20101222,111214,5235,2000
OTP,0,20101222,111219,5235,1000
MOL,0,20101222,111221,20300,4
OTP,0,20101222,111238,5237,163
OTP,0,20101222,111238,5237,130
OTP,0,20101222,111238,5238,50
OTP,0,20101222,111238,5238,570
OTP,0,20101222,111238,5238,18
OTP,0,20101222,111238,5239,1000
OTP,0,20101222,111238,5239,69
OTP,0,20101222,111238,5239,431
OTP,0,20101222,111238,5239,438
OTP,0,20101222,111238,5239,500
OTP,0,20101222,111238,5240,631
OTP,0,20101222,111239,5240,769
OTP,0,20101222,111239,5240,500
OTP,0,20101222,111239,5240,50
OTP,0,20101222,111239,5240,50
OTP,0,20101222,111239,5240,222
OTP,0,20101222,111239,5240,200
OTP,0,20101222,111239,5240,209
OTP,0,20101222,111240,5240,291
OTP,0,20101222,111240,5240,1709
OTP,0,20101222,111240,5240,2000
OTP,0,20101222,111242,5239,500
OTP,0,20101222,111242,5240,1500
OTP,0,20101222,111244,5240,2000
OTP,0,20101222,111249,5240,161
OTP,0,20101222,111259,5239,4000
BUX1112,0,20101222,111313,22069.5,1
BUX1112,0,20101222,111313,22070,5
BUX1112,0,20101222,111313,22070,2
BUX1112,0,20101222,111313,22070,2
BUX1112,0,20101222,111313,22070,13
DANUBIUS,0,20101222,111317,4410,10
DANUBIUS,0,20101222,111317,4400,227
DANUBIUS,0,20101222,111317,4400,100
DANUBIUS,0,20101222,111317,4400,110
DANUBIUS,0,20101222,111317,4400,90
MTELEKOM,0,20101222,111325,518,300
RICHTER,0,20101222,111344,42175,2
OTP,0,20101222,111357,5239,500
OTP,0,20101222,111357,5240,658
MOL,0,20101222,111400,20305,18
MOL,0,20101222,111400,20310,10
MOL,0,20101222,111400,20310,237
PHYLAXIA,0,20101222,111400,45,2148
OTP,0,20101222,111407,5232,100
MTELEKOM,0,20101222,111421,520,300
MOL,0,20101222,111428,20300,200
MTELEKOM,0,20101222,111430,519,31
MOL,0,20101222,111436,20300,26
MOL,0,20101222,111444,20300,482
MOL,0,20101222,111444,20300,18
MOL,0,20101222,111506,20300,482
MOL,0,20101222,111506,20300,29
MOL,0,20101222,111517,20260,50
MOL,0,20101222,111524,20255,27
MOL,0,20101222,111525,20260,10
FOTEX,0,20101222,111536,390,741
OTP,0,20101222,111545,5239,60
RICHTER,0,20101222,111619,42175,18
MOL,0,20101222,111626,20260,17
MOL,0,20101222,111626,20255,59
MTELEKOM,0,20101222,111701,519,1291
EGIS,0,20101222,111717,20250,46
OTP,0,20101222,111737,5232,1000
OTP,0,20101222,111742,5235,40
OTP,0,20101222,111752,5234,4800
EGIS,0,20101222,111812,20250,19
OTP,0,20101222,111813,5235,142
OTP,0,20101222,111813,5239,440
OTP,0,20101222,111813,5239,9418
GENESIS,0,20101222,111817,195,500
EGIS,0,20101222,111822,20285,4
OTP,0,20101222,111851,5232,900
OTP,0,20101222,111851,5230,496
OTP,0,20101222,111851,5230,1000
OTP,0,20101222,111851,5230,2604
OTP,0,20101222,111902,5235,2000
RICHTER,0,20101222,112002,42125,1
MOL,0,20101222,112017,20255,40
MOL,0,20101222,112017,20255,37
MTELEKOM,0,20101222,112055,520,410
MTELEKOM,0,20101222,112057,520,500
OTP,0,20101222,112120,5235,500
FHB,0,20101222,112145,971,2500
MOL,0,20101222,112154,20255,64
RICHTER,0,20101222,112213,42125,5
RICHTER,0,20101222,112221,42125,74
FHB,0,20101222,112223,971,2500
KEG,0,20101222,112318,141,1
FHB,0,20101222,112401,971,300
MTELEKOM,0,20101222,112410,519,73
MTELEKOM,0,20101222,112410,519,422
RICHTER,0,20101222,112433,42100,5
OTP,0,20101222,112440,5235,300
RICHTER,0,20101222,112502,42055,2
MTELEKOM,0,20101222,112512,520,570
MOL,0,20101222,112517,20255,9
MOL,0,20101222,112517,20255,68
OTP,0,20101222,112604,5235,1700
OTP,0,20101222,112604,5235,1000
RICHTER,0,20101222,112614,42100,1
KEG,0,20101222,112629,141,394
KEG,0,20101222,112629,141,700
KEG,0,20101222,112629,141,1000
KEG,0,20101222,112629,141,900
OTP,0,20101222,112720,5235,60
EGIS,0,20101222,112726,20290,19
EGIS,0,20101222,112726,20295,6
OTP,0,20101222,112731,5235,1940
GENESIS,0,20101222,112744,197,2500
EGIS,0,20101222,112757,20200,60
ZWACK,0,20101222,112805,13150,5
ZWACK,0,20101222,112805,13150,195
MTELEKOM,0,20101222,112811,519,1187
ZWACK,0,20101222,112834,13150,5
ZWACK,0,20101222,112834,13150,195
ZWACK,0,20101222,112853,13150,5
ZWACK,0,20101222,112853,13150,95
MTELEKOM,0,20101222,112916,520,1721
MTELEKOM,0,20101222,112937,519,2391
MTELEKOM,0,20101222,112937,519,400
MOL,0,20101222,112953,20290,60
MOL,0,20101222,112954,20290,40
MOL,0,20101222,112954,20290,10
MOL,0,20101222,112954,20290,20
MOL,0,20101222,112954,20295,195
OTP,0,20101222,113003,5238,157
BUX1112,0,20101222,113007,22030,1
BUX1112,0,20101222,113008,22030,1
MOL,0,20101222,113017,20280,27
OTP,0,20101222,113018,5238,399
MOL,0,20101222,113024,20255,32
MOL,0,20101222,113024,20255,18
EGIS,0,20101222,113036,20110,5
EGIS,0,20101222,113036,20105,34
EGIS,0,20101222,113036,20100,41
MTELEKOM,0,20101222,113037,519,2000
ZWACK,0,20101222,113042,13150,5
ZWACK,0,20101222,113042,13150,95
OTP,0,20101222,113134,5230,10
ECONET,0,20101222,113137,90,529
ECONET,0,20101222,113137,90,1200
ECONET,0,20101222,113137,90,1000
ECONET,0,20101222,113137,90,1500
ECONET,0,20101222,113137,90,1171
RICHTER,0,20101222,113204,42100,25
MOL,0,20101222,113211,20255,82
MOL,0,20101222,113211,20255,100
MOL,0,20101222,113211,20255,100
MOL,0,20101222,113211,20250,18
RABA,0,20101222,113309,807,500
EGIS,0,20101222,113313,20190,5
EGIS,0,20101222,113323,20195,32
EGIS,0,20101222,113332,20200,20
MOL,0,20101222,113340,20250,132
MOL,0,20101222,113340,20245,75
MOL,0,20101222,113340,20245,200
MOL,0,20101222,113340,20245,128
BUX1112,0,20101222,113405,22048.5,1
BUX1112,0,20101222,113405,22049,1
OTP,0,20101222,113409,5235,10
MTELEKOM,0,20101222,113411,518,1392
KEG,0,20101222,113450,142,4331
KEG,0,20101222,113450,142,1000
KEG,0,20101222,113450,142,1069
MOL,0,20101222,113455,20250,30
RICHTER,0,20101222,113507,42080,1
MOL,0,20101222,113517,20250,76
MOL,0,20101222,113519,20260,80
RICHTER,0,20101222,113527,42100,7
RABA,0,20101222,113553,808,4600
ECONET,0,20101222,113625,90,1829
ECONET,0,20101222,113625,90,1000
ECONET,0,20101222,113625,90,6500
ECONET,0,20101222,113625,90,4500
ECONET,0,20101222,113625,90,3000
ECONET,0,20101222,113625,90,3273
OTP,0,20101222,113709,5238,444
OTP,0,20101222,113710,5239,25
ETFBUXOTP,0,20101222,113734,900,50
MTELEKOM,0,20101222,113735,519,11
OTP,0,20101222,113736,5239,3
MOL,0,20101222,113736,20260,1
OTP,0,20101222,113737,5238,30
OTP,0,20101222,113740,5238,526
MTELEKOM,0,20101222,113749,519,1851
MOL,0,20101222,113750,20260,300
ECONET,0,20101222,113755,90,727
ECONET,0,20101222,113755,90,4273
MOL,0,20101222,113755,20260,200
ZWACK,0,20101222,113914,13170,523
RFV,0,20101222,113916,8470,51
RFV,0,20101222,113916,8452,1
RFV,0,20101222,113916,8452,6
RFV,0,20101222,113916,8451,20
RFV,0,20101222,113916,8450,1
RFV,0,20101222,113916,8450,41
OTP,0,20101222,113956,5236,150
OTP,0,20101222,113956,5235,990
MTELEKOM,0,20101222,114001,519,3200
EGIS,0,20101222,114010,20200,120
OTP,0,20101222,114011,5235,65
MTELEKOM,0,20101222,114012,518,1270
MOL,0,20101222,114017,20265,25
EGIS,0,20101222,114018,20290,9
MOL,0,20101222,114023,20250,52
MOL,0,20101222,114123,20250,92
MOL,0,20101222,114123,20245,12
MOL,0,20101222,114123,20245,200
MOL,0,20101222,114123,20240,458
MOL,0,20101222,114123,20215,300
MOL,0,20101222,114123,20215,200
MOL,0,20101222,114123,20210,238
MOL,0,20101222,114123,20210,45
FOTEX,0,20101222,114128,388,100
FOTEX,0,20101222,114128,388,500
OTP,0,20101222,114150,5232,330
OTP,0,20101222,114153,5235,445
OTP,0,20101222,114153,5238,30
OTP,0,20101222,114153,5239,554
OTP,0,20101222,114153,5239,500
OTP,0,20101222,114153,5239,604
OTP,0,20101222,114153,5239,100
OTP,0,20101222,114153,5240,1972
OTP,0,20101222,114153,5240,1000
OTP,0,20101222,114153,5240,1500
OTP,0,20101222,114153,5244,19
OTP,0,20101222,114153,5245,4
OTP,0,20101222,114153,5245,500
OTP,0,20101222,114153,5245,68
OTP,0,20101222,114153,5247,200
OTP,0,20101222,114153,5247,500
OTP,0,20101222,114153,5247,200
OTP,0,20101222,114153,5248,200
OTP,0,20101222,114153,5248,500
OTP,0,20101222,114153,5248,200
OTP,0,20101222,114153,5248,25
OTP,0,20101222,114153,5248,500
OTP,0,20101222,114153,5249,500
OTP,0,20101222,114153,5249,8
OTP,0,20101222,114153,5249,125
OTP,0,20101222,114153,5249,500
OTP,0,20101222,114153,5249,500
OTP,0,20101222,114153,5249,1000
OTP,0,20101222,114153,5250,1000
OTP,0,20101222,114153,5250,2400
OTP,0,20101222,114153,5250,500
OTP,0,20101222,114153,5250,50
OTP,0,20101222,114153,5250,310
OTP,0,20101222,114153,5250,500
OTP,0,20101222,114153,5250,236
OTP,0,20101222,114153,5250,60
OTP,0,20101222,114153,5250,500
OTP,0,20101222,114153,5250,40
OTP,0,20101222,114153,5250,200
OTP,0,20101222,114157,5250,10750
OTP,0,20101222,114209,5242,200
OTP,0,20101222,114212,5239,240
OTP,0,20101222,114213,5239,2060
OTP,0,20101222,114218,5250,500
OTP,0,20101222,114218,5250,1500
OTP,0,20101222,114218,5250,1000
MOL,0,20101222,114220,20275,50
MOL,0,20101222,114220,20280,10
MOL,0,20101222,114220,20290,27
MOL,0,20101222,114220,20290,10
MOL,0,20101222,114220,20290,80
OTP,0,20101222,114227,5249,2500
OTP,0,20101222,114227,5249,2500
OTP,0,20101222,114236,5250,450
OTP,0,20101222,114236,5250,1000
OTP,0,20101222,114236,5250,550
OTP,0,20101222,114237,5250,378
OTP,0,20101222,114237,5250,2122
OTP,0,20101222,114237,5249,378
OTP,0,20101222,114237,5249,1000
OTP,0,20101222,114247,5250,940
OTP,0,20101222,114254,5249,1000
OTP,0,20101222,114255,5250,2000
OTP,0,20101222,114306,5250,1550
OTP,0,20101222,114309,5250,450
OTP,0,20101222,114312,5250,550
OTP,0,20101222,114333,5250,500
FHB,0,20101222,114334,973,425
MOL,0,20101222,114334,20295,305
OTP,0,20101222,114342,5250,450
OTP,0,20101222,114355,5250,50
OTP,0,20101222,114355,5250,950
MOL,0,20101222,114400,20300,6
FHB,0,20101222,114402,970,40
OTP,0,20101222,114419,5249,25
BUX1112,0,20101222,114449,22048,1
BUX1112,0,20101222,114449,22049,10
BUX1112,0,20101222,114449,22050,25
MOL,0,20101222,114517,20270,77
MTELEKOM,0,20101222,114518,519,1075
MTELEKOM,0,20101222,114531,519,1532
MTELEKOM,0,20101222,114531,519,1468
MTELEKOM,0,20101222,114553,519,3000
EGIS,0,20101222,114558,20200,45
MTELEKOM,0,20101222,114600,519,532
MTELEKOM,0,20101222,114600,519,1394
MTELEKOM,0,20101222,114600,519,3000
MOL,0,20101222,114626,20295,500
MTELEKOM,0,20101222,114652,519,1853
OTP,0,20101222,114655,5249,50
OTP,0,20101222,114711,5249,47
MTELEKOM,0,20101222,114729,519,200
EGIS,0,20101222,114812,20200,17
MOL,0,20101222,114832,20270,10
MOL,0,20101222,114854,20290,20
MOL,0,20101222,114854,20290,78
MOL,0,20101222,114854,20295,154
EGIS,0,20101222,114854,20125,16
EGIS,0,20101222,114854,20115,19
MTELEKOM,0,20101222,114912,519,150
MTELEKOM,0,20101222,114912,519,50
MOL,0,20101222,115022,20270,78
ZWACK,0,20101222,115148,13150,5
ZWACK,0,20101222,115148,13150,195
MOL,0,20101222,115216,20270,27
MTELEKOM,0,20101222,115218,518,982
EGIS,0,20101222,115219,20120,21
EGIS,0,20101222,115219,20115,13
EGIS,0,20101222,115219,20110,1
OTP,0,20101222,115309,5241,10
MTELEKOM,0,20101222,115323,519,247
MTELEKOM,0,20101222,115323,519,53
MTELEKOM,0,20101222,115328,519,1947
MTELEKOM,0,20101222,115328,519,1509
OTP,0,20101222,115343,5241,921
MTELEKOM,0,20101222,115417,519,6544
MTELEKOM,0,20101222,115417,519,1898
MTELEKOM,0,20101222,115417,519,150
RICHTER,0,20101222,115437,42080,4
RICHTER,0,20101222,115437,42055,3
RICHTER,0,20101222,115437,42050,78
RICHTER,0,20101222,115437,42050,10
OTP,0,20101222,115456,5244,93
RICHTER,0,20101222,115507,42030,2
MOL,0,20101222,115522,20280,24
MOL,0,20101222,115529,20275,53
MTELEKOM,0,20101222,115740,519,1408
MTELEKOM,0,20101222,115740,519,292
OTP,0,20101222,115826,5245,51
FOTEX,0,20101222,115827,388,100
FOTEX,0,20101222,115827,387,500
FOTEX,0,20101222,115827,387,700
FOTEX,0,20101222,115827,386,1500
FOTEX,0,20101222,115827,386,500
FOTEX,0,20101222,115827,386,1500
FOTEX,0,20101222,115827,385,9660
FOTEX,0,20101222,115827,385,465
BUX1112,0,20101222,115838,22050,10
FOTEX,0,20101222,115851,385,3869
OTP,0,20101222,115911,5245,266
BUX1112,0,20101222,115915,22050,50
OTP,0,20101222,115917,5245,188
OTP,0,20101222,115917,5245,191
OTP,0,20101222,115917,5245,51
OTP,0,20101222,115917,5250,1070
MOL,0,20101222,115918,20290,20
MOL,0,20101222,115918,20295,20
OTP,0,20101222,115918,5250,980
EGIS,0,20101222,115926,20110,9
EGIS,0,20101222,115926,20110,29
FHB,0,20101222,115927,970,299
MOL,0,20101222,115927,20280,40
MOL,0,20101222,115927,20280,200
MOL,0,20101222,115927,20280,78
MTELEKOM,0,20101222,115927,518,4763
OTP,0,20101222,115927,5250,520
OTP,0,20101222,115927,5244,768
RICHTER,0,20101222,115927,42030,70
RICHTER,0,20101222,115927,42025,20
RICHTER,0,20101222,115927,42020,9
BUX1112,0,20101222,115930,22050,4
EGIS,0,20101222,115931,20110,1
EGIS,0,20101222,115931,20105,5
EGIS,0,20101222,115931,20100,59
EGIS,0,20101222,115931,20075,7
EGIS,0,20101222,115931,20070,8
MOL,0,20101222,115935,20295,36
MOL,0,20101222,115935,20295,229
OTP,0,20101222,115943,5250,28
RICHTER,0,20101222,120007,42020,3
KEG,0,20101222,120015,141,6
KEG,0,20101222,120015,141,614
RICHTER,0,20101222,120020,42020,3
RICHTER,0,20101222,120020,42015,7
ZWACK,0,20101222,120020,13150,5
ZWACK,0,20101222,120020,13150,4
ZWACK,0,20101222,120020,13150,200
MOL,0,20101222,120022,20280,77
MOL,0,20101222,120039,20295,271
MOL,0,20101222,120039,20295,29
MTELEKOM,0,20101222,120051,519,4708
MTELEKOM,0,20101222,120051,519,292
MOL,0,20101222,120102,20295,1
MOL,0,20101222,120102,20300,901
OTP,0,20101222,120111,5244,139
OTP,0,20101222,120111,5241,861
MTELEKOM,0,20101222,120121,519,360
GENESIS,0,20101222,120209,197,499
RICHTER,0,20101222,120245,42015,33
RICHTER,0,20101222,120245,42010,120
RICHTER,0,20101222,120245,42005,23
RICHTER,0,20101222,120245,42005,780
RICHTER,0,20101222,120245,42000,10
RICHTER,0,20101222,120245,42000,3000
RICHTER,0,20101222,120245,42000,11
RICHTER,0,20101222,120245,42000,5
RICHTER,0,20101222,120245,42000,30
OTP,0,20101222,120246,5250,21
MTELEKOM,0,20101222,120249,518,50
RICHTER,0,20101222,120250,42000,964
RICHTER,0,20101222,120250,42000,36
RICHTER,0,20101222,120259,42000,100
RICHTER,0,20101222,120259,42000,100
RICHTER,0,20101222,120259,42000,100
OTP,0,20101222,120303,5250,1951
RICHTER,0,20101222,120312,42000,31
EGIS,0,20101222,120312,20190,10
EGIS,0,20101222,120319,20195,35
OTP,0,20101222,120330,5250,49
EGIS,0,20101222,120332,20200,17
RICHTER,0,20101222,120338,42005,341
OTP,0,20101222,120340,5245,200
OTP,0,20101222,120419,5247,350
MTELEKOM,0,20101222,120426,518,973
MOL,0,20101222,120431,20280,30
MOL,0,20101222,120445,20285,240
MTELEKOM,0,20101222,120448,518,1303
MTELEKOM,0,20101222,120448,518,697
PHYLAXIA,0,20101222,120457,45,850
PHYLAXIA,0,20101222,120457,45,350
MTELEKOM,0,20101222,120500,519,324
MTELEKOM,0,20101222,120500,519,3676
RICHTER,0,20101222,120507,42025,2
RICHTER,0,20101222,120513,42015,50
MOL,0,20101222,120517,20285,17
MOL,0,20101222,120522,20285,76
RICHTER,0,20101222,120523,42010,5
RICHTER,0,20101222,120523,42005,10
OTP,0,20101222,120526,5245,55
OTP,0,20101222,120555,5250,1500
OTP,0,20101222,120556,5250,1451
OTP,0,20101222,120556,5250,49
OTP,0,20101222,120557,5250,102
OTP,0,20101222,120557,5250,1398
OTP,0,20101222,120559,5250,102
OTP,0,20101222,120559,5250,1398
MTELEKOM,0,20101222,120625,519,1324
MTELEKOM,0,20101222,120625,519,19
MTELEKOM,0,20101222,120625,519,368
PHYLAXIA,0,20101222,120647,44,143
OTP,0,20101222,120700,5245,50
ECONET,0,20101222,120704,90,200
MOL,0,20101222,120727,20295,3
MOL,0,20101222,120727,20295,262
OTP,0,20101222,120803,5245,15
OTP,0,20101222,120856,5249,63
MOL,0,20101222,120859,20295,12
OTP,0,20101222,120905,5249,95
MOL,0,20101222,120913,20295,60
RICHTER,0,20101222,120931,42050,5
OTP,0,20101222,120935,5249,217
RICHTER,0,20101222,121007,42015,2
MOL,0,20101222,121022,20290,21
MTELEKOM,0,20101222,121022,518,303
MTELEKOM,0,20101222,121022,518,300
MTELEKOM,0,20101222,121022,518,200
MTELEKOM,0,20101222,121022,518,384
OTP,0,20101222,121024,5245,115
MOL,0,20101222,121032,20285,56
OTP,0,20101222,121036,5245,885
OTP,0,20101222,121036,5245,2000
RICHTER,0,20101222,121049,42100,9
MTELEKOM,0,20101222,121124,518,9242
MOL,0,20101222,121333,20285,91
MOL,0,20101222,121333,20280,55
MOL,0,20101222,121333,20280,120
MOL,0,20101222,121333,20270,258
MOL,0,20101222,121333,20250,152
MOL,0,20101222,121333,20250,324
MOL,0,20101222,121333,20250,134
MOL,0,20101222,121337,20250,116
BUX1112,0,20101222,121337,22065,1
OTP,0,20101222,121433,5244,3365
PANNERGY,0,20101222,121440,910,140
MOL,0,20101222,121522,20265,77
MTELEKOM,0,20101222,121626,518,1327
MTELEKOM,0,20101222,121629,519,132
MTELEKOM,0,20101222,121629,519,1768
MTELEKOM,0,20101222,121645,518,2047
MTELEKOM,0,20101222,121645,518,100
MTELEKOM,0,20101222,121645,518,500
MTELEKOM,0,20101222,121645,518,130
MTELEKOM,0,20101222,121645,518,5000
MTELEKOM,0,20101222,121645,518,500
MTELEKOM,0,20101222,121645,518,3200
MTELEKOM,0,20101222,121645,518,200
MTELEKOM,0,20101222,121645,518,10000
MTELEKOM,0,20101222,121645,518,200
MTELEKOM,0,20101222,121645,518,500
MTELEKOM,0,20101222,121645,518,386
MTELEKOM,0,20101222,121645,518,2237
MTELEKOM,0,20101222,121648,518,7763
MTELEKOM,0,20101222,121648,518,20000
MTELEKOM,0,20101222,121648,518,2000
MTELEKOM,0,20101222,121648,518,61
MTELEKOM,0,20101222,121648,518,1000
MTELEKOM,0,20101222,121648,518,2681
MTELEKOM,0,20101222,121648,518,6000
MTELEKOM,0,20101222,121648,518,110
MOL,0,20101222,121710,20265,33
MOL,0,20101222,121710,20265,100
MOL,0,20101222,121710,20260,367
OTP,0,20101222,121721,5245,5
OTP,0,20101222,121721,5245,5
OTP,0,20101222,121735,5245,1990
MTELEKOM,0,20101222,121809,517,180
MTELEKOM,0,20101222,121809,517,170
MTELEKOM,0,20101222,121809,517,22
EGIS,0,20101222,121812,20200,19
RABA,0,20101222,121829,808,50
RICHTER,0,20101222,121852,42100,41
MTELEKOM,0,20101222,121953,518,1650
MTELEKOM,0,20101222,121953,518,1350
OTP,0,20101222,122006,5242,113
RICHTER,0,20101222,122007,42100,1
MOL,0,20101222,122022,20270,21
MOL,0,20101222,122028,20260,11
MOL,0,20101222,122028,20260,45
MTELEKOM,0,20101222,122028,518,280
OTP,0,20101222,122031,5242,78
OTP,0,20101222,122031,5241,708
OTP,0,20101222,122031,5241,214
MTELEKOM,0,20101222,122046,518,1000
OTP,0,20101222,122104,5241,1786
FOTEX,0,20101222,122120,384,200
MOL,0,20101222,122132,20260,5
MOL,0,20101222,122211,20280,5
FOTEX,0,20101222,122214,384,50
OTP,0,20101222,122228,5240,1000
GENESIS,0,20101222,122305,199,30
PANNERGY,0,20101222,122350,912,120
MOL,0,20101222,122441,20280,5
MOL,0,20101222,122441,20280,20
MOL,0,20101222,122441,20280,166
MOL,0,20101222,122441,20285,74
FREESOFT,0,20101222,122458,2000,35000
OTP,0,20101222,122505,5240,320
MOL,0,20101222,122522,20260,44
MTELEKOM,0,20101222,122558,518,370
MTELEKOM,0,20101222,122558,518,1619
MTELEKOM,0,20101222,122558,518,125
MTELEKOM,0,20101222,122558,518,5000
MTELEKOM,0,20101222,122558,518,5000
OTP,0,20101222,122629,5240,60
OTP,0,20101222,122631,5240,620
MOL,0,20101222,122635,20260,100
OTP,0,20101222,122653,5240,60
OTP,0,20101222,122654,5240,70
MTELEKOM,0,20101222,122724,518,2886
MTELEKOM,0,20101222,122724,518,711
MTELEKOM,0,20101222,122724,518,5000
MTELEKOM,0,20101222,122726,518,200
MTELEKOM,0,20101222,122734,518,1203
MTELEKOM,0,20101222,122738,518,500
TVK,0,20101222,122752,3340,29
TVK,0,20101222,122752,3335,10
TVK,0,20101222,122752,3335,16
OTP,0,20101222,122753,5240,20
MTELEKOM,0,20101222,122756,518,500
MTELEKOM,0,20101222,122756,518,4500
MOL,0,20101222,122859,20260,5
MOL,0,20101222,122927,20260,11
AAA,0,20101222,122939,225,1000
MOL,0,20101222,122949,20260,400
RABA,0,20101222,123020,808,100
MOL,0,20101222,123022,20260,10
MOL,0,20101222,123022,20260,6
OTP,0,20101222,123022,5240,350
OTP,0,20101222,123022,5240,500
OTP,0,20101222,123022,5240,20
SYNERGON,0,20101222,123048,485,59
PANNERGY,0,20101222,123054,910,360
PANNERGY,0,20101222,123110,910,2140
MOL,0,20101222,123123,20260,209
MOL,0,20101222,123123,20260,20
MOL,0,20101222,123158,20255,8
MTELEKOM,0,20101222,123238,518,200
EGIS,0,20101222,123312,20200,6
RABA,0,20101222,123319,808,50
RABA,0,20101222,123319,807,250
RFV,0,20101222,123407,8450,9
MTELEKOM,0,20101222,123431,517,978
MTELEKOM,0,20101222,123431,517,311
MTELEKOM,0,20101222,123456,518,110
MTELEKOM,0,20101222,123459,518,5000
FOTEX,0,20101222,123504,384,300
ZWACK,0,20101222,123506,13140,25
MOL,0,20101222,123522,20255,7
MTELEKOM,0,20101222,123525,518,190
MTELEKOM,0,20101222,123525,518,1446
RICHTER,0,20101222,123538,42145,5
ZWACK,0,20101222,123606,13150,15
OTP,0,20101222,123659,5240,925
MOL,0,20101222,123708,20255,94
MOL,0,20101222,123749,20260,300
OTP,0,20101222,123754,5242,1319
OTP,0,20101222,123812,5240,75
MOL,0,20101222,123814,20275,4
MOL,0,20101222,123820,20255,101
MOL,0,20101222,123820,20250,71
MOL,0,20101222,123827,20275,40
OTP,0,20101222,123837,5240,75
OTP,0,20101222,123837,5244,28
OTP,0,20101222,123837,5245,163
SYNERGON,0,20101222,123838,485,151
MOL,0,20101222,123839,20255,40
MOL,0,20101222,123852,20255,31
EGIS,0,20101222,123904,20105,10
EGIS,0,20101222,123904,20100,20
EGIS,0,20101222,123904,20095,9
EGIS,0,20101222,123904,20095,41
MTELEKOM,0,20101222,123907,518,250
MOL,0,20101222,123926,20250,250
MOL,0,20101222,123941,20250,50
ORC,0,20101222,123946,1950,42
ORC,0,20101222,123946,1945,75
ORC,0,20101222,123946,1940,31
ORC,0,20101222,123946,1940,2
MOL,0,20101222,124022,20250,30
MTELEKOM,0,20101222,124027,517,1188
MOL,0,20101222,124113,20255,29
MOL,0,20101222,124113,20275,6
MOL,0,20101222,124113,20275,20
MOL,0,20101222,124113,20280,210
KEG,0,20101222,124151,142,200
MOL,0,20101222,124152,20250,57
MOL,0,20101222,124152,20250,312
OTP,0,20101222,124156,5235,50
OTP,0,20101222,124156,5235,1438
MOL,0,20101222,124159,20250,631
MTELEKOM,0,20101222,124238,518,265
OTP,0,20101222,124242,5235,12
OTP,0,20101222,124242,5231,48
MTELEKOM,0,20101222,124340,518,291
OTP,0,20101222,124352,5244,1
BUX1112,0,20101222,124404,22026,1
BUX1112,0,20101222,124404,22020,5
BUX1112,0,20101222,124404,22020,10
BUX1112,0,20101222,124404,22015,1
BUX1112,0,20101222,124404,22015,1
BUX1112,0,20101222,124404,22015,10
BUX1112,0,20101222,124415,22015,2
RICHTER,0,20101222,124417,42100,48
RICHTER,0,20101222,124417,42015,2
RICHTER,0,20101222,124451,42015,1
RICHTER,0,20101222,124451,42015,10
RICHTER,0,20101222,124451,42005,149
RICHTER,0,20101222,124451,42005,140
MTELEKOM,0,20101222,124508,518,1857
RICHTER,0,20101222,124512,42005,9
MOL,0,20101222,124522,20250,39
MTELEKOM,0,20101222,124607,518,891
MTELEKOM,0,20101222,124607,518,706
MTELEKOM,0,20101222,124607,518,1403
MOL,0,20101222,124744,20260,13
EGIS,0,20101222,124813,20150,26
OTP,0,20101222,124846,5231,252
OTP,0,20101222,124846,5231,48
EGIS,0,20101222,124852,20150,54
OTP,0,20101222,124930,5231,4
MTELEKOM,0,20101222,124956,518,441
MTELEKOM,0,20101222,124956,518,5559
MTELEKOM,0,20101222,125006,518,4000
MOL,0,20101222,125007,20265,6
MTELEKOM,0,20101222,125008,518,240
MOL,0,20101222,125022,20250,1
OTP,0,20101222,125035,5236,1494
RICHTER,0,20101222,125050,42145,15
MTELEKOM,0,20101222,125100,518,201
MTELEKOM,0,20101222,125100,518,4799
MTELEKOM,0,20101222,125101,518,201
MTELEKOM,0,20101222,125101,518,299
MOL,0,20101222,125113,20250,120
MTELEKOM,0,20101222,125130,518,180
MTELEKOM,0,20101222,125152,518,1024
MTELEKOM,0,20101222,125152,518,1976
MTELEKOM,0,20101222,125156,518,1000
MTELEKOM,0,20101222,125158,517,1350
MOL,0,20101222,125205,20250,298
MOL,0,20101222,125212,20250,1235
MTELEKOM,0,20101222,125246,518,600
GENESIS,0,20101222,125254,199,670
RABA,0,20101222,125259,807,118
MTELEKOM,0,20101222,125300,518,1000
OTP,0,20101222,125320,5243,1
MTELEKOM,0,20101222,125323,518,20
OTP,0,20101222,125334,5232,10
MTELEKOM,0,20101222,125339,518,404
MTELEKOM,0,20101222,125340,518,1037
OTP,0,20101222,125347,5243,11
MOL,0,20101222,125358,20250,400
MOL,0,20101222,125522,20250,58
MOL,0,20101222,125532,20250,500
MOL,0,20101222,125604,20250,1
OTP,0,20101222,125631,5235,170
OTP,0,20101222,125644,5233,50
MTELEKOM,0,20101222,125648,518,559
MTELEKOM,0,20101222,125648,518,1845
MTELEKOM,0,20101222,125648,518,30
MTELEKOM,0,20101222,125648,518,17
MTELEKOM,0,20101222,125648,518,15
OTP,0,20101222,125657,5238,1
MTELEKOM,0,20101222,125735,518,500
OTP,0,20101222,125737,5235,24000
MTELEKOM,0,20101222,125814,518,1000
MOL,0,20101222,125816,20250,125
RABA,0,20101222,125831,807,142
MOL,0,20101222,125902,20250,43
MOL,0,20101222,125902,20260,19
OTP,0,20101222,125902,5232,10
MTELEKOM,0,20101222,125911,518,1000
BUX1112,0,20101222,125944,22016,1
PANNERGY,0,20101222,125956,910,310
PANNERGY,0,20101222,125956,910,300
KEG,0,20101222,130004,141,6
OTP,0,20101222,130017,5235,150
MOL,0,20101222,130022,20250,23
MOL,0,20101222,130023,20250,93
MOL,0,20101222,130023,20250,19
MOL,0,20101222,130030,20250,23
MOL,0,20101222,130048,20250,400
MTELEKOM,0,20101222,130048,518,5000
MTELEKOM,0,20101222,130050,518,34
MTELEKOM,0,20101222,130050,518,4966
FOTEX,0,20101222,130053,385,17206
MOL,0,20101222,130103,20260,4
MOL,0,20101222,130103,20260,47
MTELEKOM,0,20101222,130117,518,34
MTELEKOM,0,20101222,130117,518,517
OTP,0,20101222,130118,5235,1500
MTELEKOM,0,20101222,130119,518,1269
OTP,0,20101222,130123,5235,1350
OTP,0,20101222,130123,5237,150
OTP,0,20101222,130148,5237,6
MOL,0,20101222,130214,20250,300
MOL,0,20101222,130221,20255,51
MTELEKOM,0,20101222,130233,518,250
OTP,0,20101222,130235,5235,3000
OTP,0,20101222,130304,5232,10
EGIS,0,20101222,130312,20150,24
MOL,0,20101222,130348,20250,50
MTELEKOM,0,20101222,130348,518,200
MTELEKOM,0,20101222,130415,518,35
MTELEKOM,0,20101222,130415,518,3396
MTELEKOM,0,20101222,130415,518,572
MTELEKOM,0,20101222,130419,519,1821
MOL,0,20101222,130522,20250,12
MOL,0,20101222,130522,20250,20
MOL,0,20101222,130525,20250,180
MOL,0,20101222,130525,20250,19
MOL,0,20101222,130525,20220,40
MOL,0,20101222,130525,20215,210
MOL,0,20101222,130525,20210,217
MOL,0,20101222,130525,20210,10
MOL,0,20101222,130525,20205,300
MOL,0,20101222,130525,20200,5
MOL,0,20101222,130525,20200,400
MOL,0,20101222,130525,20200,114
MTELEKOM,0,20101222,130526,518,736
FOTEX,0,20101222,130533,385,7794
FOTEX,0,20101222,130533,385,5000
FOTEX,0,20101222,130541,385,37206
BUX1112,0,20101222,130547,22016,3
BUX1112,0,20101222,130547,22015,17
MOL,0,20101222,130610,20250,458
MOL,0,20101222,130647,20250,42
OTP,0,20101222,130802,5235,2500
MOL,0,20101222,130831,20260,453
MOL,0,20101222,130831,20260,47
MOL,0,20101222,130831,20260,60
MTELEKOM,0,20101222,131002,518,30
MOL,0,20101222,131022,20255,19
MOL,0,20101222,131022,20250,58
MOL,0,20101222,131022,20250,10
OTP,0,20101222,131045,5235,2500
OTP,0,20101222,131104,5235,491
OTP,0,20101222,131137,5235,700
FHB,0,20101222,131149,972,150
MOL,0,20101222,131150,20250,40
OTP,0,20101222,131155,5235,1000
MOL,0,20101222,131201,20250,50
OTP,0,20101222,131225,5235,809
OTP,0,20101222,131225,5235,96
MTELEKOM,0,20101222,131233,518,231
MTELEKOM,0,20101222,131233,518,1000
MTELEKOM,0,20101222,131233,518,419
MTELEKOM,0,20101222,131234,518,1370
OTP,0,20101222,131236,5235,1500
OTP,0,20101222,131250,5235,75
MTELEKOM,0,20101222,131306,518,5000
MTELEKOM,0,20101222,131341,517,306
MTELEKOM,0,20101222,131348,518,812
MTELEKOM,0,20101222,131348,518,1188
ZWACK,0,20101222,131423,13150,5
ZWACK,0,20101222,131423,13150,145
SYNERGON,0,20101222,131506,489,151
MTELEKOM,0,20101222,131509,518,312
MOL,0,20101222,131522,20250,6
PANNERGY,0,20101222,131534,909,536
PANNERGY,0,20101222,131534,909,300
PANNERGY,0,20101222,131534,908,664
SYNERGON,0,20101222,131608,490,16
SYNERGON,0,20101222,131608,490,33
MTELEKOM,0,20101222,131617,519,1411
MTELEKOM,0,20101222,131617,519,589
MTELEKOM,0,20101222,131619,519,2411
MTELEKOM,0,20101222,131619,519,277
MOL,0,20101222,131630,20250,16
MTELEKOM,0,20101222,131718,519,22
EBGOLD,0,20101222,131757,2931,24
MTELEKOM,0,20101222,131810,519,200
EGIS,0,20101222,131812,20150,7
MTELEKOM,0,20101222,131845,519,9501
MTELEKOM,0,20101222,131845,519,5000
MTELEKOM,0,20101222,131845,519,499
MTELEKOM,0,20101222,131906,518,939
MTELEKOM,0,20101222,131907,519,2
MOL,0,20101222,132031,20250,30
SYNERGON,0,20101222,132045,486,100
PHYLAXIA,0,20101222,132124,45,14
MTELEKOM,0,20101222,132125,518,361
MTELEKOM,0,20101222,132125,518,1715
MTELEKOM,0,20101222,132125,518,1000
MTELEKOM,0,20101222,132125,518,5000
MTELEKOM,0,20101222,132146,518,1000
MTELEKOM,0,20101222,132151,518,200
MOL,0,20101222,132232,20250,200
ZWACK,0,20101222,132241,13150,55
MTELEKOM,0,20101222,132320,518,170
KEG,0,20101222,132340,140,2
KEG,0,20101222,132340,140,592
MTELEKOM,0,20101222,132412,517,835
MTELEKOM,0,20101222,132412,517,2000
MTELEKOM,0,20101222,132412,517,20000
MTELEKOM,0,20101222,132412,517,200
MTELEKOM,0,20101222,132412,517,500
MTELEKOM,0,20101222,132412,517,110
MTELEKOM,0,20101222,132412,517,10000
MTELEKOM,0,20101222,132412,517,10000
MTELEKOM,0,20101222,132412,517,5000
MTELEKOM,0,20101222,132412,517,200
MTELEKOM,0,20101222,132412,517,400
MTELEKOM,0,20101222,132412,517,20000
MTELEKOM,0,20101222,132412,517,245
MTELEKOM,0,20101222,132412,517,1000
MTELEKOM,0,20101222,132412,517,1000
MTELEKOM,0,20101222,132412,517,200
MTELEKOM,0,20101222,132412,517,730
MTELEKOM,0,20101222,132412,517,150
MTELEKOM,0,20101222,132412,517,2800
MTELEKOM,0,20101222,132412,517,40
MTELEKOM,0,20101222,132412,517,500
MTELEKOM,0,20101222,132412,517,2000
OTP,0,20101222,132430,5236,40
MOL,0,20101222,132433,20255,19
MOL,0,20101222,132433,20250,6
MOL,0,20101222,132433,20250,75
MTELEKOM,0,20101222,132513,517,250
MOL,0,20101222,132522,20250,10
MTELEKOM,0,20101222,132537,517,1840
MTELEKOM,0,20101222,132537,517,650
MTELEKOM,0,20101222,132537,517,6305
OTP,0,20101222,132548,5235,102
OTP,0,20101222,132613,5235,40
MOL,0,20101222,132617,20250,80
ORC,0,20101222,132621,1940,1
MTELEKOM,0,20101222,132718,517,1000
MTELEKOM,0,20101222,132726,517,4695
MTELEKOM,0,20101222,132726,517,305
MTELEKOM,0,20101222,132726,517,1313
MTELEKOM,0,20101222,132726,517,3687
MTELEKOM,0,20101222,132731,517,1313
MTELEKOM,0,20101222,132736,517,3687
MTELEKOM,0,20101222,132831,517,1500
MOL,0,20101222,132837,20250,15
MTELEKOM,0,20101222,132842,517,200
ECONET,0,20101222,132849,90,1250
MTELEKOM,0,20101222,132915,517,400
EMASZ,0,20101222,132920,21000,10
OTP,0,20101222,132928,5235,235
MTELEKOM,0,20101222,132940,516,80
PHYLAXIA,0,20101222,132946,44,292
PHYLAXIA,0,20101222,132946,44,20000
PHYLAXIA,0,20101222,132946,44,10000
PHYLAXIA,0,20101222,132946,44,2000
PHYLAXIA,0,20101222,132946,44,5016
PHYLAXIA,0,20101222,132946,44,750
PHYLAXIA,0,20101222,132946,44,1942
OTP,0,20101222,132949,5236,57
MTELEKOM,0,20101222,133007,517,4213
MOL,0,20101222,133022,20250,2
MOL,0,20101222,133031,20260,10
MOL,0,20101222,133031,20260,10
OTP,0,20101222,133044,5236,399
EGIS,0,20101222,133102,20095,9
EGIS,0,20101222,133102,20090,15
EGIS,0,20101222,133102,20085,50
EGIS,0,20101222,133102,20080,10
EGIS,0,20101222,133102,20070,36
MOL,0,20101222,133209,20250,50
OTP,0,20101222,133239,5236,3
OTP,0,20101222,133239,5236,500
MOL,0,20101222,133243,20250,8
EGIS,0,20101222,133312,20150,39
MTELEKOM,0,20101222,133349,517,10
MTELEKOM,0,20101222,133358,517,9
MTELEKOM,0,20101222,133406,517,1000
MTELEKOM,0,20101222,133406,517,8
MTELEKOM,0,20101222,133419,517,327
MTELEKOM,0,20101222,133419,517,1434
MTELEKOM,0,20101222,133419,517,7
BUX1112,0,20101222,133423,22048.5,1
MTELEKOM,0,20101222,133431,517,6
MTELEKOM,0,20101222,133443,517,5
MTELEKOM,0,20101222,133451,517,4
MTELEKOM,0,20101222,133506,517,3
MTELEKOM,0,20101222,133516,517,2
MTELEKOM,0,20101222,133519,517,6520
MOL,0,20101222,133522,20250,2
MTELEKOM,0,20101222,133527,517,1
MTELEKOM,0,20101222,133529,517,1000
MTELEKOM,0,20101222,133529,516,420
MTELEKOM,0,20101222,133529,516,200
MTELEKOM,0,20101222,133529,516,2000
MTELEKOM,0,20101222,133529,516,120
MTELEKOM,0,20101222,133529,516,3780
ZWACK,0,20101222,133536,13150,45
OTP,0,20101222,133635,5237,844
MTELEKOM,0,20101222,133646,516,5000
OTP,0,20101222,133659,5240,154
OTP,0,20101222,133659,5240,580
OTP,0,20101222,133659,5240,1000
OTP,0,20101222,133659,5240,20
OTP,0,20101222,133659,5240,200
OTP,0,20101222,133659,5240,46
OTP,0,20101222,133712,5240,200
OTP,0,20101222,133712,5240,800
OTP,0,20101222,133717,5240,200
OTP,0,20101222,133717,5240,800
OTP,0,20101222,133729,5240,700
MOL,0,20101222,133736,20250,100
MTELEKOM,0,20101222,133824,516,4
PHYLAXIA,0,20101222,133828,44,3375
RABA,0,20101222,133839,806,358
OTP,0,20101222,133908,5240,25
ORC,0,20101222,133918,1940,51
MOL,0,20101222,133940,20250,13
MTELEKOM,0,20101222,133945,517,4
MOL,0,20101222,134022,20250,3
OTP,0,20101222,134022,5240,180
MTELEKOM,0,20101222,134030,517,130
MTELEKOM,0,20101222,134036,516,1004
MTELEKOM,0,20101222,134054,516,5212
MTELEKOM,0,20101222,134054,516,638
MTELEKOM,0,20101222,134054,516,10000
MTELEKOM,0,20101222,134054,516,5000
MTELEKOM,0,20101222,134054,516,800
MTELEKOM,0,20101222,134054,516,500
MTELEKOM,0,20101222,134054,516,2000
MTELEKOM,0,20101222,134054,516,5850
MTELEKOM,0,20101222,134100,516,24150
MTELEKOM,0,20101222,134100,516,5000
MTELEKOM,0,20101222,134100,516,100
MTELEKOM,0,20101222,134100,516,20
MTELEKOM,0,20101222,134100,516,3800
MTELEKOM,0,20101222,134100,516,1000
MTELEKOM,0,20101222,134100,516,1000
MTELEKOM,0,20101222,134100,516,5000
MTELEKOM,0,20101222,134100,516,10
MTELEKOM,0,20101222,134100,516,120
MTELEKOM,0,20101222,134100,516,960
MTELEKOM,0,20101222,134100,516,130
MTELEKOM,0,20101222,134100,516,1532
MTELEKOM,0,20101222,134100,516,1000
MTELEKOM,0,20101222,134100,516,3280
MTELEKOM,0,20101222,134100,516,2898
MTELEKOM,0,20101222,134107,516,102
MTELEKOM,0,20101222,134107,516,10000
MTELEKOM,0,20101222,134107,516,142
MTELEKOM,0,20101222,134107,516,1572
MTELEKOM,0,20101222,134107,516,500
MTELEKOM,0,20101222,134107,516,5000
MOL,0,20101222,134158,20255,13
OTP,0,20101222,134206,5240,47
MTELEKOM,0,20101222,134210,516,280
MOL,0,20101222,134215,20255,6
MOL,0,20101222,134215,20250,43
MTELEKOM,0,20101222,134219,516,7
MTELEKOM,0,20101222,134235,516,2397
MTELEKOM,0,20101222,134235,516,603
ELMU,0,20101222,134239,27350,1
RICHTER,0,20101222,134303,42140,1
MTELEKOM,0,20101222,134309,516,500
OTP,0,20101222,134314,5236,20
ORC,0,20101222,134333,1935,1
MTELEKOM,0,20101222,134343,516,200
MTELEKOM,0,20101222,134350,516,140
MOL,0,20101222,134356,20250,49
MTELEKOM,0,20101222,134400,516,200
MTELEKOM,0,20101222,134405,516,255
ORC,0,20101222,134409,1940,155
MTELEKOM,0,20101222,134409,516,875
MTELEKOM,0,20101222,134409,516,125
RFV,0,20101222,134416,8440,8
MTELEKOM,0,20101222,134420,516,300
RABA,0,20101222,134422,807,506
MTELEKOM,0,20101222,134426,516,200
MTELEKOM,0,20101222,134432,516,200
BUX1112,0,20101222,134515,22016.5,1
RABA,0,20101222,134519,807,53
MTELEKOM,0,20101222,134520,516,200
MOL,0,20101222,134522,20250,2
MTELEKOM,0,20101222,134547,516,2200
MOL,0,20101222,134552,20255,140
MOL,0,20101222,134609,20250,456
RABA,0,20101222,134612,807,1
RABA,0,20101222,134612,807,231
MOL,0,20101222,134619,20250,44
ORC,0,20101222,134629,1935,199
MOL,0,20101222,134634,20250,25
MOL,0,20101222,134634,20250,25
RFV,0,20101222,134725,8415,10
RFV,0,20101222,134725,8405,90
RFV,0,20101222,134743,8440,33
FHB,0,20101222,134749,972,20
EGIS,0,20101222,134812,20140,5
EGIS,0,20101222,134818,20145,7
MTELEKOM,0,20101222,134921,515,20
MTELEKOM,0,20101222,134921,515,1000
FHB,0,20101222,134930,974,400
FHB,0,20101222,134930,975,300
FHB,0,20101222,134930,975,400
FHB,0,20101222,134930,975,540
RICHTER,0,20101222,134936,42140,2
MOL,0,20101222,135022,20250,21
MTELEKOM,0,20101222,135034,516,170
OTP,0,20101222,135100,5240,7
OTP,0,20101222,135100,5240,191
OTP,0,20101222,135125,5240,14
ZWACK,0,20101222,135133,13150,55
RICHTER,0,20101222,135222,42145,12
PHYLAXIA,0,20101222,135224,44,706
PHYLAXIA,0,20101222,135224,44,794
MTELEKOM,0,20101222,135237,515,305
MTELEKOM,0,20101222,135237,515,1000
MTELEKOM,0,20101222,135237,515,47
MTELEKOM,0,20101222,135238,516,1488
MTELEKOM,0,20101222,135252,516,10
MTELEKOM,0,20101222,135309,516,822
MTELEKOM,0,20101222,135309,516,230
MTELEKOM,0,20101222,135309,516,618
RFV,0,20101222,135309,8500,20
MTELEKOM,0,20101222,135341,516,280
MTELEKOM,0,20101222,135359,516,100
RICHTER,0,20101222,135436,42145,2
MTELEKOM,0,20101222,135446,516,50
MTELEKOM,0,20101222,135454,516,1000
MOL,0,20101222,135459,20255,20
MOL,0,20101222,135522,20250,2
MOL,0,20101222,135524,20250,5
SYNERGON,0,20101222,135543,490,100
MTELEKOM,0,20101222,135545,516,160
MTELEKOM,0,20101222,135550,516,100
OTP,0,20101222,135559,5243,13
OTP,0,20101222,135559,5243,16
MOL,0,20101222,135602,20250,20
OTP,0,20101222,135620,5240,100
MTELEKOM,0,20101222,135650,515,153
MTELEKOM,0,20101222,135650,515,60
MTELEKOM,0,20101222,135650,515,250
MTELEKOM,0,20101222,135650,515,1940
MTELEKOM,0,20101222,135650,515,70
MTELEKOM,0,20101222,135650,515,92
MTELEKOM,0,20101222,135650,515,2000
MTELEKOM,0,20101222,135650,515,400
MTELEKOM,0,20101222,135650,515,150
MTELEKOM,0,20101222,135650,515,185
EGIS,0,20101222,135654,20145,16
EGIS,0,20101222,135654,20150,36
MTELEKOM,0,20101222,135656,516,5300
MOL,0,20101222,135700,20260,40
OTP,0,20101222,135715,5243,144
OTP,0,20101222,135715,5244,99
OTP,0,20101222,135715,5244,15
OTP,0,20101222,135715,5244,8
MTELEKOM,0,20101222,135724,516,410
EGIS,0,20101222,135736,20075,12
EGIS,0,20101222,135736,20050,7
EGIS,0,20101222,135736,20040,20
EGIS,0,20101222,135736,20010,20
EGIS,0,20101222,135736,20000,5
EGIS,0,20101222,135736,20000,15
EGIS,0,20101222,135736,20000,1
MTELEKOM,0,20101222,135746,516,130
MTELEKOM,0,20101222,135756,516,200
RICHTER,0,20101222,135807,42145,2
PANNERGY,0,20101222,135828,909,1000
PANNERGY,0,20101222,135828,908,100
MOL,0,20101222,135833,20250,5
MTELEKOM,0,20101222,135846,515,2048
MTELEKOM,0,20101222,135850,516,1000
MTELEKOM,0,20101222,135850,516,200
MTELEKOM,0,20101222,135856,516,452
MTELEKOM,0,20101222,135902,516,298
MTELEKOM,0,20101222,135905,516,4702
MTELEKOM,0,20101222,135936,516,298
MTELEKOM,0,20101222,135936,516,1520
OTP,0,20101222,135936,5242,115
DANUBIUS,0,20101222,135953,4385,20
DANUBIUS,0,20101222,135953,4400,80
ZWACK,0,20101222,140016,13150,45
MOL,0,20101222,140022,20250,2
RABA,0,20101222,140117,806,500
OTP,0,20101222,140117,5240,4
RFV,0,20101222,140147,8440,67
MOL,0,20101222,140239,20250,105
RFV,0,20101222,140244,8440,50
OTP,0,20101222,140252,5240,150
EGIS,0,20101222,140317,20135,20
EGIS,0,20101222,140324,20140,25
OTP,0,20101222,140329,5243,80
OTP,0,20101222,140329,5244,22
OTP,0,20101222,140329,5244,300
OTP,0,20101222,140329,5245,347
OTP,0,20101222,140329,5245,50
OTP,0,20101222,140329,5245,50
OTP,0,20101222,140329,5245,50
OTP,0,20101222,140329,5245,300
OTP,0,20101222,140329,5245,500
OTP,0,20101222,140329,5245,150
OTP,0,20101222,140329,5246,16
OTP,0,20101222,140329,5247,15
OTP,0,20101222,140329,5247,120
KEG,0,20101222,140341,141,1000
KEG,0,20101222,140341,142,1
OTP,0,20101222,140344,5244,438
MOL,0,20101222,140406,20250,50
ORC,0,20101222,140428,1935,1
MOL,0,20101222,140436,20255,30
MTELEKOM,0,20101222,140437,516,53
MTELEKOM,0,20101222,140450,516,3947
MTELEKOM,0,20101222,140450,516,300
MTELEKOM,0,20101222,140450,516,200
MTELEKOM,0,20101222,140450,516,553
MOL,0,20101222,140522,20250,6
GENESIS,0,20101222,140523,197,1
GENESIS,0,20101222,140523,197,1999
ZWACK,0,20101222,140524,13180,40
ZWACK,0,20101222,140524,13195,10
MTELEKOM,0,20101222,140536,516,47
MTELEKOM,0,20101222,140536,516,200
MTELEKOM,0,20101222,140536,516,160
MTELEKOM,0,20101222,140536,516,1210
KEG,0,20101222,140537,140,250
MOL,0,20101222,140559,20250,19
FOTEX,0,20101222,140625,386,2600
FOTEX,0,20101222,140625,385,12794
FOTEX,0,20101222,140625,385,1000
OTP,0,20101222,140627,5244,62
OTP,0,20101222,140627,5241,188
MOL,0,20101222,140629,20250,173
MOL,0,20101222,140629,20250,156
MOL,0,20101222,140629,20250,22
MOL,0,20101222,140636,20250,49
MOL,0,20101222,140653,20255,6
MOL,0,20101222,140653,20260,2
FOTEX,0,20101222,140738,384,215
FOTEX,0,20101222,140740,385,20000
MTELEKOM,0,20101222,140746,516,1284
MTELEKOM,0,20101222,140746,517,7000
MTELEKOM,0,20101222,140746,517,3316
MOL,0,20101222,140759,20250,51
MOL,0,20101222,140759,20250,449
MTELEKOM,0,20101222,140804,517,5000
SYNERGON,0,20101222,140903,489,51
MTELEKOM,0,20101222,140958,516,5000
MTELEKOM,0,20101222,140958,516,1663
