<TICKER>,<PER>,<DTYYYYMMDD>,<TIME>,<CLOSE>,<VOLUME>
BUX1012,0,20101206,090044,21299,3
BUX1012,0,20101206,090044,21299,1
BUX1012,0,20101206,090044,21299,2
BUX1012,0,20101206,090044,21299,8
BUX1012,0,20101206,090044,21299,1
BUX1012,0,20101206,090044,21299,1
BUX1012,0,20101206,090044,21299,99
BUX1012,0,20101206,090044,21299,1
BUX1012,0,20101206,090044,21299,1
BUX1012,0,20101206,090044,21299,1
BUX1012,0,20101206,090044,21299,1
BUX1012,0,20101206,090044,21299,2
BUX1012,0,20101206,090044,21299,1
BUX1012,0,20101206,090044,21299,7
BUX1012,0,20101206,090044,21299,2
BUX1012,0,20101206,090044,21299,1
BUX1012,0,20101206,090044,21299,1
BUX1012,0,20101206,090044,21299,2
EGIS,0,20101206,090050,18855,5
EGIS,0,20101206,090050,18855,15
FHB,0,20101206,090050,978,50
FHB,0,20101206,090050,978,200
FHB,0,20101206,090050,978,100
HUMET,0,20101206,090050,9,13400
HUMET,0,20101206,090050,9,34670
HUMET,0,20101206,090050,9,5320
HUMET,0,20101206,090050,9,1
HUMET,0,20101206,090050,9,16600
HUMET,0,20101206,090050,9,28079
HUMET,0,20101206,090050,9,16921
HUMET,0,20101206,090050,9,2000
HUMET,0,20101206,090050,9,12379
HUMET,0,20101206,090050,9,27621
HUMET,0,20101206,090050,9,5500
HUMET,0,20101206,090050,9,700
HUMET,0,20101206,090050,9,30000
HUMET,0,20101206,090050,9,3179
HUMET,0,20101206,090050,9,1821
HUMET,0,20101206,090050,9,5540
HUMET,0,20101206,090050,9,39879
HUMET,0,20101206,090050,9,45000
HUMET,0,20101206,090050,9,15121
HUMET,0,20101206,090050,9,10000
HUMET,0,20101206,090050,9,5000
HUMET,0,20101206,090050,9,3500
HUMET,0,20101206,090050,9,3200
HUMET,0,20101206,090050,9,5000
HUMET,0,20101206,090050,9,1
HUMET,0,20101206,090050,9,678
MOL,0,20101206,090050,19900,2
MOL,0,20101206,090050,19900,20
MOL,0,20101206,090050,19900,15
MOL,0,20101206,090050,19900,63
MOL,0,20101206,090050,19900,35
MOL,0,20101206,090050,19900,50
MOL,0,20101206,090050,19900,8
MOL,0,20101206,090050,19900,144
MOL,0,20101206,090050,19900,156
MOL,0,20101206,090050,19900,50
MOL,0,20101206,090050,19900,4
MOL,0,20101206,090050,19900,6
MOL,0,20101206,090050,19900,4
MOL,0,20101206,090050,19900,9
MOL,0,20101206,090050,19900,200
MOL,0,20101206,090050,19900,100
MOL,0,20101206,090050,19900,5
MOL,0,20101206,090050,19900,100
MOL,0,20101206,090050,19900,60
MOL,0,20101206,090050,19900,52
MOL,0,20101206,090050,19900,50
MOL,0,20101206,090050,19900,50
MOL,0,20101206,090050,19900,40
MOL,0,20101206,090050,19900,40
MOL,0,20101206,090050,19900,30
MOL,0,20101206,090050,19900,30
MOL,0,20101206,090050,19900,20
MOL,0,20101206,090050,19900,40
MOL,0,20101206,090050,19900,7
MOL,0,20101206,090050,19900,157
MOL,0,20101206,090050,19900,10
MOL,0,20101206,090050,19900,40
MOL,0,20101206,090050,19900,5
MOL,0,20101206,090050,19900,2
MOL,0,20101206,090050,19900,16
MOL,0,20101206,090050,19900,2
MOL,0,20101206,090050,19900,30
MOL,0,20101206,090050,19900,31
MOL,0,20101206,090050,19900,19
MOL,0,20101206,090050,19900,65
MOL,0,20101206,090050,19900,5
MOL,0,20101206,090050,19900,50
MOL,0,20101206,090050,19900,150
MOL,0,20101206,090050,19900,50
MOL,0,20101206,090050,19900,5
MOL,0,20101206,090050,19900,56
MOL,0,20101206,090050,19900,100
MTELEKOM,0,20101206,090050,545,1
MTELEKOM,0,20101206,090050,545,9
MTELEKOM,0,20101206,090050,545,380
MTELEKOM,0,20101206,090050,545,781
MTELEKOM,0,20101206,090050,545,1
MTELEKOM,0,20101206,090050,545,18
MTELEKOM,0,20101206,090050,545,500
MTELEKOM,0,20101206,090050,545,2
MTELEKOM,0,20101206,090050,545,438
MTELEKOM,0,20101206,090050,545,150
MTELEKOM,0,20101206,090050,545,2000
MTELEKOM,0,20101206,090050,545,1412
MTELEKOM,0,20101206,090050,545,10
MTELEKOM,0,20101206,090050,545,578
OTP,0,20101206,090050,5199,73
OTP,0,20101206,090050,5199,300
OTP,0,20101206,090050,5199,50
OTP,0,20101206,090050,5199,30
OTP,0,20101206,090050,5199,100
OTP,0,20101206,090050,5199,25
OTP,0,20101206,090050,5199,200
OTP,0,20101206,090050,5199,222
OTP,0,20101206,090050,5199,5
OTP,0,20101206,090050,5199,100
OTP,0,20101206,090050,5199,91
OTP,0,20101206,090050,5199,20
OTP,0,20101206,090050,5199,15
OTP,0,20101206,090050,5199,15
OTP,0,20101206,090050,5199,50
OTP,0,20101206,090050,5199,50
OTP,0,20101206,090050,5199,1000
OTP,0,20101206,090050,5199,4
OTP,0,20101206,090050,5199,428
OTP,0,20101206,090050,5199,572
OTP,0,20101206,090050,5199,332
OTP,0,20101206,090050,5199,41
OTP,0,20101206,090050,5199,30
OTP,0,20101206,090050,5199,150
OTP,0,20101206,090050,5199,200
OTP,0,20101206,090050,5199,19
OTP,0,20101206,090050,5199,150
OTP,0,20101206,090050,5199,150
OTP,0,20101206,090050,5199,69
OTP,0,20101206,090050,5199,287
OTP,0,20101206,090050,5199,273
OTP,0,20101206,090050,5199,50
OTP,0,20101206,090050,5199,5
OTP,0,20101206,090050,5199,11
OTP,0,20101206,090050,5199,10
OTP,0,20101206,090050,5199,31
OTP,0,20101206,090050,5199,20
OTP,0,20101206,090050,5199,20
OTP,0,20101206,090050,5199,160
OTP,0,20101206,090050,5199,40
OTP,0,20101206,090050,5199,200
OTP,0,20101206,090050,5199,100
OTP,0,20101206,090050,5199,200
OTP,0,20101206,090050,5199,400
OTP,0,20101206,090050,5199,100
OTP,0,20101206,090050,5199,50
OTP,0,20101206,090050,5199,150
OTP,0,20101206,090050,5199,1000
OTP,0,20101206,090050,5199,400
OTP,0,20101206,090050,5199,1000
OTP,0,20101206,090050,5199,200
OTP,0,20101206,090050,5199,1160
OTP,0,20101206,090050,5199,3840
OTP,0,20101206,090050,5199,1160
OTP,0,20101206,090050,5199,20
OTP,0,20101206,090050,5199,3000
OTP,0,20101206,090050,5199,500
OTP,0,20101206,090050,5199,100
OTP,0,20101206,090050,5199,220
OTP,0,20101206,090050,5199,780
OTP,0,20101206,090050,5199,1220
OTP,0,20101206,090050,5199,100
OTP,0,20101206,090050,5199,1680
OTP,0,20101206,090050,5199,1237
OTP,0,20101206,090050,5199,20
OTP,0,20101206,090050,5199,500
OTP,0,20101206,090050,5199,2
OTP,0,20101206,090050,5199,50
OTP,0,20101206,090050,5199,500
OTP,0,20101206,090050,5199,20
PANNERGY,0,20101206,090050,878,110
PANNERGY,0,20101206,090050,878,113
PANNERGY,0,20101206,090050,878,1463
PANNERGY,0,20101206,090050,878,141
PHYLAXIA,0,20101206,090050,46,1
PHYLAXIA,0,20101206,090050,46,1
PHYLAXIA,0,20101206,090050,46,300
PHYLAXIA,0,20101206,090050,46,625
PHYLAXIA,0,20101206,090050,46,167
RICHTER,0,20101206,090050,43840,10
ZWACK,0,20101206,090050,15000,3
BUX1012,0,20101206,090201,21281,2
BUX1012,0,20101206,090201,21299,1
BUX1012,0,20101206,090201,21300,10
BUX1012,0,20101206,090201,21300,30
OTP,0,20101206,090204,5199,30
OTP,0,20101206,090204,5195,230
OTP,0,20101206,090204,5195,100
OTP,0,20101206,090204,5195,89
OTP,0,20101206,090204,5191,100
OTP,0,20101206,090204,5190,15
OTP,0,20101206,090205,5190,266
OTP,0,20101206,090206,5190,60
OTP,0,20101206,090207,5199,961
OTP,0,20101206,090207,5199,30
OTP,0,20101206,090207,5200,1
OTP,0,20101206,090207,5200,20
OTP,0,20101206,090207,5200,75
OTP,0,20101206,090207,5200,100
OTP,0,20101206,090207,5200,50
OTP,0,20101206,090207,5200,1000
OTP,0,20101206,090207,5200,100
OTP,0,20101206,090207,5200,70
OTP,0,20101206,090207,5200,25
OTP,0,20101206,090207,5200,2568
OTP,0,20101206,090209,5190,25
OTP,0,20101206,090210,5200,1000
OTP,0,20101206,090212,5200,1000
OTP,0,20101206,090212,5200,1000
BUX1012,0,20101206,090212,21300,3
OTP,0,20101206,090213,5200,1000
OTP,0,20101206,090214,5200,70
KEG,0,20101206,090214,160,500
KEG,0,20101206,090214,160,1500
OTP,0,20101206,090214,5200,150
OTP,0,20101206,090215,5200,3212
OTP,0,20101206,090215,5200,8
OTP,0,20101206,090216,5200,250
OTP,0,20101206,090221,5210,500
OTP,0,20101206,090221,5200,1500
OTP,0,20101206,090225,5201,130
OTP,0,20101206,090227,5201,32
BUX1012,0,20101206,090228,21320,1
BUX1012,0,20101206,090228,21349,2
BUX1012,0,20101206,090228,21349,1
BUX1012,0,20101206,090228,21350,1
OTP,0,20101206,090229,5201,1
BUX1012,0,20101206,090230,21350,99
BUX1012,0,20101206,090231,21350,1
BUX1012,0,20101206,090231,21310,9
OTP,0,20101206,090233,5210,100
MOL,0,20101206,090236,19890,1
MOL,0,20101206,090236,19900,4
OTP,0,20101206,090236,5220,500
OTP,0,20101206,090238,5210,11
PANNERGY,0,20101206,090241,877,60
MOL,0,20101206,090243,19830,14
MOL,0,20101206,090243,19830,16
OTP,0,20101206,090255,5220,65
MTELEKOM,0,20101206,090300,547,179
OTP,0,20101206,090302,5223,20
OTP,0,20101206,090303,5220,100
OTP,0,20101206,090304,5220,35
OTP,0,20101206,090305,5215,65
OTP,0,20101206,090305,5223,26
BUX1012,0,20101206,090310,21320,4
BUX1012,0,20101206,090310,21315,4
OTP,0,20101206,090312,5226,200
OTP,0,20101206,090312,5228,100
OTP,0,20101206,090312,5228,200
BUX1012,0,20101206,090313,21315,12
OTP,0,20101206,090314,5225,400
OTP,0,20101206,090314,5228,2800
OTP,0,20101206,090314,5229,60
OTP,0,20101206,090314,5230,1000
OTP,0,20101206,090314,5230,12
OTP,0,20101206,090314,5230,400
OTP,0,20101206,090320,5230,100
MOL,0,20101206,090321,19830,30
OTP,0,20101206,090321,5223,4
OTP,0,20101206,090321,5223,25
MOL,0,20101206,090323,19830,5
MOL,0,20101206,090323,19830,20
OTP,0,20101206,090326,5237,200
OTP,0,20101206,090329,5237,1000
OTP,0,20101206,090331,5237,400
OTP,0,20101206,090331,5220,1000
OTP,0,20101206,090331,5220,400
OTP,0,20101206,090331,5220,1200
OTP,0,20101206,090336,5240,1300
OTP,0,20101206,090336,5240,30
OTP,0,20101206,090336,5240,50
MOL,0,20101206,090340,19840,170
OTP,0,20101206,090345,5245,115
OTP,0,20101206,090345,5245,385
OTP,0,20101206,090348,5240,50
OTP,0,20101206,090349,5237,90
OTP,0,20101206,090350,5237,910
MOL,0,20101206,090400,19840,55
MOL,0,20101206,090400,19840,45
MOL,0,20101206,090402,19895,10
MOL,0,20101206,090402,19895,20
MOL,0,20101206,090402,19900,140
MOL,0,20101206,090402,19900,5
MOL,0,20101206,090402,19900,35
OTP,0,20101206,090403,5237,15
MOL,0,20101206,090406,19900,51
OTP,0,20101206,090417,5237,40
PHYLAXIA,0,20101206,090422,46,8907
MOL,0,20101206,090429,19925,50
MOL,0,20101206,090429,19930,12
MOL,0,20101206,090429,19945,5
MOL,0,20101206,090429,19950,6
MOL,0,20101206,090429,19950,10
MOL,0,20101206,090429,19950,3
MOL,0,20101206,090429,19950,50
MOL,0,20101206,090429,19950,100
MOL,0,20101206,090429,19950,15
MOL,0,20101206,090429,19970,6
MOL,0,20101206,090429,19985,300
MOL,0,20101206,090429,19990,7
MOL,0,20101206,090429,19990,268
MOL,0,20101206,090429,19990,50
MOL,0,20101206,090429,19995,100
MOL,0,20101206,090429,19995,15
MOL,0,20101206,090429,19995,3
BUX1012,0,20101206,090430,21388,1
BUX1012,0,20101206,090430,21388,1
BUX1012,0,20101206,090430,21390,4
BUX1012,0,20101206,090433,21390,18
BUX1012,0,20101206,090433,21396,1
BUX1012,0,20101206,090433,21399,4
BUX1012,0,20101206,090433,21400,14
MOL,0,20101206,090433,19995,47
MOL,0,20101206,090433,20000,5
MOL,0,20101206,090433,20000,5
MOL,0,20101206,090433,20000,5
MOL,0,20101206,090433,20000,5
MOL,0,20101206,090433,20000,25
MOL,0,20101206,090433,20000,7
MOL,0,20101206,090433,20000,8
MOL,0,20101206,090433,20000,2
MOL,0,20101206,090433,20000,20
MOL,0,20101206,090433,20000,4
MOL,0,20101206,090433,20000,50
MOL,0,20101206,090433,20000,20
MOL,0,20101206,090433,20000,120
MOL,0,20101206,090433,20000,150
MOL,0,20101206,090433,20000,100
MOL,0,20101206,090433,20000,427
MOL,0,20101206,090434,20000,573
MOL,0,20101206,090436,20000,1000
BUX1012,0,20101206,090438,21400,6
BUX1012,0,20101206,090438,21400,50
BUX1012,0,20101206,090438,21400,1
OTP,0,20101206,090440,5234,100
BUX1012,0,20101206,090443,21411,5
MOL,0,20101206,090444,20000,5
OTP,0,20101206,090444,5235,1000
OTP,0,20101206,090445,5234,110
MOL,0,20101206,090445,20000,270
OTP,0,20101206,090446,5236,60
OTP,0,20101206,090446,5236,40
OTP,0,20101206,090446,5237,200
OTP,0,20101206,090448,5235,15
BUX1012,0,20101206,090448,21411,5
BUX1012,0,20101206,090448,21420,3
OTP,0,20101206,090455,5235,35
BUX1012,0,20101206,090459,21420.5,5
OTP,0,20101206,090500,5236,20
MOL,0,20101206,090504,20005,10
MOL,0,20101206,090505,20050,6
MOL,0,20101206,090505,20050,3
MOL,0,20101206,090505,20050,2
MOL,0,20101206,090505,20080,40
MOL,0,20101206,090505,20095,49
BUX1012,0,20101206,090505,21400,10
BUX1012,0,20101206,090507,21432,1
BUX1012,0,20101206,090507,21439,1
BUX1012,0,20101206,090507,21446,1
BUX1012,0,20101206,090507,21449,15
MOL,0,20101206,090513,20005,25
MOL,0,20101206,090513,20005,10
BUX1012,0,20101206,090513,21449,15
BUX1012,0,20101206,090513,21450,5
BUX1012,0,20101206,090513,21450,25
BUX1012,0,20101206,090513,21450,50
BUX1012,0,20101206,090513,21456,1
BUX1012,0,20101206,090513,21465,2
BUX1012,0,20101206,090513,21470,1
BUX1012,0,20101206,090516,21470,18
OTP,0,20101206,090529,5236,40
OTP,0,20101206,090536,5236,12
BUX1012,0,20101206,090541,21450,5
MOL,0,20101206,090544,20005,4
MOL,0,20101206,090547,20005,2
MOL,0,20101206,090547,20005,30
MOL,0,20101206,090547,20000,18
OTP,0,20101206,090548,5236,181
OTP,0,20101206,090548,5235,950
OTP,0,20101206,090548,5235,87
OTP,0,20101206,090548,5235,1000
MOL,0,20101206,090549,20085,5
OTP,0,20101206,090553,5235,200
BUX1012,0,20101206,090601,21420,3
BUX1012,0,20101206,090601,21401,7
BUX1012,0,20101206,090601,21401,3
BUX1012,0,20101206,090601,21400,1
OTP,0,20101206,090604,5233,3
OTP,0,20101206,090607,5225,45
MOL,0,20101206,090613,20010,30
MOL,0,20101206,090620,20010,370
MOL,0,20101206,090621,20000,32
MOL,0,20101206,090621,20000,4
MOL,0,20101206,090621,20000,100
MOL,0,20101206,090621,20000,4
MOL,0,20101206,090621,20000,130
MOL,0,20101206,090622,20075,100
OTP,0,20101206,090624,5230,397
OTP,0,20101206,090624,5230,103
MOL,0,20101206,090625,20075,4
MOL,0,20101206,090626,20075,166
MOL,0,20101206,090627,20080,4
MOL,0,20101206,090629,20075,50
MOL,0,20101206,090629,20075,54
OTP,0,20101206,090630,5225,5
OTP,0,20101206,090630,5225,95
MOL,0,20101206,090630,20070,15
MOL,0,20101206,090630,20000,170
MOL,0,20101206,090630,20000,90
MOL,0,20101206,090630,20000,275
BUX1012,0,20101206,090631,21430,1
MOL,0,20101206,090633,20000,15
MOL,0,20101206,090633,20010,35
MOL,0,20101206,090633,19955,65
BUX1012,0,20101206,090634,21403,2
OTP,0,20101206,090639,5225,905
OTP,0,20101206,090639,5225,1000
OTP,0,20101206,090639,5225,83
OTP,0,20101206,090639,5221,100
OTP,0,20101206,090639,5220,3912
OTP,0,20101206,090641,5220,50
OTP,0,20101206,090646,5220,200
OTP,0,20101206,090649,5220,1398
MOL,0,20101206,090651,20040,6
MOL,0,20101206,090651,20045,122
OTP,0,20101206,090652,5230,7
OTP,0,20101206,090652,5230,30
OTP,0,20101206,090652,5230,3
MTELEKOM,0,20101206,090657,545,3022
MTELEKOM,0,20101206,090657,545,248
MTELEKOM,0,20101206,090657,545,736
FOTEX,0,20101206,090658,405,400
BUX1012,0,20101206,090703,21400,1
RABA,0,20101206,090704,827,120
BUX1012,0,20101206,090706,21420,3
BUX1012,0,20101206,090706,21420,3
PANNERGY,0,20101206,090707,871,100
PANNERGY,0,20101206,090707,870,100
PANNERGY,0,20101206,090707,870,55
PANNERGY,0,20101206,090707,865,280
PANNERGY,0,20101206,090707,865,465
PANNERGY,0,20101206,090707,865,35
PANNERGY,0,20101206,090707,865,300
PANNERGY,0,20101206,090707,860,28
PANNERGY,0,20101206,090707,856,800
PANNERGY,0,20101206,090707,855,678
PANNERGY,0,20101206,090707,855,45
PANNERGY,0,20101206,090707,855,312
PANNERGY,0,20101206,090707,855,245
PANNERGY,0,20101206,090707,850,55
PANNERGY,0,20101206,090707,850,27
PANNERGY,0,20101206,090707,850,103
PANNERGY,0,20101206,090707,850,70
PANNERGY,0,20101206,090707,850,130
BUX1012,0,20101206,090708,21400,13
BUX1012,0,20101206,090708,21400,50
OTP,0,20101206,090710,5229,500
BUX1012,0,20101206,090713,21400,1
OTP,0,20101206,090714,5220,200
OTP,0,20101206,090714,5217,17
OTP,0,20101206,090714,5215,116
MOL,0,20101206,090714,20040,5
PANNERGY,0,20101206,090716,850,670
PANNERGY,0,20101206,090716,850,330
PANNERGY,0,20101206,090719,850,670
BUX1012,0,20101206,090721,21400,49
MOL,0,20101206,090724,19980,300
PANNERGY,0,20101206,090726,855,398
BUX1012,0,20101206,090730,21365,1
BUX1012,0,20101206,090730,21350,1
BUX1012,0,20101206,090730,21335,1
BUX1012,0,20101206,090730,21335,1
BUX1012,0,20101206,090730,21332,1
BUX1012,0,20101206,090730,21330,10
BUX1012,0,20101206,090730,21330,35
BUX1012,0,20101206,090731,21330,4
OTP,0,20101206,090738,5220,13
RICHTER,0,20101206,090742,43730,20
RICHTER,0,20101206,090745,43670,108
MOL,0,20101206,090746,19965,50
RICHTER,0,20101206,090749,43835,6
MOL,0,20101206,090751,19990,200
MOL,0,20101206,090751,19990,70
MOL,0,20101206,090751,19990,200
MOL,0,20101206,090751,19995,70
BUX1012,0,20101206,090754,21350,2
OTP,0,20101206,090755,5216,50
OTP,0,20101206,090759,5220,487
OTP,0,20101206,090759,5220,200
OTP,0,20101206,090805,5220,500
MOL,0,20101206,090806,19935,50
MOL,0,20101206,090806,19930,30
MOL,0,20101206,090806,19910,19
MOL,0,20101206,090806,19905,171
MOL,0,20101206,090809,19905,318
MOL,0,20101206,090809,19905,27
MTELEKOM,0,20101206,090809,545,269
OTP,0,20101206,090812,5220,35
OTP,0,20101206,090812,5220,500
BUX1012,0,20101206,090812,21360,2
MOL,0,20101206,090813,19950,20
RICHTER,0,20101206,090814,43735,2
RICHTER,0,20101206,090814,43670,6
RICHTER,0,20101206,090814,43670,3
RICHTER,0,20101206,090814,43670,10
OTP,0,20101206,090817,5220,20
OTP,0,20101206,090818,5220,258
OTP,0,20101206,090818,5220,82
OTP,0,20101206,090821,5219,100
OTP,0,20101206,090821,5216,150
OTP,0,20101206,090821,5215,84
OTP,0,20101206,090821,5215,771
OTP,0,20101206,090821,5211,90
OTP,0,20101206,090821,5211,50
OTP,0,20101206,090821,5210,153
OTP,0,20101206,090821,5210,5
BUX1012,0,20101206,090824,21360,2
BUX1012,0,20101206,090825,21394,1
MTELEKOM,0,20101206,090825,544,240
MOL,0,20101206,090834,19950,50
MOL,0,20101206,090836,19925,250
MOL,0,20101206,090836,19910,500
MOL,0,20101206,090836,19910,16
MOL,0,20101206,090836,19905,243
MOL,0,20101206,090836,19905,270
MOL,0,20101206,090836,19900,500
MOL,0,20101206,090836,19900,221
OTP,0,20101206,090838,5213,22
OTP,0,20101206,090838,5210,478
MOL,0,20101206,090842,19915,265
PANNERGY,0,20101206,090842,851,200
OTP,0,20101206,090844,5220,5
OTP,0,20101206,090848,5210,364
OTP,0,20101206,090848,5210,636
OTP,0,20101206,090850,5210,45
OTP,0,20101206,090851,5210,20
BUX1012,0,20101206,090856,21360,50
OTP,0,20101206,090902,5210,100
OTP,0,20101206,090923,5210,170
OTP,0,20101206,090924,5210,200
OTP,0,20101206,090926,5210,1040
OTP,0,20101206,090926,5210,160
BUX1012,0,20101206,090927,21360,1
PANNERGY,0,20101206,090930,855,143
OTP,0,20101206,090933,5210,315
OTP,0,20101206,090934,5210,213
BUX1012,0,20101206,090935,21360,1
MTELEKOM,0,20101206,090939,543,200
OTP,0,20101206,090942,5205,110
MOL,0,20101206,090943,19950,30
MOL,0,20101206,090943,19950,11
MOL,0,20101206,090943,19960,16
OTP,0,20101206,090951,5202,100
PANNERGY,0,20101206,090955,857,200
OTP,0,20101206,090955,5202,50
OTP,0,20101206,090955,5202,50
OTP,0,20101206,090957,5202,200
OTP,0,20101206,090958,5202,100
OTP,0,20101206,090958,5201,192
OTP,0,20101206,090958,5201,389
OTP,0,20101206,090958,5201,200
OTP,0,20101206,090958,5201,1000
OTP,0,20101206,090958,5200,619
OTP,0,20101206,090958,5200,300
OTP,0,20101206,090959,5200,81
OTP,0,20101206,090959,5200,1000
OTP,0,20101206,090959,5200,919
OTP,0,20101206,090959,5200,5
BUX1012,0,20101206,091003,21360,5
OTP,0,20101206,091003,5200,490
OTP,0,20101206,091003,5200,710
OTP,0,20101206,091006,5200,100
OTP,0,20101206,091006,5200,200
MTELEKOM,0,20101206,091008,543,46
MTELEKOM,0,20101206,091008,543,354
OTP,0,20101206,091008,5200,1076
OTP,0,20101206,091008,5200,10
OTP,0,20101206,091008,5200,8
OTP,0,20101206,091008,5200,649
OTP,0,20101206,091008,5200,100
OTP,0,20101206,091008,5200,20
OTP,0,20101206,091008,5200,30
OTP,0,20101206,091008,5200,200
OTP,0,20101206,091008,5200,200
MTELEKOM,0,20101206,091008,543,146
MTELEKOM,0,20101206,091008,543,164
BUX1012,0,20101206,091009,21360,7
BUX1012,0,20101206,091009,21360,32
BUX1012,0,20101206,091009,21360,2
MTELEKOM,0,20101206,091015,543,336
BUX1012,0,20101206,091020,21355,1
BUX1012,0,20101206,091020,21350,4
MTELEKOM,0,20101206,091023,542,92
MTELEKOM,0,20101206,091023,542,175
BUX1012,0,20101206,091023,21350,1
OTP,0,20101206,091023,5199,200
OTP,0,20101206,091023,5200,800
OTP,0,20101206,091026,5196,5
OTP,0,20101206,091026,5195,995
RABA,0,20101206,091027,820,183
RABA,0,20101206,091027,820,100
RABA,0,20101206,091027,817,200
RABA,0,20101206,091027,813,200
RABA,0,20101206,091027,811,200
RABA,0,20101206,091027,811,1000
OTP,0,20101206,091029,5195,5
MOL,0,20101206,091029,19935,100
MOL,0,20101206,091033,19935,20
MOL,0,20101206,091033,19935,15
PANNERGY,0,20101206,091034,858,100
MOL,0,20101206,091036,19935,6
MOL,0,20101206,091041,19935,94
OTP,0,20101206,091044,5195,74
MTELEKOM,0,20101206,091046,542,3075
MTELEKOM,0,20101206,091046,542,249
BUX1012,0,20101206,091047,21340,1
OTP,0,20101206,091047,5195,14
RABA,0,20101206,091050,811,500
OTP,0,20101206,091054,5195,36
OTP,0,20101206,091054,5198,1398
OTP,0,20101206,091054,5199,166
BUX1012,0,20101206,091055,21340,1
BUX1012,0,20101206,091055,21326,4
RABA,0,20101206,091057,811,100
RABA,0,20101206,091058,811,500
OTP,0,20101206,091100,5192,30
OTP,0,20101206,091100,5191,70
MOL,0,20101206,091100,19940,36
PANNERGY,0,20101206,091100,855,57
PANNERGY,0,20101206,091100,855,100
PANNERGY,0,20101206,091100,852,43
OTP,0,20101206,091102,5191,41
OTP,0,20101206,091102,5190,500
OTP,0,20101206,091102,5190,1
OTP,0,20101206,091102,5190,30
OTP,0,20101206,091102,5190,18
OTP,0,20101206,091102,5190,1300
OTP,0,20101206,091102,5190,1000
OTP,0,20101206,091102,5190,10
MTELEKOM,0,20101206,091103,541,300
MOL,0,20101206,091105,19930,122
RABA,0,20101206,091107,811,1000
OTP,0,20101206,091110,5186,25
BUX1012,0,20101206,091111,21326,4
OTP,0,20101206,091111,5186,70
MTELEKOM,0,20101206,091113,541,50
MOL,0,20101206,091114,19915,224
BUX1012,0,20101206,091117,21325,50
RABA,0,20101206,091119,811,1000
OTP,0,20101206,091120,5186,30
RABA,0,20101206,091121,811,600
BUX1012,0,20101206,091122,21325,50
OTP,0,20101206,091123,5186,75
OTP,0,20101206,091123,5185,40
OTP,0,20101206,091123,5185,285
RABA,0,20101206,091124,811,167
OTP,0,20101206,091125,5185,15
OTP,0,20101206,091125,5185,150
OTP,0,20101206,091125,5185,35
BUX1012,0,20101206,091125,21315,20
BUX1012,0,20101206,091125,21305,2
BUX1012,0,20101206,091125,21302,2
BUX1012,0,20101206,091125,21301,1
BUX1012,0,20101206,091129,21301,3
MOL,0,20101206,091131,19915,22
OTP,0,20101206,091132,5185,100
BUX1012,0,20101206,091134,21301,16
BUX1012,0,20101206,091134,21300,2
BUX1012,0,20101206,091134,21300,10
BUX1012,0,20101206,091134,21300,4
OTP,0,20101206,091136,5185,200
RICHTER,0,20101206,091137,43505,40
RICHTER,0,20101206,091137,43505,3
RICHTER,0,20101206,091137,43400,4
RICHTER,0,20101206,091137,43400,61
RICHTER,0,20101206,091137,43400,5
RICHTER,0,20101206,091137,43510,2
MOL,0,20101206,091137,19880,5
MOL,0,20101206,091137,19835,2
MOL,0,20101206,091137,19830,3
OTP,0,20101206,091138,5185,50
MTELEKOM,0,20101206,091139,540,300
MTELEKOM,0,20101206,091139,540,110
MTELEKOM,0,20101206,091139,540,90
OTP,0,20101206,091142,5185,150
TVK,0,20101206,091145,3465,81
OTP,0,20101206,091147,5185,100
OTP,0,20101206,091147,5190,100
OTP,0,20101206,091149,5185,100
OTP,0,20101206,091151,5185,265
OTP,0,20101206,091152,5183,1000
OTP,0,20101206,091152,5183,2000
OTP,0,20101206,091152,5183,60
OTP,0,20101206,091154,5182,1000
OTP,0,20101206,091154,5182,398
OTP,0,20101206,091157,5182,102
OTP,0,20101206,091157,5182,25
OTP,0,20101206,091157,5181,173
MTELEKOM,0,20101206,091158,540,410
MTELEKOM,0,20101206,091158,540,380
MTELEKOM,0,20101206,091158,540,50
MTELEKOM,0,20101206,091158,540,1000
MTELEKOM,0,20101206,091158,540,200
MTELEKOM,0,20101206,091158,540,200
MTELEKOM,0,20101206,091158,540,70
MTELEKOM,0,20101206,091158,540,440
BUX1012,0,20101206,091159,21299,3
OTP,0,20101206,091201,5183,200
MOL,0,20101206,091202,19835,7
MOL,0,20101206,091202,19830,12
MOL,0,20101206,091202,19820,6
OTP,0,20101206,091203,5183,630
BUX1012,0,20101206,091204,21285,2
BUX1012,0,20101206,091204,21281,23
MOL,0,20101206,091206,19820,144
MOL,0,20101206,091206,19800,2
MOL,0,20101206,091206,19800,30
MOL,0,20101206,091206,19800,25
PANNERGY,0,20101206,091207,853,330
PANNERGY,0,20101206,091207,852,457
PANNERGY,0,20101206,091207,852,200
PANNERGY,0,20101206,091207,851,100
PANNERGY,0,20101206,091207,851,100
PANNERGY,0,20101206,091207,850,330
PANNERGY,0,20101206,091207,850,683
BUX1012,0,20101206,091209,21299,3
BUX1012,0,20101206,091209,21281,2
OTP,0,20101206,091213,5185,735
OTP,0,20101206,091215,5185,1
MOL,0,20101206,091215,19800,869
MOL,0,20101206,091215,19800,4
EGIS,0,20101206,091216,18850,47
EGIS,0,20101206,091216,18850,3
OTP,0,20101206,091216,5185,50
MOL,0,20101206,091217,19750,5
OTP,0,20101206,091219,5185,3
OTP,0,20101206,091220,5185,20
RICHTER,0,20101206,091221,43400,5
MOL,0,20101206,091222,19800,70
RICHTER,0,20101206,091227,43400,106
RICHTER,0,20101206,091227,43400,45
OTP,0,20101206,091227,5189,50
OTP,0,20101206,091227,5190,100
OTP,0,20101206,091227,5190,100
OTP,0,20101206,091227,5190,195
OTP,0,20101206,091227,5190,500
OTP,0,20101206,091227,5190,100
OTP,0,20101206,091227,5190,200
MOL,0,20101206,091232,19850,20
BUX1012,0,20101206,091234,21281,5
BUX1012,0,20101206,091234,21281,5
OTP,0,20101206,091239,5195,191
OTP,0,20101206,091240,5195,1809
BUX1012,0,20101206,091241,21281,1
MOL,0,20101206,091242,19850,378
PANNERGY,0,20101206,091243,850,317
PANNERGY,0,20101206,091243,850,100
PANNERGY,0,20101206,091243,850,1000
PANNERGY,0,20101206,091243,850,100
MOL,0,20101206,091247,19855,187
MOL,0,20101206,091247,19850,43
MOL,0,20101206,091248,19855,15
MOL,0,20101206,091248,19850,15
MOL,0,20101206,091252,19850,34
MOL,0,20101206,091300,19850,10
OTP,0,20101206,091305,5195,100
OTP,0,20101206,091305,5198,400
OTP,0,20101206,091305,5198,1000
OTP,0,20101206,091305,5195,91
OTP,0,20101206,091305,5195,9
OTP,0,20101206,091308,5195,76
OTP,0,20101206,091308,5190,1755
OTP,0,20101206,091308,5190,1000
OTP,0,20101206,091308,5190,169
MTELEKOM,0,20101206,091308,539,500
BUX1012,0,20101206,091308,21281,5
OTP,0,20101206,091317,5190,300
MOL,0,20101206,091318,19890,5
MTELEKOM,0,20101206,091319,539,100
MTELEKOM,0,20101206,091319,539,254
PANNERGY,0,20101206,091319,848,100
PANNERGY,0,20101206,091319,848,15
OTP,0,20101206,091320,5195,100
OTP,0,20101206,091325,5190,5
BUX1012,0,20101206,091326,21281,2
BUX1012,0,20101206,091326,21271,10
BUX1012,0,20101206,091326,21270.5,2
BUX1012,0,20101206,091326,21270,50
BUX1012,0,20101206,091326,21252.5,5
BUX1012,0,20101206,091326,21252,20
BUX1012,0,20101206,091326,21251.5,2
BUX1012,0,20101206,091326,21251,3
BUX1012,0,20101206,091326,21251,3
BUX1012,0,20101206,091326,21250,3
BUX1012,0,20101206,091326,21250,7
BUX1012,0,20101206,091326,21250,2
BUX1012,0,20101206,091326,21248,10
MOL,0,20101206,091328,19850,5
OTP,0,20101206,091329,5190,15
MOL,0,20101206,091333,19890,45
MTELEKOM,0,20101206,091337,538,110
MTELEKOM,0,20101206,091337,538,310
MTELEKOM,0,20101206,091337,538,580
MTELEKOM,0,20101206,091342,539,60
MTELEKOM,0,20101206,091342,540,1760
OTP,0,20101206,091342,5190,1343
OTP,0,20101206,091343,5190,50
PANNERGY,0,20101206,091348,848,415
PANNERGY,0,20101206,091348,850,185
OTP,0,20101206,091354,5195,25
OTP,0,20101206,091400,5195,175
OTP,0,20101206,091400,5195,1600
OTP,0,20101206,091400,5195,200
OTP,0,20101206,091400,5195,200
MOL,0,20101206,091402,19895,50
BUX1012,0,20101206,091403,21270,50
BUX1012,0,20101206,091404,21290,2
BUX1012,0,20101206,091404,21290,1
OTP,0,20101206,091406,5190,50
BUX1012,0,20101206,091416,21290,1
MTELEKOM,0,20101206,091417,540,100
OTP,0,20101206,091420,5190,68
OTP,0,20101206,091420,5190,90
OTP,0,20101206,091420,5190,242
BUX1012,0,20101206,091420,21290,8
BUX1012,0,20101206,091420,21271,10
MOL,0,20101206,091421,19815,6
MOL,0,20101206,091421,19810,79
MOL,0,20101206,091421,19805,215
BUX1012,0,20101206,091421,21300,50
BUX1012,0,20101206,091421,21300,10
BUX1012,0,20101206,091421,21300,10
OTP,0,20101206,091423,5190,200
MTELEKOM,0,20101206,091423,540,200
RABA,0,20101206,091425,811,344
RABA,0,20101206,091425,810,56
OTP,0,20101206,091431,5195,70
MTELEKOM,0,20101206,091435,540,359
MTELEKOM,0,20101206,091435,540,300
MTELEKOM,0,20101206,091435,540,20
OTP,0,20101206,091440,5199,1834
OTP,0,20101206,091440,5199,200
OTP,0,20101206,091440,5199,966
MOL,0,20101206,091441,19850,331
OTP,0,20101206,091442,5195,600
OTP,0,20101206,091443,5199,534
OTP,0,20101206,091443,5199,200
OTP,0,20101206,091443,5200,1907
OTP,0,20101206,091443,5200,200
OTP,0,20101206,091443,5200,159
OTP,0,20101206,091443,5200,41
OTP,0,20101206,091443,5200,200
OTP,0,20101206,091443,5200,99
BUX1012,0,20101206,091445,21300,6
OTP,0,20101206,091454,5200,20
BUX1012,0,20101206,091456,21300,1
OTP,0,20101206,091506,5198,200
BUX1012,0,20101206,091507,21300,43
RICHTER,0,20101206,091508,43400,3
OTP,0,20101206,091512,5200,381
OTP,0,20101206,091512,5200,600
OTP,0,20101206,091512,5200,1000
OTP,0,20101206,091512,5200,19
MTELEKOM,0,20101206,091513,538,1000
MTELEKOM,0,20101206,091513,538,920
MTELEKOM,0,20101206,091513,538,255
MTELEKOM,0,20101206,091513,537,1401
MTELEKOM,0,20101206,091513,537,2000
MTELEKOM,0,20101206,091513,537,2000
MTELEKOM,0,20101206,091513,537,424
MTELEKOM,0,20101206,091513,537,1000
EGIS,0,20101206,091514,18850,1
EGIS,0,20101206,091514,18850,7
BUX1012,0,20101206,091519,21300,50
OTP,0,20101206,091524,5200,150
BUX1012,0,20101206,091525,21305,1
FHB,0,20101206,091527,972,75
FHB,0,20101206,091527,972,225
MTELEKOM,0,20101206,091535,537,576
OTP,0,20101206,091535,5200,15
MOL,0,20101206,091536,19855,230
MOL,0,20101206,091536,19855,15
MOL,0,20101206,091536,19850,55
EGIS,0,20101206,091541,18850,4
EGIS,0,20101206,091541,18800,29
MTELEKOM,0,20101206,091541,536,110
MTELEKOM,0,20101206,091541,536,200
MTELEKOM,0,20101206,091541,536,300
MTELEKOM,0,20101206,091541,536,200
MTELEKOM,0,20101206,091541,536,500
MTELEKOM,0,20101206,091541,536,1250
MTELEKOM,0,20101206,091541,536,2555
MOL,0,20101206,091541,19850,45
MOL,0,20101206,091542,19850,298
MOL,0,20101206,091542,19850,2
OTP,0,20101206,091551,5200,300
MOL,0,20101206,091552,19850,48
OTP,0,20101206,091554,5200,116
OTP,0,20101206,091554,5200,100
OTP,0,20101206,091554,5200,700
OTP,0,20101206,091554,5200,100
OTP,0,20101206,091554,5200,200
OTP,0,20101206,091554,5200,784
MTELEKOM,0,20101206,091557,537,130
BUX1012,0,20101206,091559,21300,7
BUX1012,0,20101206,091559,21300,13
OTP,0,20101206,091600,5199,100
OTP,0,20101206,091600,5196,100
OTP,0,20101206,091601,5200,85
OTP,0,20101206,091602,5196,200
OTP,0,20101206,091602,5195,330
OTP,0,20101206,091602,5195,84
OTP,0,20101206,091602,5195,558
OTP,0,20101206,091602,5190,15
OTP,0,20101206,091602,5190,1000
OTP,0,20101206,091602,5190,513
EGIS,0,20101206,091607,18800,11
EGIS,0,20101206,091607,18800,19
RICHTER,0,20101206,091609,43400,101
MOL,0,20101206,091609,19890,9
MOL,0,20101206,091609,19890,11
OTP,0,20101206,091614,5200,131
OTP,0,20101206,091614,5200,25
OTP,0,20101206,091614,5200,1123
OTP,0,20101206,091614,5200,25
OTP,0,20101206,091614,5200,1200
OTP,0,20101206,091616,5200,400
BUX1012,0,20101206,091621,21324.5,1
OTP,0,20101206,091624,5205,100
OTP,0,20101206,091625,5205,30
OTP,0,20101206,091625,5200,70
OTP,0,20101206,091627,5200,25
BUX1012,0,20101206,091629,21320,2
FHB,0,20101206,091634,972,75
FHB,0,20101206,091634,970,20
FHB,0,20101206,091634,970,31
FHB,0,20101206,091649,970,69
FHB,0,20101206,091649,969,505
RABA,0,20101206,091651,812,28
FHB,0,20101206,091653,969,495
OTP,0,20101206,091655,5200,1000
OTP,0,20101206,091657,5200,1000
BUX1012,0,20101206,091706,21320,1
EGIS,0,20101206,091706,18800,10
MOL,0,20101206,091707,19850,10
RABA,0,20101206,091708,812,102
PANNERGY,0,20101206,091714,843,50
PANNERGY,0,20101206,091714,842,600
PANNERGY,0,20101206,091714,840,100
PANNERGY,0,20101206,091714,837,100
PANNERGY,0,20101206,091714,837,150
OTP,0,20101206,091718,5200,1
OTP,0,20101206,091718,5200,84
BUX1012,0,20101206,091726,21300,1
OTP,0,20101206,091726,5200,500
MOL,0,20101206,091728,19850,5
MOL,0,20101206,091730,19850,35
MTELEKOM,0,20101206,091737,537,125
MOL,0,20101206,091747,19850,4
OTP,0,20101206,091803,5199,100
OTP,0,20101206,091803,5200,90
BUX1012,0,20101206,091824,21300,3
BUX1012,0,20101206,091824,21300,1
MTELEKOM,0,20101206,091826,536,266
BUX1012,0,20101206,091831,21300,1
MOL,0,20101206,091834,19870,16
MOL,0,20101206,091834,19850,84
BUX1012,0,20101206,091839,21300,1
OTP,0,20101206,091842,5195,60
OTP,0,20101206,091844,5195,440
OTP,0,20101206,091844,5195,60
MTELEKOM,0,20101206,091845,537,50
OTP,0,20101206,091846,5195,29
OTP,0,20101206,091846,5195,50
MOL,0,20101206,091848,19870,564
PANNERGY,0,20101206,091853,849,398
PANNERGY,0,20101206,091854,850,200
MOL,0,20101206,091854,19850,5
MTELEKOM,0,20101206,091900,537,1000
MTELEKOM,0,20101206,091902,536,2179
MTELEKOM,0,20101206,091902,536,264
MTELEKOM,0,20101206,091902,536,120
MTELEKOM,0,20101206,091902,536,2000
MTELEKOM,0,20101206,091902,536,241
RICHTER,0,20101206,091912,43510,3
OTP,0,20101206,091914,5195,100
MOL,0,20101206,091915,19850,9
MOL,0,20101206,091915,19850,48
MOL,0,20101206,091915,19850,100
MOL,0,20101206,091915,19850,15
OTP,0,20101206,091919,5195,21
OTP,0,20101206,091922,5195,79
OTP,0,20101206,091930,5192,2096
OTP,0,20101206,091933,5194,21
OTP,0,20101206,091933,5195,29
MOL,0,20101206,091939,19805,55
OTP,0,20101206,091943,5194,130
OTP,0,20101206,091943,5195,71
OTP,0,20101206,091943,5198,50
OTP,0,20101206,091943,5199,749
BUX1012,0,20101206,091943,21300,10
BUX1012,0,20101206,091943,21300,35
MTELEKOM,0,20101206,091950,536,100
OTP,0,20101206,091957,5191,100
ANY,0,20101206,091959,700,20
ANY,0,20101206,091959,697,10
ANY,0,20101206,091959,690,110
ANY,0,20101206,091959,690,100
OTP,0,20101206,092000,5191,100
OTP,0,20101206,092000,5191,110
BUX1012,0,20101206,092002,21283,1
BUX1012,0,20101206,092002,21282,3
BUX1012,0,20101206,092002,21275,1
MOL,0,20101206,092002,19810,5
MTELEKOM,0,20101206,092002,535,100
MTELEKOM,0,20101206,092002,535,900
MTELEKOM,0,20101206,092002,535,213
MTELEKOM,0,20101206,092006,536,96
MTELEKOM,0,20101206,092013,537,190
OTP,0,20101206,092019,5198,65
OTP,0,20101206,092019,5199,135
MOL,0,20101206,092022,19810,256
MOL,0,20101206,092022,19810,100
MOL,0,20101206,092022,19805,52
MOL,0,20101206,092022,19805,5
MOL,0,20101206,092022,19800,100
BUX1012,0,20101206,092022,21275,1
MTELEKOM,0,20101206,092030,536,29
MTELEKOM,0,20101206,092030,536,100
MTELEKOM,0,20101206,092030,535,1787
MTELEKOM,0,20101206,092030,535,60
MTELEKOM,0,20101206,092030,535,374
MTELEKOM,0,20101206,092030,535,200
MTELEKOM,0,20101206,092030,535,200
MTELEKOM,0,20101206,092030,535,2000
MTELEKOM,0,20101206,092030,535,500
MTELEKOM,0,20101206,092030,535,750
OTP,0,20101206,092031,5191,67
FHB,0,20101206,092032,967,800
OTP,0,20101206,092038,5191,50
OTP,0,20101206,092040,5191,70
MTELEKOM,0,20101206,092044,536,241
MTELEKOM,0,20101206,092044,536,200
MTELEKOM,0,20101206,092044,535,2455
OTP,0,20101206,092044,5195,100
OTP,0,20101206,092047,5195,300
OTP,0,20101206,092047,5195,85
OTP,0,20101206,092047,5191,203
OTP,0,20101206,092047,5190,1087
OTP,0,20101206,092047,5190,20
OTP,0,20101206,092047,5190,400
OTP,0,20101206,092047,5190,210
OTP,0,20101206,092047,5190,500
MOL,0,20101206,092049,19770,300
MOL,0,20101206,092049,19770,15
MOL,0,20101206,092049,19770,100
RABA,0,20101206,092052,812,398
RABA,0,20101206,092052,810,44
RABA,0,20101206,092052,810,58
MTELEKOM,0,20101206,092101,535,1795
MTELEKOM,0,20101206,092101,535,2000
MTELEKOM,0,20101206,092101,535,300
MTELEKOM,0,20101206,092101,535,50
MTELEKOM,0,20101206,092101,535,500
OTP,0,20101206,092101,5186,50
PANNERGY,0,20101206,092104,855,100
PANNERGY,0,20101206,092104,857,400
RICHTER,0,20101206,092108,43500,3
MOL,0,20101206,092115,19750,10
MOL,0,20101206,092115,19750,50
MOL,0,20101206,092115,19750,200
MOL,0,20101206,092115,19750,100
OTP,0,20101206,092116,5189,75
OTP,0,20101206,092116,5190,3120
MOL,0,20101206,092121,19715,3
MOL,0,20101206,092124,19715,97
MOL,0,20101206,092124,19715,135
MOL,0,20101206,092124,19705,30
MOL,0,20101206,092124,19705,100
MOL,0,20101206,092124,19700,6
MOL,0,20101206,092124,19700,100
MOL,0,20101206,092124,19700,100
MOL,0,20101206,092124,19690,5
FHB,0,20101206,092127,969,75
MOL,0,20101206,092132,19690,10
FHB,0,20101206,092133,967,200
FHB,0,20101206,092133,966,25
MTELEKOM,0,20101206,092134,534,100
MTELEKOM,0,20101206,092134,534,90
MTELEKOM,0,20101206,092134,534,125
MTELEKOM,0,20101206,092135,534,1000
BUX1012,0,20101206,092137,21270,10
ECONET,0,20101206,092142,93,200
ECONET,0,20101206,092142,93,1000
ECONET,0,20101206,092142,93,1000
ECONET,0,20101206,092142,93,2000
ECONET,0,20101206,092142,93,3200
ECONET,0,20101206,092142,93,535
ECONET,0,20101206,092142,93,4000
ECONET,0,20101206,092142,93,2000
PHYLAXIA,0,20101206,092144,46,1093
PHYLAXIA,0,20101206,092144,46,400
PHYLAXIA,0,20101206,092144,46,500
OTP,0,20101206,092150,5186,150
OTP,0,20101206,092150,5185,20
OTP,0,20101206,092150,5185,1000
OTP,0,20101206,092150,5185,300
OTP,0,20101206,092150,5185,128
OTP,0,20101206,092151,5185,100
MOL,0,20101206,092154,19690,58
MOL,0,20101206,092202,19690,2
MOL,0,20101206,092203,19690,9
MOL,0,20101206,092205,19690,6
MTELEKOM,0,20101206,092205,534,1000
MOL,0,20101206,092208,19690,10
MTELEKOM,0,20101206,092208,534,537
OTP,0,20101206,092210,5183,60
MOL,0,20101206,092212,19700,3
MOL,0,20101206,092212,19700,50
MOL,0,20101206,092212,19700,500
MOL,0,20101206,092212,19700,97
MOL,0,20101206,092214,19700,77
BUX1012,0,20101206,092214,21279,8
MOL,0,20101206,092215,19700,16
MOL,0,20101206,092215,19700,30
MOL,0,20101206,092215,19700,4
ECONET,0,20101206,092216,93,200
MOL,0,20101206,092221,19700,4
MOL,0,20101206,092223,19700,73
MOL,0,20101206,092223,19700,100
MOL,0,20101206,092223,19700,350
MOL,0,20101206,092227,19700,4
MTELEKOM,0,20101206,092227,534,125
OTP,0,20101206,092230,5183,60
OTP,0,20101206,092230,5183,15
BUX1012,0,20101206,092233,21278,1
OTP,0,20101206,092233,5185,5000
BUX1012,0,20101206,092235,21267,1
OTP,0,20101206,092236,5185,850
BUX1012,0,20101206,092239,21278,20
OTP,0,20101206,092239,5183,208
OTP,0,20101206,092241,5185,500
MOL,0,20101206,092242,19700,85
CSEPEL,0,20101206,092243,266,400
BUX1012,0,20101206,092243,21279,9
MTELEKOM,0,20101206,092244,534,1000
OTP,0,20101206,092246,5184,400
OTP,0,20101206,092246,5185,38
OTP,0,20101206,092246,5185,100
OTP,0,20101206,092246,5185,20
MOL,0,20101206,092248,19745,341
OTP,0,20101206,092251,5185,200
MTELEKOM,0,20101206,092253,534,1000
MTELEKOM,0,20101206,092256,534,200
OTP,0,20101206,092300,5185,50
MTELEKOM,0,20101206,092301,534,1000
MTELEKOM,0,20101206,092302,534,200
MTELEKOM,0,20101206,092306,534,623
OTP,0,20101206,092313,5190,75
OTP,0,20101206,092313,5190,20
OTP,0,20101206,092313,5190,50
OTP,0,20101206,092316,5185,192
OTP,0,20101206,092316,5185,8
PANNERGY,0,20101206,092317,850,12
PANNERGY,0,20101206,092317,850,8
MTELEKOM,0,20101206,092318,535,220
PANNERGY,0,20101206,092320,850,92
RICHTER,0,20101206,092320,43500,3
MOL,0,20101206,092321,19745,5
PANNERGY,0,20101206,092321,850,8
MOL,0,20101206,092325,19745,50
OTP,0,20101206,092325,5185,80
MTELEKOM,0,20101206,092328,535,5115
PANNERGY,0,20101206,092330,850,92
MOL,0,20101206,092338,19705,10
OTP,0,20101206,092339,5186,50
KEG,0,20101206,092341,156,600
KEG,0,20101206,092341,156,42
KEG,0,20101206,092341,156,1300
OTP,0,20101206,092342,5185,5
FREESOFT,0,20101206,092344,1955,11
OTP,0,20101206,092344,5186,18
RICHTER,0,20101206,092348,43375,3
RICHTER,0,20101206,092348,43350,5
RICHTER,0,20101206,092348,43350,40
RICHTER,0,20101206,092348,43350,2
ECONET,0,20101206,092349,93,514
MOL,0,20101206,092350,19745,60
OTP,0,20101206,092350,5186,100
FHB,0,20101206,092354,966,96
FHB,0,20101206,092354,966,451
FHB,0,20101206,092354,966,70
OTP,0,20101206,092357,5186,100
OTP,0,20101206,092404,5186,827
PANNERGY,0,20101206,092405,850,8
PANNERGY,0,20101206,092405,855,400
PANNERGY,0,20101206,092405,855,500
PANNERGY,0,20101206,092405,856,25
RICHTER,0,20101206,092408,43300,14
MOL,0,20101206,092408,19745,5
MOL,0,20101206,092409,19745,45
MOL,0,20101206,092409,19750,640
BUX1012,0,20101206,092411,21267,2
BUX1012,0,20101206,092411,21266,2
BUX1012,0,20101206,092411,21265,1
BUX1012,0,20101206,092411,21256,1
BUX1012,0,20101206,092411,21256,10
BUX1012,0,20101206,092411,21255,1
BUX1012,0,20101206,092411,21251,3
EGIS,0,20101206,092415,18800,15
MOL,0,20101206,092416,19760,5
MOL,0,20101206,092416,19750,5
MOL,0,20101206,092416,19740,31
FHB,0,20101206,092422,966,125
BUX1012,0,20101206,092429,21251,12
BUX1012,0,20101206,092429,21250,20
EGIS,0,20101206,092433,18750,14
EGIS,0,20101206,092433,18750,6
BUX1012,0,20101206,092434,21240,5
BUX1012,0,20101206,092434,21230,2
BUX1012,0,20101206,092434,21230,3
FHB,0,20101206,092437,965,75
FHB,0,20101206,092437,964,58
FHB,0,20101206,092437,962,75
FHB,0,20101206,092437,962,200
FHB,0,20101206,092437,962,90
FHB,0,20101206,092437,961,478
OTP,0,20101206,092451,5189,1000
MTELEKOM,0,20101206,092454,535,195
MOL,0,20101206,092458,19800,6
MOL,0,20101206,092501,19770,16
OTP,0,20101206,092507,5187,55
MTELEKOM,0,20101206,092508,535,305
MTELEKOM,0,20101206,092508,535,95
RFV,0,20101206,092520,7830,20
RFV,0,20101206,092520,7810,20
OTP,0,20101206,092521,5190,100
OTP,0,20101206,092526,5186,173
OTP,0,20101206,092526,5186,60
OTP,0,20101206,092526,5186,13
OTP,0,20101206,092526,5185,7
OTP,0,20101206,092526,5185,47
KEG,0,20101206,092531,155,1000
KEG,0,20101206,092531,155,150
KEG,0,20101206,092531,155,400
KEG,0,20101206,092531,154,3060
OTP,0,20101206,092533,5190,200
OTP,0,20101206,092533,5190,289
OTP,0,20101206,092533,5190,18
OTP,0,20101206,092533,5190,50
OTP,0,20101206,092533,5190,185
BUX1012,0,20101206,092533,21224,2
BUX1012,0,20101206,092533,21223,3
KEG,0,20101206,092538,154,645
OTP,0,20101206,092543,5190,200
BUX1012,0,20101206,092549,21223,1
KEG,0,20101206,092558,154,295
KEG,0,20101206,092558,153,700
KEG,0,20101206,092558,153,366
KEG,0,20101206,092558,153,639
BUX1012,0,20101206,092609,21230,1
OTP,0,20101206,092609,5190,116
BUX1012,0,20101206,092611,21223,6
BUX1012,0,20101206,092611,21213,1
BUX1012,0,20101206,092611,21213,3
BUX1012,0,20101206,092611,21218,2
BUX1012,0,20101206,092614,21218,7
OTP,0,20101206,092616,5190,100
BUX1012,0,20101206,092616,21230,1
RICHTER,0,20101206,092617,43300,6
RICHTER,0,20101206,092617,43300,1
BUX1012,0,20101206,092617,21213,10
BUX1012,0,20101206,092618,21213,1
KEG,0,20101206,092624,153,361
KEG,0,20101206,092624,153,239
MOL,0,20101206,092625,19770,50
BUX1012,0,20101206,092632,21216,6
BUX1012,0,20101206,092637,21230,1
MTELEKOM,0,20101206,092638,536,230
KEG,0,20101206,092639,153,111
KEG,0,20101206,092639,152,889
OTP,0,20101206,092644,5190,55
MOL,0,20101206,092644,19770,30
OTP,0,20101206,092649,5193,87
OTP,0,20101206,092650,5190,170
MOL,0,20101206,092700,19760,16
RICHTER,0,20101206,092717,43350,1
MTELEKOM,0,20101206,092719,536,70
MTELEKOM,0,20101206,092723,537,199
MOL,0,20101206,092726,19750,39
MOL,0,20101206,092726,19750,3
BUX1012,0,20101206,092727,21220,1
BUX1012,0,20101206,092731,21225,1
OTP,0,20101206,092732,5190,200
RABA,0,20101206,092732,810,12
RABA,0,20101206,092732,810,130
RABA,0,20101206,092732,810,200
RABA,0,20101206,092732,810,158
MOL,0,20101206,092734,19750,131
MOL,0,20101206,092734,19750,15
BUX1012,0,20101206,092743,21220,2
BUX1012,0,20101206,092743,21213,1
BUX1012,0,20101206,092743,21212,1
BUX1012,0,20101206,092743,21212,6
OTP,0,20101206,092750,5190,20
OTP,0,20101206,092750,5192,10
OTP,0,20101206,092755,5190,1164
MTELEKOM,0,20101206,092757,537,2000
OTP,0,20101206,092757,5190,8
OTP,0,20101206,092757,5190,88
OTP,0,20101206,092757,5190,36
OTP,0,20101206,092757,5190,50
OTP,0,20101206,092757,5190,218
MTELEKOM,0,20101206,092759,537,77
OTP,0,20101206,092801,5190,400
MOL,0,20101206,092801,19760,50
MTELEKOM,0,20101206,092804,537,224
MTELEKOM,0,20101206,092804,537,46
OTP,0,20101206,092804,5190,200
KEG,0,20101206,092808,153,600
OTP,0,20101206,092815,5190,100
MTELEKOM,0,20101206,092816,537,1454
MTELEKOM,0,20101206,092832,539,400
OTP,0,20101206,092834,5190,82
OTP,0,20101206,092834,5190,2
OTP,0,20101206,092834,5190,19
OTP,0,20101206,092838,5190,67
OTP,0,20101206,092838,5190,85
OTP,0,20101206,092838,5190,48
BUX1012,0,20101206,092839,21211,1
BUX1012,0,20101206,092839,21205,1
BUX1012,0,20101206,092839,21203,1
KEG,0,20101206,092841,153,500
KEG,0,20101206,092842,153,1900
KEG,0,20101206,092845,153,500
KEG,0,20101206,092845,152,113
KEG,0,20101206,092845,152,387
RICHTER,0,20101206,092846,43325,2
RICHTER,0,20101206,092846,43300,23
MOL,0,20101206,092851,19770,4
FHB,0,20101206,092854,965,75
OTP,0,20101206,092857,5190,100
OTP,0,20101206,092907,5190,52
MOL,0,20101206,092909,19760,14
OTP,0,20101206,092914,5190,18
FHB,0,20101206,092917,965,88
MOL,0,20101206,092920,19750,10
MOL,0,20101206,092920,19750,16
MOL,0,20101206,092920,19740,60
OTP,0,20101206,092923,5191,12
PHYLAXIA,0,20101206,092925,45,1
MTELEKOM,0,20101206,092925,539,100
MTELEKOM,0,20101206,092925,539,156
BUX1012,0,20101206,092940,21220,20
ECONET,0,20101206,092941,93,136
ECONET,0,20101206,092941,93,364
MTELEKOM,0,20101206,092943,537,546
MTELEKOM,0,20101206,092943,537,160
MTELEKOM,0,20101206,092943,537,240
MTELEKOM,0,20101206,092943,537,2000
MTELEKOM,0,20101206,092943,537,2000
PHYLAXIA,0,20101206,092943,45,2750
BUX1012,0,20101206,092943,21220,2
MTELEKOM,0,20101206,092948,537,1500
BUX1012,0,20101206,092949,21220,50
MTELEKOM,0,20101206,092951,536,167
BUX1012,0,20101206,092959,21230,1
BUX1012,0,20101206,093001,21220,28
RABA,0,20101206,093004,810,42
RABA,0,20101206,093004,809,100
RABA,0,20101206,093004,808,88
RABA,0,20101206,093004,808,20
RABA,0,20101206,093004,808,13
BUX1012,0,20101206,093004,21221,1
MOL,0,20101206,093006,19740,304
BUX1012,0,20101206,093007,21220,1
FHB,0,20101206,093009,965,75
BUX1012,0,20101206,093010,21220,10
MOL,0,20101206,093011,19740,5
MOL,0,20101206,093011,19740,100
MOL,0,20101206,093011,19740,95
MTELEKOM,0,20101206,093014,537,2000
OTP,0,20101206,093014,5190,25
OTP,0,20101206,093014,5190,1100
OTP,0,20101206,093014,5186,5
OTP,0,20101206,093014,5185,1
OTP,0,20101206,093014,5185,50
MTELEKOM,0,20101206,093015,537,200
MOL,0,20101206,093016,19775,4
RICHTER,0,20101206,093017,43345,50
OTP,0,20101206,093020,5184,100
OTP,0,20101206,093020,5183,80
MOL,0,20101206,093024,19740,5
OTP,0,20101206,093025,5183,50
MTELEKOM,0,20101206,093027,537,1354
MTELEKOM,0,20101206,093027,537,1646
OTP,0,20101206,093031,5185,50
MTELEKOM,0,20101206,093032,536,4967
BUX1012,0,20101206,093032,21213,1
BUX1012,0,20101206,093032,21213,4
MOL,0,20101206,093046,19720,100
MOL,0,20101206,093046,19710,5
MOL,0,20101206,093046,19705,290
MOL,0,20101206,093046,19705,600
MOL,0,20101206,093046,19700,50
MOL,0,20101206,093046,19700,15
MOL,0,20101206,093046,19700,10
MOL,0,20101206,093046,19700,10
MOL,0,20101206,093046,19700,17
MTELEKOM,0,20101206,093048,537,200
BUX1012,0,20101206,093053,21219,2
MOL,0,20101206,093058,19700,10
RICHTER,0,20101206,093058,43320,2
RICHTER,0,20101206,093058,43305,100
RICHTER,0,20101206,093058,43305,2
MOL,0,20101206,093100,19700,16
BUX1012,0,20101206,093103,21213,27
BUX1012,0,20101206,093104,21219,1
BUX1012,0,20101206,093104,21220,1
OTP,0,20101206,093107,5183,245
OTP,0,20101206,093107,5183,141
OTP,0,20101206,093109,5183,250
RICHTER,0,20101206,093111,43305,1
RICHTER,0,20101206,093111,43300,22
RICHTER,0,20101206,093111,43200,1
RICHTER,0,20101206,093111,43155,151
BUX1012,0,20101206,093113,21203.5,5
BUX1012,0,20101206,093113,21203,1
BUX1012,0,20101206,093113,21202.5,3
BUX1012,0,20101206,093113,21202,9
BUX1012,0,20101206,093113,21202,2
MOL,0,20101206,093114,19690,50
MOL,0,20101206,093114,19685,5
MOL,0,20101206,093114,19655,5
MOL,0,20101206,093114,19655,5
MOL,0,20101206,093114,19650,10
MOL,0,20101206,093114,19650,25
MOL,0,20101206,093114,19650,15
OTP,0,20101206,093116,5185,5
OTP,0,20101206,093116,5185,1
BUX1012,0,20101206,093118,21220,2
OTP,0,20101206,093119,5183,261
OTP,0,20101206,093119,5183,1000
OTP,0,20101206,093119,5182,100
OTP,0,20101206,093119,5182,139
OTP,0,20101206,093119,5182,61
OTP,0,20101206,093119,5182,215
OTP,0,20101206,093119,5181,415
OTP,0,20101206,093121,5181,3500
OTP,0,20101206,093122,5185,50
BUX1012,0,20101206,093122,21200,50
PHYLAXIA,0,20101206,093122,45,2000
BUX1012,0,20101206,093122,21200,14
BUX1012,0,20101206,093122,21200,3
BUX1012,0,20101206,093122,21200,1
OTP,0,20101206,093126,5181,912
OTP,0,20101206,093126,5181,88
OTP,0,20101206,093128,5185,56
RABA,0,20101206,093131,808,300
OTP,0,20101206,093132,5185,1000
BUX1012,0,20101206,093135,21180.5,1
OTP,0,20101206,093136,5185,2944
OTP,0,20101206,093136,5185,56
BUX1012,0,20101206,093139,21180,3
BUX1012,0,20101206,093139,21180,7
BUX1012,0,20101206,093139,21170,3
PHYLAXIA,0,20101206,093140,45,400
BUX1012,0,20101206,093146,21200,2
OTP,0,20101206,093147,5190,1200
MOL,0,20101206,093151,19655,10
MOL,0,20101206,093151,19650,10
MOL,0,20101206,093151,19650,10
MOL,0,20101206,093151,19650,10
MOL,0,20101206,093151,19650,235
ECONET,0,20101206,093201,93,2636
BUX1012,0,20101206,093202,21200,1
MOL,0,20101206,093203,19650,25
BUX1012,0,20101206,093204,21165.5,1
BUX1012,0,20101206,093204,21165,1
OTP,0,20101206,093211,5190,100
BUX1012,0,20101206,093212,21165,2
BUX1012,0,20101206,093212,21155,1
BUX1012,0,20101206,093212,21155,1
OTP,0,20101206,093227,5190,1000
OTP,0,20101206,093232,5191,163
OTP,0,20101206,093232,5191,150
MTELEKOM,0,20101206,093234,537,105
MOL,0,20101206,093239,19650,240
MOL,0,20101206,093239,19650,200
MOL,0,20101206,093239,19650,10
MOL,0,20101206,093239,19650,35
MOL,0,20101206,093239,19610,50
MOL,0,20101206,093239,19610,100
MOL,0,20101206,093239,19605,55
MOL,0,20101206,093245,19605,500
OTP,0,20101206,093300,5191,500
OTP,0,20101206,093303,5191,60
FHB,0,20101206,093304,965,103
OTP,0,20101206,093306,5191,50
MOL,0,20101206,093316,19650,50
BUX1012,0,20101206,093324,21189,1
BUX1012,0,20101206,093327,21162,10
BUX1012,0,20101206,093327,21161,10
BUX1012,0,20101206,093327,21160,4
BUX1012,0,20101206,093327,21160,1
BUX1012,0,20101206,093327,21160,10
EGIS,0,20101206,093327,18725,7
OTP,0,20101206,093328,5191,77
OTP,0,20101206,093328,5190,1723
BUX1012,0,20101206,093329,21160,15
MOL,0,20101206,093330,19650,450
MOL,0,20101206,093330,19650,15
MOL,0,20101206,093330,19650,20
MOL,0,20101206,093330,19650,200
OTP,0,20101206,093332,5192,28
OTP,0,20101206,093332,5192,22
OTP,0,20101206,093332,5190,556
DANUBIUS,0,20101206,093337,3800,10
DANUBIUS,0,20101206,093337,3785,20
BUX1012,0,20101206,093341,21170,2
MOL,0,20101206,093344,19610,35
MOL,0,20101206,093344,19610,50
MOL,0,20101206,093344,19610,90
MOL,0,20101206,093344,19605,50
MOL,0,20101206,093344,19605,45
OTP,0,20101206,093345,5190,421
OTP,0,20101206,093345,5190,70
OTP,0,20101206,093345,5190,29
OTP,0,20101206,093345,5190,330
MTELEKOM,0,20101206,093352,537,49
MTELEKOM,0,20101206,093352,537,51
BUX1012,0,20101206,093401,21176,1
BUX1012,0,20101206,093401,21184,1
MOL,0,20101206,093409,19615,10
MOL,0,20101206,093409,19605,121
KEG,0,20101206,093411,154,1000
MOL,0,20101206,093412,19640,200
MOL,0,20101206,093412,19650,50
BUX1012,0,20101206,093412,21170,3
BUX1012,0,20101206,093415,21161,2
MOL,0,20101206,093416,19645,10
MOL,0,20101206,093416,19650,240
OTP,0,20101206,093418,5190,20
OTP,0,20101206,093427,5190,230
OTP,0,20101206,093427,5190,68
MOL,0,20101206,093434,19650,36
RICHTER,0,20101206,093449,43290,4
MTELEKOM,0,20101206,093449,537,273
BUX1012,0,20101206,093449,21170,32
BUX1012,0,20101206,093451,21161,6
BUX1012,0,20101206,093451,21156,18
BUX1012,0,20101206,093451,21155,5
BUX1012,0,20101206,093451,21155,1
MTELEKOM,0,20101206,093456,537,100
MOL,0,20101206,093501,19690,250
MOL,0,20101206,093501,19690,210
MOL,0,20101206,093501,19695,40
BUX1012,0,20101206,093505,21155,2
BUX1012,0,20101206,093505,21153,1
BUX1012,0,20101206,093505,21153,15
BUX1012,0,20101206,093505,21152,15
BUX1012,0,20101206,093505,21151,51
BUX1012,0,20101206,093505,21150,3
BUX1012,0,20101206,093505,21150,6
BUX1012,0,20101206,093505,21150,98
BUX1012,0,20101206,093505,21143,1
BUX1012,0,20101206,093505,21140.5,2
BUX1012,0,20101206,093508,21150,9
FHB,0,20101206,093509,961,22
FHB,0,20101206,093509,961,8
BUX1012,0,20101206,093511,21130,4
BUX1012,0,20101206,093511,21120,1
BUX1012,0,20101206,093511,21120,2
MOL,0,20101206,093513,19695,160
MOL,0,20101206,093513,19695,20
MOL,0,20101206,093513,19695,35
MOL,0,20101206,093513,19700,35
MOL,0,20101206,093514,19700,165
MOL,0,20101206,093514,19700,50
OTP,0,20101206,093518,5190,352
OTP,0,20101206,093518,5190,86
OTP,0,20101206,093518,5190,85
OTP,0,20101206,093518,5190,77
MTELEKOM,0,20101206,093523,537,167
OTP,0,20101206,093525,5190,400
OTP,0,20101206,093526,5190,150
OTP,0,20101206,093530,5190,181
EGIS,0,20101206,093531,18725,1
EGIS,0,20101206,093531,18710,32
BUX1012,0,20101206,093531,21150,2
MTELEKOM,0,20101206,093531,536,866
MTELEKOM,0,20101206,093531,536,4249
MOL,0,20101206,093531,19700,35
MOL,0,20101206,093531,19700,16
MOL,0,20101206,093531,19700,292
OTP,0,20101206,093531,5190,1123
BUX1012,0,20101206,093533,21150,20
BUX1012,0,20101206,093535,21150,28
MTELEKOM,0,20101206,093537,536,751
MTELEKOM,0,20101206,093537,536,245
MTELEKOM,0,20101206,093537,536,400
MTELEKOM,0,20101206,093537,536,251
MTELEKOM,0,20101206,093537,536,100
BUX1012,0,20101206,093539,21178,1
BUX1012,0,20101206,093540,21141,5
BUX1012,0,20101206,093540,21140,9
MTELEKOM,0,20101206,093545,535,1500
MTELEKOM,0,20101206,093545,535,1308
RICHTER,0,20101206,093557,43260,2
BUX1012,0,20101206,093600,21150.5,20
OTP,0,20101206,093602,5191,100
BUX1012,0,20101206,093604,21178,2
MTELEKOM,0,20101206,093604,536,185
KEG,0,20101206,093607,155,60
MTELEKOM,0,20101206,093610,535,692
MTELEKOM,0,20101206,093610,535,100
MTELEKOM,0,20101206,093610,535,100
MTELEKOM,0,20101206,093610,535,500
MOL,0,20101206,093616,19700,332
OTP,0,20101206,093617,5190,10
MTELEKOM,0,20101206,093618,535,750
RICHTER,0,20101206,093619,43250,100
MOL,0,20101206,093620,19700,132
MOL,0,20101206,093620,19680,18
OTP,0,20101206,093620,5193,100
OTP,0,20101206,093620,5194,50
OTP,0,20101206,093620,5195,65
OTP,0,20101206,093620,5195,1000
OTP,0,20101206,093620,5198,200
OTP,0,20101206,093620,5199,200
OTP,0,20101206,093620,5199,200
OTP,0,20101206,093620,5199,80
OTP,0,20101206,093620,5190,501
OTP,0,20101206,093620,5185,100
OTP,0,20101206,093620,5181,912
OTP,0,20101206,093620,5181,94
MOL,0,20101206,093624,19685,5
EGIS,0,20101206,093628,18745,15
EGIS,0,20101206,093628,18750,10
OTP,0,20101206,093629,5200,2957
OTP,0,20101206,093629,5200,2000
OTP,0,20101206,093629,5200,400
OTP,0,20101206,093629,5200,200
OTP,0,20101206,093629,5200,1000
OTP,0,20101206,093629,5200,15
OTP,0,20101206,093629,5200,100
OTP,0,20101206,093629,5200,30
OTP,0,20101206,093629,5200,120
OTP,0,20101206,093629,5200,1000
BUX1012,0,20101206,093632,21181,2
OTP,0,20101206,093633,5201,100
BUX1012,0,20101206,093636,21184,4
BUX1012,0,20101206,093636,21185,5
BUX1012,0,20101206,093636,21186,5
BUX1012,0,20101206,093636,21187,5
BUX1012,0,20101206,093636,21188,5
BUX1012,0,20101206,093636,21188.5,5
OTP,0,20101206,093638,5201,260
OTP,0,20101206,093639,5190,500
MTELEKOM,0,20101206,093641,536,500
EGIS,0,20101206,093643,18750,34
MOL,0,20101206,093644,19710,250
MOL,0,20101206,093644,19710,50
MOL,0,20101206,093644,19735,200
MOL,0,20101206,093647,19735,230
BUX1012,0,20101206,093650,21190,5
BUX1012,0,20101206,093650,21200,1
MOL,0,20101206,093652,19735,430
BUX1012,0,20101206,093655,21200,7
BUX1012,0,20101206,093655,21200,5
MOL,0,20101206,093658,19735,10
OTP,0,20101206,093701,5195,740
BUX1012,0,20101206,093702,21219,10
MOL,0,20101206,093702,19750,39
MOL,0,20101206,093702,19750,211
MOL,0,20101206,093705,19750,39
MOL,0,20101206,093705,19760,4
OTP,0,20101206,093711,5200,500
OTP,0,20101206,093711,5200,500
OTP,0,20101206,093715,5200,500
ORC,0,20101206,093718,2050,2
ORC,0,20101206,093718,2035,12
ORC,0,20101206,093718,2025,136
OTP,0,20101206,093723,5200,1000
BUX1012,0,20101206,093727,21219,5
MOL,0,20101206,093728,19760,30
KEG,0,20101206,093732,155,100
MOL,0,20101206,093733,19760,47
MOL,0,20101206,093733,19760,51
BUX1012,0,20101206,093740,21220,1
BUX1012,0,20101206,093740,21220,2
OTP,0,20101206,093745,5200,50
OTP,0,20101206,093748,5204,50
OTP,0,20101206,093748,5204,13
OTP,0,20101206,093748,5204,17
RICHTER,0,20101206,093750,43210,1
OTP,0,20101206,093751,5204,33
MTELEKOM,0,20101206,093756,536,120
OTP,0,20101206,093802,5205,200
OTP,0,20101206,093802,5205,10
OTP,0,20101206,093802,5205,25
OTP,0,20101206,093802,5205,25
OTP,0,20101206,093809,5204,17
MTELEKOM,0,20101206,093820,536,2000
MTELEKOM,0,20101206,093820,536,448
OTP,0,20101206,093822,5204,3
OTP,0,20101206,093822,5205,27
EGIS,0,20101206,093825,18795,80
BUX1012,0,20101206,093827,21225,5
BUX1012,0,20101206,093833,21203,2
BUX1012,0,20101206,093833,21203,1
MTELEKOM,0,20101206,093835,536,552
MTELEKOM,0,20101206,093835,536,263
KEG,0,20101206,093840,155,1840
MOL,0,20101206,093847,19735,15
MOL,0,20101206,093847,19715,500
MOL,0,20101206,093847,19710,186
RICHTER,0,20101206,093848,43245,2
MOL,0,20101206,093851,19710,4
RICHTER,0,20101206,093858,43210,2
RICHTER,0,20101206,093858,43210,2
RICHTER,0,20101206,093858,43210,75
FHB,0,20101206,093900,965,250
MTELEKOM,0,20101206,093900,535,1000
RICHTER,0,20101206,093901,43180,85
ECONET,0,20101206,093904,93,2364
ECONET,0,20101206,093904,93,12636
RICHTER,0,20101206,093908,43150,50
MTELEKOM,0,20101206,093914,536,4000
BUX1012,0,20101206,093916,21210,5
BUX1012,0,20101206,093926,21230,1
OTP,0,20101206,093927,5201,1000
ECONET,0,20101206,093946,93,2000
MOL,0,20101206,093949,19720,5
OTP,0,20101206,094011,5205,130
MTELEKOM,0,20101206,094016,536,185
BUX1012,0,20101206,094019,21220,1
OTP,0,20101206,094034,5205,318
OTP,0,20101206,094034,5205,95
OTP,0,20101206,094040,5210,40
OTP,0,20101206,094040,5210,400
OTP,0,20101206,094040,5210,400
OTP,0,20101206,094040,5210,1000
KEG,0,20101206,094041,155,160
MOL,0,20101206,094048,19770,10
MOL,0,20101206,094048,19770,250
MOL,0,20101206,094048,19775,1475
ECONET,0,20101206,094052,93,800
OTP,0,20101206,094057,5215,28
OTP,0,20101206,094101,5215,59
OTP,0,20101206,094101,5215,89
OTP,0,20101206,094101,5205,352
BUX1012,0,20101206,094102,21225,1
BUX1012,0,20101206,094102,21228,3
BUX1012,0,20101206,094102,21229,10
MOL,0,20101206,094106,19750,30
ECONET,0,20101206,094117,93,2000
ECONET,0,20101206,094120,93,300
OTP,0,20101206,094122,5205,182
OTP,0,20101206,094127,5205,900
RICHTER,0,20101206,094130,43180,10
BUX1012,0,20101206,094131,21225,3
MTELEKOM,0,20101206,094136,537,409
MTELEKOM,0,20101206,094136,537,1000
MTELEKOM,0,20101206,094136,537,500
MTELEKOM,0,20101206,094136,538,91
OTP,0,20101206,094136,5205,153
OTP,0,20101206,094136,5205,89
OTP,0,20101206,094136,5205,65
OTP,0,20101206,094136,5202,83
RICHTER,0,20101206,094138,43180,5
BUX1012,0,20101206,094148,21229,3
OTP,0,20101206,094151,5205,110
MOL,0,20101206,094152,19720,5000
MOL,0,20101206,094156,19760,100
ECONET,0,20101206,094159,93,2864
RICHTER,0,20101206,094202,43200,44
RICHTER,0,20101206,094202,43200,56
BUX1012,0,20101206,094204,21228,1
BUX1012,0,20101206,094205,21210,1
BUX1012,0,20101206,094205,21210,2
OTP,0,20101206,094205,5205,190
KEG,0,20101206,094211,155,840
KEG,0,20101206,094211,155,500
KEG,0,20101206,094211,155,1000
KEG,0,20101206,094211,156,47860
BUX1012,0,20101206,094216,21228,1
KEG,0,20101206,094221,156,389
KEG,0,20101206,094221,158,655
KEG,0,20101206,094221,159,67
BUX1012,0,20101206,094222,21210,3
BUX1012,0,20101206,094222,21210,30
BUX1012,0,20101206,094222,21210,7
MTELEKOM,0,20101206,094223,537,2000
BUX1012,0,20101206,094224,21228,3
BUX1012,0,20101206,094224,21230,1
BUX1012,0,20101206,094224,21230,18
BUX1012,0,20101206,094224,21239,5
BUX1012,0,20101206,094224,21240,2
BUX1012,0,20101206,094224,21248,1
BUX1012,0,20101206,094224,21250,1
BUX1012,0,20101206,094224,21250,4
BUX1012,0,20101206,094224,21260,2
BUX1012,0,20101206,094224,21269,1
RICHTER,0,20101206,094225,43200,4
OTP,0,20101206,094225,5205,10
OTP,0,20101206,094225,5210,20
MOL,0,20101206,094227,19760,16
OTP,0,20101206,094240,5210,1000
BUX1012,0,20101206,094241,21268,10
MOL,0,20101206,094243,19760,60
MTELEKOM,0,20101206,094247,536,815
MTELEKOM,0,20101206,094247,536,255
MTELEKOM,0,20101206,094247,536,100
MTELEKOM,0,20101206,094247,536,254
MTELEKOM,0,20101206,094247,536,1500
MTELEKOM,0,20101206,094252,536,2076
MOL,0,20101206,094253,19760,50
PANNERGY,0,20101206,094255,856,100
PANNERGY,0,20101206,094255,856,56
OTP,0,20101206,094255,5203,65
OTP,0,20101206,094255,5202,417
OTP,0,20101206,094255,5201,200
OTP,0,20101206,094255,5201,318
MTELEKOM,0,20101206,094301,536,110
MTELEKOM,0,20101206,094301,535,2000
MTELEKOM,0,20101206,094301,535,2857
RICHTER,0,20101206,094309,43200,10
RICHTER,0,20101206,094318,43165,2
RICHTER,0,20101206,094318,43150,3
RICHTER,0,20101206,094318,43130,12
RICHTER,0,20101206,094318,43100,50
RICHTER,0,20101206,094318,43100,5
RICHTER,0,20101206,094318,43100,4
RICHTER,0,20101206,094318,43100,4
RICHTER,0,20101206,094318,43100,20
BUX1012,0,20101206,094319,21250,15
BUX1012,0,20101206,094319,21250,35
BUX1012,0,20101206,094319,21250,25
OTP,0,20101206,094320,5209,200
MOL,0,20101206,094322,19760,200
BUX1012,0,20101206,094322,21250,25
BUX1012,0,20101206,094323,21250,10
BUX1012,0,20101206,094325,21250,4
BUX1012,0,20101206,094325,21250,1
RICHTER,0,20101206,094326,43100,70
RICHTER,0,20101206,094329,43100,25
MTELEKOM,0,20101206,094335,537,5000
MTELEKOM,0,20101206,094335,537,1000
MOL,0,20101206,094336,19750,300
RICHTER,0,20101206,094347,43095,50
RICHTER,0,20101206,094347,43100,79
KEG,0,20101206,094347,158,1111
KEG,0,20101206,094347,159,1133
KEG,0,20101206,094347,159,2756
MOL,0,20101206,094349,19760,5
MOL,0,20101206,094349,19775,16
OTP,0,20101206,094351,5205,15
MOL,0,20101206,094353,19775,5
MOL,0,20101206,094400,19760,10
MOL,0,20101206,094400,19760,300
MOL,0,20101206,094400,19750,75
BUX1012,0,20101206,094400,21231,1
MOL,0,20101206,094402,19775,4
MOL,0,20101206,094402,19775,50
MOL,0,20101206,094402,19780,46
FOTEX,0,20101206,094408,404,100
FOTEX,0,20101206,094408,404,100
FOTEX,0,20101206,094408,403,500
FOTEX,0,20101206,094408,401,160
FOTEX,0,20101206,094408,401,260
OTP,0,20101206,094409,5205,35
OTP,0,20101206,094409,5207,7
RICHTER,0,20101206,094413,43150,171
OTP,0,20101206,094414,5200,323
MOL,0,20101206,094414,19750,95
MOL,0,20101206,094414,19750,20
MOL,0,20101206,094414,19750,20
MOL,0,20101206,094414,19750,128
MOL,0,20101206,094414,19750,16
OTP,0,20101206,094419,5205,35
OTP,0,20101206,094419,5200,165
OTP,0,20101206,094426,5200,400
BUX1012,0,20101206,094437,21229,20
OTP,0,20101206,094438,5200,10
BUX1012,0,20101206,094442,21230,4
OTP,0,20101206,094504,5200,102
OTP,0,20101206,094504,5200,498
BUX1012,0,20101206,094505,21230,25
OTP,0,20101206,094506,5200,50
BUX1012,0,20101206,094511,21228,10
RICHTER,0,20101206,094511,43150,1
MOL,0,20101206,094512,19750,50
OTP,0,20101206,094514,5200,500
MTELEKOM,0,20101206,094520,537,100
MTELEKOM,0,20101206,094521,536,1000
OTP,0,20101206,094525,5200,452
OTP,0,20101206,094525,5200,1548
OTP,0,20101206,094529,5200,50
OTP,0,20101206,094537,5200,300
BUX1012,0,20101206,094541,21216,2
BUX1012,0,20101206,094541,21215,1
MOL,0,20101206,094550,19725,25
MOL,0,20101206,094550,19725,16
MOL,0,20101206,094550,19720,132
MOL,0,20101206,094550,19715,500
MOL,0,20101206,094550,19710,60
MOL,0,20101206,094550,19710,497
OTP,0,20101206,094554,5205,50
MTELEKOM,0,20101206,094556,537,500
MOL,0,20101206,094600,19710,3
MOL,0,20101206,094600,19705,300
MOL,0,20101206,094600,19705,42
MOL,0,20101206,094600,19700,5
MOL,0,20101206,094600,19700,15
MOL,0,20101206,094601,19750,171
MOL,0,20101206,094601,19750,100
MOL,0,20101206,094601,19750,10
RICHTER,0,20101206,094607,43150,5
BUX1012,0,20101206,094607,21215,2
BUX1012,0,20101206,094607,21211,5
BUX1012,0,20101206,094607,21211,5
BUX1012,0,20101206,094607,21210,5
BUX1012,0,20101206,094607,21210,9
OTP,0,20101206,094609,5200,102
OTP,0,20101206,094609,5200,100
OTP,0,20101206,094609,5200,83
OTP,0,20101206,094609,5200,115
BUX1012,0,20101206,094611,21211,10
MOL,0,20101206,094612,19750,2
MOL,0,20101206,094615,19750,5
BUX1012,0,20101206,094635,21213,15
BUX1012,0,20101206,094635,21212,20
BUX1012,0,20101206,094638,21210,1
OTP,0,20101206,094638,5200,95
OTP,0,20101206,094638,5200,5
OTP,0,20101206,094639,5200,83
OTP,0,20101206,094639,5200,1000
OTP,0,20101206,094639,5200,66
OTP,0,20101206,094642,5200,851
OTP,0,20101206,094653,5200,100
MOL,0,20101206,094700,19715,350
MOL,0,20101206,094700,19715,200
MOL,0,20101206,094700,19700,48
MOL,0,20101206,094700,19700,200
BUX1012,0,20101206,094706,21210,20
MOL,0,20101206,094708,19700,45
MTELEKOM,0,20101206,094711,537,259
BUX1012,0,20101206,094712,21210,3
PANNERGY,0,20101206,094712,857,200
PANNERGY,0,20101206,094712,857,50
BUX1012,0,20101206,094715,21210,10
MOL,0,20101206,094718,19700,157
OTP,0,20101206,094724,5204,493
OTP,0,20101206,094727,5205,7
OTP,0,20101206,094731,5205,43
OTP,0,20101206,094731,5207,2
KEG,0,20101206,094731,159,244
KEG,0,20101206,094731,159,256
RICHTER,0,20101206,094733,43110,2
RICHTER,0,20101206,094733,43100,51
MTELEKOM,0,20101206,094741,536,105
OTP,0,20101206,094744,5204,30
BUX1012,0,20101206,094747,21210,6
MOL,0,20101206,094804,19700,45
MOL,0,20101206,094804,19700,15
MOL,0,20101206,094804,19670,40
MOL,0,20101206,094804,19670,50
OTP,0,20101206,094823,5205,250
OTP,0,20101206,094823,5205,88
OTP,0,20101206,094823,5204,262
BUX1012,0,20101206,094828,21220,1
BUX1012,0,20101206,094828,21212,40
OTP,0,20101206,094834,5207,50
OTP,0,20101206,094841,5204,800
OTP,0,20101206,094848,5207,290
BUX1012,0,20101206,094852,21210,4
BUX1012,0,20101206,094852,21208,3
BUX1012,0,20101206,094852,21203,2
BUX1012,0,20101206,094852,21203,19
BUX1012,0,20101206,094852,21202,4
BUX1012,0,20101206,094852,21201,98
MOL,0,20101206,094854,19700,25
BUX1012,0,20101206,094855,21201,2
BUX1012,0,20101206,094855,21200,10
BUX1012,0,20101206,094855,21200,10
MTELEKOM,0,20101206,094903,537,641
MTELEKOM,0,20101206,094903,538,1359
OTP,0,20101206,094904,5205,400
OTP,0,20101206,094908,5204,50
MOL,0,20101206,094908,19670,110
MOL,0,20101206,094908,19670,100
MOL,0,20101206,094908,19665,250
MOL,0,20101206,094908,19655,300
MOL,0,20101206,094908,19650,200
MOL,0,20101206,094908,19650,200
RICHTER,0,20101206,094914,43125,2
OTP,0,20101206,094918,5204,219
OTP,0,20101206,094918,5204,6
OTP,0,20101206,094918,5201,75
KEG,0,20101206,094919,156,600
KEG,0,20101206,094919,156,100
KEG,0,20101206,094919,156,150
MTELEKOM,0,20101206,094921,538,267
BUX1012,0,20101206,094922,21181,3
BUX1012,0,20101206,094922,21171,10
BUX1012,0,20101206,094922,21170,2
RICHTER,0,20101206,094930,43125,8
OTP,0,20101206,094932,5201,50
MTELEKOM,0,20101206,094938,538,500
OTP,0,20101206,094941,5201,75
OTP,0,20101206,094941,5200,25
OTP,0,20101206,094942,5200,50
RICHTER,0,20101206,094944,43130,2
RICHTER,0,20101206,094944,43130,3
RICHTER,0,20101206,094944,43130,3
OTP,0,20101206,094949,5200,80
RICHTER,0,20101206,094951,43100,100
OTP,0,20101206,094951,5200,16
RICHTER,0,20101206,094956,43100,4
OTP,0,20101206,094958,5200,467
OTP,0,20101206,095002,5200,3
EGIS,0,20101206,095004,18710,8
EGIS,0,20101206,095004,18710,100
EGIS,0,20101206,095004,18700,2
OTP,0,20101206,095009,5200,360
MTELEKOM,0,20101206,095018,538,1000
EGIS,0,20101206,095024,18700,8
EGIS,0,20101206,095026,18695,30
EGIS,0,20101206,095026,18700,20
MOL,0,20101206,095051,19690,1
BUX1012,0,20101206,095054,21170,5
MTELEKOM,0,20101206,095055,537,1000
MTELEKOM,0,20101206,095055,537,663
MTELEKOM,0,20101206,095055,537,250
MTELEKOM,0,20101206,095055,537,254
MTELEKOM,0,20101206,095055,536,895
MTELEKOM,0,20101206,095055,536,90
MTELEKOM,0,20101206,095055,536,1000
MTELEKOM,0,20101206,095055,535,963
OTP,0,20101206,095055,5200,1123
OTP,0,20101206,095109,5200,110
OTP,0,20101206,095111,5200,815
OTP,0,20101206,095111,5200,60
RICHTER,0,20101206,095113,43080,12
RICHTER,0,20101206,095113,43070,7
RICHTER,0,20101206,095113,43055,2
RICHTER,0,20101206,095113,43050,5
RICHTER,0,20101206,095113,43050,24
RICHTER,0,20101206,095113,43050,12
OTP,0,20101206,095115,5200,1000
MOL,0,20101206,095115,19630,10
BUX1012,0,20101206,095117,21170,3
MOL,0,20101206,095118,19685,5
OTP,0,20101206,095121,5200,100
OTP,0,20101206,095121,5200,83
OTP,0,20101206,095121,5191,100
OTP,0,20101206,095121,5191,32
OTP,0,20101206,095121,5191,50
OTP,0,20101206,095121,5191,35
OTP,0,20101206,095122,5200,84
PANNERGY,0,20101206,095127,856,40
OTP,0,20101206,095127,5200,416
OTP,0,20101206,095127,5200,150
OTP,0,20101206,095127,5200,805
OTP,0,20101206,095127,5200,2000
OTP,0,20101206,095127,5200,658
OTP,0,20101206,095133,5200,971
OTP,0,20101206,095134,5200,29
OTP,0,20101206,095139,5200,25
BUX1012,0,20101206,095139,21162,2
MOL,0,20101206,095139,19630,90
MOL,0,20101206,095139,19630,16
MOL,0,20101206,095139,19620,200
MOL,0,20101206,095139,19620,10
MOL,0,20101206,095139,19610,200
MOL,0,20101206,095139,19610,51
BUX1012,0,20101206,095141,21161,1
BUX1012,0,20101206,095141,21161,3
BUX1012,0,20101206,095141,21160.5,1
OTP,0,20101206,095147,5200,1000
BUX1012,0,20101206,095148,21160.5,1
BUX1012,0,20101206,095148,21160,4
BUX1012,0,20101206,095148,21155,10
BUX1012,0,20101206,095148,21153,1
BUX1012,0,20101206,095148,21151,10
BUX1012,0,20101206,095148,21150,12
BUX1012,0,20101206,095148,21150,1
BUX1012,0,20101206,095148,21140,6
RICHTER,0,20101206,095148,43095,12
RICHTER,0,20101206,095148,43100,8
OTP,0,20101206,095148,5200,300
SYNERGON,0,20101206,095153,505,300
SYNERGON,0,20101206,095153,503,100
SYNERGON,0,20101206,095153,502,396
SYNERGON,0,20101206,095153,502,324
OTP,0,20101206,095155,5200,100
OTP,0,20101206,095158,5200,40
MOL,0,20101206,095224,19635,50
MOL,0,20101206,095224,19635,15
OTP,0,20101206,095233,5200,20
OTP,0,20101206,095235,5200,100
FHB,0,20101206,095235,963,100
PANNERGY,0,20101206,095240,853,130
FHB,0,20101206,095244,963,100
RICHTER,0,20101206,095318,43100,1
BUX1012,0,20101206,095321,21140,1
PANNERGY,0,20101206,095402,853,70
PANNERGY,0,20101206,095402,852,60
PANNERGY,0,20101206,095402,852,730
PANNERGY,0,20101206,095402,851,50
PANNERGY,0,20101206,095402,850,50
PANNERGY,0,20101206,095402,850,60
PANNERGY,0,20101206,095402,850,110
FOTEX,0,20101206,095418,401,80
BUX1012,0,20101206,095418,21150,1
OTP,0,20101206,095419,5200,3386
OTP,0,20101206,095419,5200,614
OTP,0,20101206,095423,5200,1386
OTP,0,20101206,095423,5200,100
OTP,0,20101206,095423,5200,86
OTP,0,20101206,095423,5200,428
OTP,0,20101206,095426,5200,72
OTP,0,20101206,095426,5200,28
OTP,0,20101206,095428,5200,50
OTP,0,20101206,095441,5200,1922
OTP,0,20101206,095441,5200,78
OTP,0,20101206,095442,5200,20
PANNERGY,0,20101206,095453,850,390
PANNERGY,0,20101206,095453,850,10
MOL,0,20101206,095454,19650,170
OTP,0,20101206,095456,5200,200
MOL,0,20101206,095502,19660,20
MOL,0,20101206,095502,19670,10
MOL,0,20101206,095502,19675,20
OTP,0,20101206,095505,5200,400
RICHTER,0,20101206,095512,43100,3
MTELEKOM,0,20101206,095516,537,1000
RABA,0,20101206,095526,811,250
RABA,0,20101206,095526,811,100
RABA,0,20101206,095526,810,663
BUX1012,0,20101206,095534,21149,15
MTELEKOM,0,20101206,095538,538,259
OTP,0,20101206,095539,5203,50
FHB,0,20101206,095545,963,100
OTP,0,20101206,095546,5203,1250
BUX1012,0,20101206,095548,21150,19
EGIS,0,20101206,095548,18665,50
EGIS,0,20101206,095548,18660,2
EGIS,0,20101206,095548,18650,73
EGIS,0,20101206,095548,18650,27
MOL,0,20101206,095555,19675,180
MOL,0,20101206,095555,19675,4
MOL,0,20101206,095555,19685,338
MOL,0,20101206,095555,19695,300
MOL,0,20101206,095555,19700,6
MOL,0,20101206,095555,19700,495
MOL,0,20101206,095555,19700,20
OTP,0,20101206,095556,5203,985
OTP,0,20101206,095556,5200,302
OTP,0,20101206,095556,5200,338
OTP,0,20101206,095558,5200,60
MOL,0,20101206,095602,19715,210
EGIS,0,20101206,095606,18605,30
MOL,0,20101206,095609,19720,400
MOL,0,20101206,095611,19720,400
MOL,0,20101206,095611,19720,100
BUX1012,0,20101206,095614,21150,1
BUX1012,0,20101206,095614,21150,3
BUX1012,0,20101206,095614,21140,4
BUX1012,0,20101206,095614,21140,52
MTELEKOM,0,20101206,095617,537,1100
MTELEKOM,0,20101206,095617,537,263
MTELEKOM,0,20101206,095617,537,161
ZWACK,0,20101206,095618,15000,7
ZWACK,0,20101206,095618,15000,10
BUX1012,0,20101206,095619,21162,8
BUX1012,0,20101206,095619,21169,10
BUX1012,0,20101206,095619,21170,2
OTP,0,20101206,095621,5200,500
MTELEKOM,0,20101206,095623,537,98
BUX1012,0,20101206,095625,21150.5,2
BUX1012,0,20101206,095625,21150,40
MOL,0,20101206,095625,19775,5
RICHTER,0,20101206,095630,43075,3
RICHTER,0,20101206,095630,43050,74
RICHTER,0,20101206,095630,43050,3
RICHTER,0,20101206,095630,43015,5
RICHTER,0,20101206,095630,43010,15
RICHTER,0,20101206,095630,43005,8
RICHTER,0,20101206,095630,43005,5
RICHTER,0,20101206,095630,43000,5
BUX1012,0,20101206,095631,21150,1
BUX1012,0,20101206,095634,21150,9
BUX1012,0,20101206,095634,21141,2
BUX1012,0,20101206,095634,21140,14
OTP,0,20101206,095636,5200,1602
OTP,0,20101206,095636,5200,398
BUX1012,0,20101206,095637,21140,34
BUX1012,0,20101206,095637,21131,2
BUX1012,0,20101206,095637,21130,10
RICHTER,0,20101206,095637,43000,27
RICHTER,0,20101206,095637,43000,2
RICHTER,0,20101206,095637,43000,71
OTP,0,20101206,095639,5200,1000
MTELEKOM,0,20101206,095641,536,2500
MTELEKOM,0,20101206,095641,536,200
MTELEKOM,0,20101206,095641,535,1180
MTELEKOM,0,20101206,095641,535,575
MTELEKOM,0,20101206,095641,535,500
MTELEKOM,0,20101206,095641,535,160
MOL,0,20101206,095642,19720,300
MOL,0,20101206,095642,19720,15
MOL,0,20101206,095642,19720,15
OTP,0,20101206,095642,5200,602
OTP,0,20101206,095642,5200,86
OTP,0,20101206,095642,5200,435
RICHTER,0,20101206,095642,43000,40
RICHTER,0,20101206,095642,43000,50
RICHTER,0,20101206,095642,43000,33
RICHTER,0,20101206,095644,43000,40
MOL,0,20101206,095644,19715,100
MOL,0,20101206,095645,19720,13
OTP,0,20101206,095645,5200,50
OTP,0,20101206,095647,5200,1096
RICHTER,0,20101206,095647,43000,28
OTP,0,20101206,095647,5200,510
EBGOLD,0,20101206,095648,2949,6
OTP,0,20101206,095649,5200,409
OTP,0,20101206,095649,5200,5
OTP,0,20101206,095649,5200,586
RICHTER,0,20101206,095649,43000,19
RICHTER,0,20101206,095649,43000,1
BUX1012,0,20101206,095650,21150,1
OTP,0,20101206,095650,5200,1064
OTP,0,20101206,095650,5200,2000
RICHTER,0,20101206,095650,43000,2
RICHTER,0,20101206,095650,43000,2
RICHTER,0,20101206,095650,43000,10
RICHTER,0,20101206,095650,43000,86
RICHTER,0,20101206,095653,43000,14
RICHTER,0,20101206,095653,43000,20
OTP,0,20101206,095656,5198,10
OTP,0,20101206,095656,5195,140
OTP,0,20101206,095656,5195,250
BUX1012,0,20101206,095706,21153,2
RABA,0,20101206,095707,810,200
BUX1012,0,20101206,095708,21150,9
EGIS,0,20101206,095716,18605,59
BUX1012,0,20101206,095721,21151,1
BUX1012,0,20101206,095721,21141,13
BUX1012,0,20101206,095721,21140,31
RICHTER,0,20101206,095723,42900,4
RICHTER,0,20101206,095723,42900,3
RICHTER,0,20101206,095723,42920,1
MTELEKOM,0,20101206,095728,537,400
RICHTER,0,20101206,095733,42900,17
RICHTER,0,20101206,095733,42900,2
EGIS,0,20101206,095738,18605,26
EGIS,0,20101206,095738,18600,7
EGIS,0,20101206,095738,18600,3
EGIS,0,20101206,095738,18600,2
OTP,0,20101206,095740,5199,500
OTP,0,20101206,095740,5199,130
EGIS,0,20101206,095744,18600,33
FHB,0,20101206,095747,964,2000
OTP,0,20101206,095749,5199,100
OTP,0,20101206,095749,5199,200
OTP,0,20101206,095749,5199,70
PANNERGY,0,20101206,095756,850,200
FOTEX,0,20101206,095815,401,120
FOTEX,0,20101206,095815,400,500
OTP,0,20101206,095816,5195,25
RICHTER,0,20101206,095823,42810,2
RICHTER,0,20101206,095823,42800,20
RICHTER,0,20101206,095823,42730,2
RICHTER,0,20101206,095823,42700,2
RICHTER,0,20101206,095823,42700,50
RICHTER,0,20101206,095823,42700,20
RICHTER,0,20101206,095823,42700,100
BUX1012,0,20101206,095829,21150,1
BUX1012,0,20101206,095829,21141,20
OTP,0,20101206,095829,5199,200
PANNERGY,0,20101206,095838,850,490
OTP,0,20101206,095840,5195,30
MOL,0,20101206,095841,19770,2
OTP,0,20101206,095847,5195,50
RICHTER,0,20101206,095852,42700,4
OTP,0,20101206,095855,5195,100
RICHTER,0,20101206,095857,42700,100
MTELEKOM,0,20101206,095901,537,110
MTELEKOM,0,20101206,095901,537,236
RICHTER,0,20101206,095901,42700,30
FOTEX,0,20101206,095909,400,100
ZWACK,0,20101206,095912,15000,3
OTP,0,20101206,095914,5199,330
OTP,0,20101206,095914,5199,130
OTP,0,20101206,095914,5199,500
OTP,0,20101206,095914,5200,4040
PHYLAXIA,0,20101206,095917,45,3779
PHYLAXIA,0,20101206,095917,45,1221
OTP,0,20101206,095928,5195,60
OTP,0,20101206,095929,5195,485
OTP,0,20101206,095929,5195,84
OTP,0,20101206,095929,5192,300
OTP,0,20101206,095929,5191,131
RICHTER,0,20101206,095932,42800,20
RICHTER,0,20101206,095932,42825,26
RABA,0,20101206,095940,810,100
OTP,0,20101206,095948,5195,58
OTP,0,20101206,095953,5195,29
BUX1012,0,20101206,100004,21170,18
BUX1012,0,20101206,100006,21150,4
BUX1012,0,20101206,100007,21179,15
OTP,0,20101206,100010,5195,25
BUX1012,0,20101206,100011,21180,30
MOL,0,20101206,100011,19765,2
OTP,0,20101206,100017,5195,975
OTP,0,20101206,100028,5195,25
OTP,0,20101206,100028,5195,25
MOL,0,20101206,100028,19740,15
OTP,0,20101206,100032,5195,250
KEG,0,20101206,100033,156,600
KEG,0,20101206,100033,156,1000
KEG,0,20101206,100033,156,2000
KEG,0,20101206,100033,155,3000
KEG,0,20101206,100033,155,2500
KEG,0,20101206,100033,155,2000
KEG,0,20101206,100033,154,1000
KEG,0,20101206,100033,154,1000
KEG,0,20101206,100033,154,5000
KEG,0,20101206,100033,154,5000
KEG,0,20101206,100033,154,26900
PANNERGY,0,20101206,100042,848,50
PANNERGY,0,20101206,100042,847,80
OTP,0,20101206,100047,5195,225
OTP,0,20101206,100047,5195,75
OTP,0,20101206,100052,5195,925
OTP,0,20101206,100052,5191,1484
OTP,0,20101206,100052,5190,2890
OTP,0,20101206,100052,5190,2000
OTP,0,20101206,100052,5190,1000
OTP,0,20101206,100052,5185,1000
OTP,0,20101206,100052,5181,406
OTP,0,20101206,100052,5181,100
OTP,0,20101206,100052,5181,195
OTP,0,20101206,100052,5190,100
OTP,0,20101206,100052,5199,700
OTP,0,20101206,100052,5200,436
MOL,0,20101206,100054,19720,16
MOL,0,20101206,100054,19715,34
RICHTER,0,20101206,100055,42820,20
RICHTER,0,20101206,100055,42825,52
RICHTER,0,20101206,100055,42900,31
RICHTER,0,20101206,100055,42900,97
MOL,0,20101206,100059,19715,6
MOL,0,20101206,100059,19700,14
RICHTER,0,20101206,100112,42900,1
PANNERGY,0,20101206,100116,847,130
ANY,0,20101206,100120,691,100
ANY,0,20101206,100120,690,90
ANY,0,20101206,100120,690,10
RABA,0,20101206,100125,815,250
RABA,0,20101206,100130,810,37
RABA,0,20101206,100130,808,17
RABA,0,20101206,100130,808,50
RABA,0,20101206,100130,806,125
RABA,0,20101206,100130,806,28
OTP,0,20101206,100142,5190,400
OTP,0,20101206,100145,5195,200
OTP,0,20101206,100145,5195,800
OTP,0,20101206,100145,5190,200
OTP,0,20101206,100154,5195,86
OTP,0,20101206,100154,5195,1000
OTP,0,20101206,100155,5190,500
MTELEKOM,0,20101206,100156,538,100
MTELEKOM,0,20101206,100156,538,300
OTP,0,20101206,100156,5195,914
BUX1012,0,20101206,100202,21152,5
RICHTER,0,20101206,100204,42900,2
OTP,0,20101206,100206,5195,86
OTP,0,20101206,100209,5190,1850
OTP,0,20101206,100209,5190,610
RICHTER,0,20101206,100226,42900,40
ORC,0,20101206,100236,2025,75
RICHTER,0,20101206,100244,42920,59
RICHTER,0,20101206,100247,42975,3
RABA,0,20101206,100248,807,100
MTELEKOM,0,20101206,100301,538,100
BUX1012,0,20101206,100302,21153,1
EGIS,0,20101206,100321,18605,5
EGIS,0,20101206,100321,18605,16
EGIS,0,20101206,100321,18605,57
OTP,0,20101206,100350,5190,14
MOL,0,20101206,100351,19700,40
MTELEKOM,0,20101206,100353,538,274
BUX1012,0,20101206,100356,21172,3
BUX1012,0,20101206,100356,21174,2
OTP,0,20101206,100410,5190,31
MTELEKOM,0,20101206,100426,537,3
MTELEKOM,0,20101206,100426,537,97
MOL,0,20101206,100438,19720,16
MOL,0,20101206,100440,19700,100
RICHTER,0,20101206,100445,42975,3
EGIS,0,20101206,100502,18605,43
EGIS,0,20101206,100502,18600,65
BUX1012,0,20101206,100506,21174,1
MTELEKOM,0,20101206,100513,538,40
FHB,0,20101206,100513,962,94
BUX1012,0,20101206,100517,21153,1
BUX1012,0,20101206,100517,21153,9
BUX1012,0,20101206,100517,21153,5
EGIS,0,20101206,100525,18600,22
EGIS,0,20101206,100525,18600,30
FHB,0,20101206,100545,964,100
FHB,0,20101206,100545,964,100
FHB,0,20101206,100545,965,53
MOL,0,20101206,100552,19730,100
RICHTER,0,20101206,100600,42975,5
MOL,0,20101206,100608,19725,5
MTELEKOM,0,20101206,100612,537,152
MTELEKOM,0,20101206,100612,537,134
RICHTER,0,20101206,100618,42925,50
RICHTER,0,20101206,100618,42925,3
RICHTER,0,20101206,100618,42925,3
RICHTER,0,20101206,100618,42920,91
RICHTER,0,20101206,100618,42920,51
OTP,0,20101206,100623,5195,50
OTP,0,20101206,100623,5198,200
OTP,0,20101206,100623,5198,100
OTP,0,20101206,100623,5199,400
OTP,0,20101206,100623,5199,250
RICHTER,0,20101206,100624,42920,19
RICHTER,0,20101206,100625,42900,8
OTP,0,20101206,100632,5190,25
OTP,0,20101206,100634,5195,77
OTP,0,20101206,100634,5199,923
OTP,0,20101206,100648,5190,100
MOL,0,20101206,100651,19745,50
OTP,0,20101206,100651,5199,2086
BUX1012,0,20101206,100651,21183,5
BUX1012,0,20101206,100651,21184,5
BUX1012,0,20101206,100651,21184,2
OTP,0,20101206,100654,5199,741
OTP,0,20101206,100654,5200,240
OTP,0,20101206,100654,5200,19
OTP,0,20101206,100654,5200,1000
OTP,0,20101206,100655,5200,1000
OTP,0,20101206,100657,5200,981
OTP,0,20101206,100657,5200,92
OTP,0,20101206,100657,5200,500
OTP,0,20101206,100657,5200,400
OTP,0,20101206,100657,5200,27
OTP,0,20101206,100659,5200,573
OTP,0,20101206,100659,5200,427
OTP,0,20101206,100700,5200,773
OTP,0,20101206,100700,5200,190
OTP,0,20101206,100700,5200,15
OTP,0,20101206,100700,5200,22
MOL,0,20101206,100700,19750,99
OTP,0,20101206,100700,5200,178
OTP,0,20101206,100700,5200,300
MOL,0,20101206,100701,19760,145
MOL,0,20101206,100701,19765,1
EGIS,0,20101206,100705,18600,20
MOL,0,20101206,100707,19765,47
MOL,0,20101206,100707,19770,101
MOL,0,20101206,100707,19770,152
OTP,0,20101206,100707,5200,522
OTP,0,20101206,100707,5200,83
OTP,0,20101206,100707,5200,85
BUX1012,0,20101206,100707,21184,11
BUX1012,0,20101206,100707,21192,7
BUX1012,0,20101206,100707,21193,8
OTP,0,20101206,100710,5200,1000
BUX1012,0,20101206,100712,21195,30
BUX1012,0,20101206,100712,21200,20
BUX1012,0,20101206,100712,21200,6
MOL,0,20101206,100716,19770,48
OTP,0,20101206,100720,5200,310
OTP,0,20101206,100741,5203,300
PANNERGY,0,20101206,100746,855,120
PANNERGY,0,20101206,100746,855,180
RICHTER,0,20101206,100754,42900,19
RICHTER,0,20101206,100754,42900,31
OTP,0,20101206,100801,5200,80
MOL,0,20101206,100812,19780,52
MTELEKOM,0,20101206,100813,538,274
RICHTER,0,20101206,100828,42825,10
RICHTER,0,20101206,100828,42825,3
RICHTER,0,20101206,100828,42820,10
RICHTER,0,20101206,100828,42820,88
RICHTER,0,20101206,100828,42750,100
RICHTER,0,20101206,100828,42750,10
RICHTER,0,20101206,100828,42700,66
RICHTER,0,20101206,100828,42700,4
RICHTER,0,20101206,100828,42610,2
RICHTER,0,20101206,100828,42610,7
RICHTER,0,20101206,100828,42610,3
RICHTER,0,20101206,100828,42600,2
OTP,0,20101206,100836,5204,30
RICHTER,0,20101206,100850,42895,29
OTP,0,20101206,100852,5200,7
PANNERGY,0,20101206,100853,847,130
MOL,0,20101206,100853,19790,16
MOL,0,20101206,100904,19790,4
MOL,0,20101206,100904,19790,20
MOL,0,20101206,100904,19795,55
MOL,0,20101206,100904,19795,350
MOL,0,20101206,100904,19795,71
BUX1012,0,20101206,100905,21177,20
RFV,0,20101206,100910,7800,25
MOL,0,20101206,100912,19790,40
MOL,0,20101206,100912,19795,129
MOL,0,20101206,100912,19795,50
MOL,0,20101206,100912,19800,10
MOL,0,20101206,100912,19800,271
RICHTER,0,20101206,100915,42610,40
RICHTER,0,20101206,100915,42610,3
BUX1012,0,20101206,100915,21199,1
MOL,0,20101206,100917,19790,75
MOL,0,20101206,100917,19800,729
MOL,0,20101206,100917,19800,30
MOL,0,20101206,100917,19800,155
OTP,0,20101206,100921,5200,500
MOL,0,20101206,100924,19800,75
MOL,0,20101206,100924,19800,100
OTP,0,20101206,100926,5200,103
OTP,0,20101206,100926,5200,77
OTP,0,20101206,100934,5200,13
MOL,0,20101206,100945,19800,5
OTP,0,20101206,100946,5200,3
OTP,0,20101206,100949,5195,50
PANNERGY,0,20101206,100951,847,130
MOL,0,20101206,101005,19845,275
MOL,0,20101206,101010,19845,700
MOL,0,20101206,101012,19845,25
PANNERGY,0,20101206,101016,850,336
MOL,0,20101206,101018,19850,10
MOL,0,20101206,101018,19850,100
BUX1012,0,20101206,101019,21198,4
BUX1012,0,20101206,101021,21198,4
MTELEKOM,0,20101206,101024,538,267
OTP,0,20101206,101028,5200,104
OTP,0,20101206,101028,5200,896
OTP,0,20101206,101028,5200,1000
OTP,0,20101206,101028,5200,104
MTELEKOM,0,20101206,101036,538,400
MOL,0,20101206,101037,19880,860
OTP,0,20101206,101039,5200,60
FHB,0,20101206,101054,965,56
FHB,0,20101206,101054,965,194
OTP,0,20101206,101056,5200,386
OTP,0,20101206,101056,5200,83
OTP,0,20101206,101056,5200,220
OTP,0,20101206,101056,5200,19
OTP,0,20101206,101056,5200,1292
MOL,0,20101206,101057,19850,100
FOTEX,0,20101206,101059,400,259
MOL,0,20101206,101102,19875,16
OTP,0,20101206,101104,5203,50
MOL,0,20101206,101114,19850,11
MOL,0,20101206,101114,19850,15
KEG,0,20101206,101124,155,200
MOL,0,20101206,101132,19850,74
MOL,0,20101206,101141,19850,120
PANNERGY,0,20101206,101147,851,72
PANNERGY,0,20101206,101147,850,148
BUX1012,0,20101206,101155,21190,2
MOL,0,20101206,101204,19820,5
OTP,0,20101206,101205,5200,400
OTP,0,20101206,101211,5200,65
OTP,0,20101206,101221,5200,243
OTP,0,20101206,101221,5200,1699
OTP,0,20101206,101221,5200,200
OTP,0,20101206,101228,5200,100
MTELEKOM,0,20101206,101233,538,59
MTELEKOM,0,20101206,101233,538,208
BUX1012,0,20101206,101239,21190,1
OTP,0,20101206,101244,5200,1
OTP,0,20101206,101244,5200,500
OTP,0,20101206,101244,5200,89
OTP,0,20101206,101244,5200,410
BUX1012,0,20101206,101244,21195,1
BUX1012,0,20101206,101244,21195,3
BUX1012,0,20101206,101248,21197,5
OTP,0,20101206,101300,5200,200
MTELEKOM,0,20101206,101315,538,370
KEG,0,20101206,101321,155,250
MOL,0,20101206,101329,19850,41
OTP,0,20101206,101330,5200,200
ECONET,0,20101206,101332,92,800
BUX1012,0,20101206,101340,21180,1
BUX1012,0,20101206,101340,21180,4
MOL,0,20101206,101344,19850,159
OTP,0,20101206,101356,5200,190
MOL,0,20101206,101358,19820,5
MOL,0,20101206,101358,19820,16
MOL,0,20101206,101358,19820,29
PANNERGY,0,20101206,101401,851,300
PANNERGY,0,20101206,101401,850,900
OTP,0,20101206,101408,5200,1500
OTP,0,20101206,101408,5200,100
OTP,0,20101206,101408,5200,83
MTELEKOM,0,20101206,101411,537,149
OTP,0,20101206,101412,5200,317
OTP,0,20101206,101416,5200,2000
OTP,0,20101206,101422,5200,183
OTP,0,20101206,101422,5200,2500
KEG,0,20101206,101423,156,7000
OTP,0,20101206,101425,5200,317
MTELEKOM,0,20101206,101432,538,244
ORC,0,20101206,101434,2025,40
OTP,0,20101206,101441,5200,1343
MOL,0,20101206,101449,19820,54
MOL,0,20101206,101449,19820,15
BUX1012,0,20101206,101454,21193,5
BUX1012,0,20101206,101454,21194,5
BUX1012,0,20101206,101454,21195,5
BUX1012,0,20101206,101454,21197,5
ECONET,0,20101206,101457,93,17
RICHTER,0,20101206,101458,42800,4
BUX1012,0,20101206,101459,21197,5
RICHTER,0,20101206,101501,42800,4
BUX1012,0,20101206,101502,21198,1
OTP,0,20101206,101506,5200,16
OTP,0,20101206,101513,5200,824
OTP,0,20101206,101515,5200,2500
EGIS,0,20101206,101518,18600,28
OTP,0,20101206,101518,5200,1676
MOL,0,20101206,101520,19820,262
OTP,0,20101206,101531,5200,10
OTP,0,20101206,101531,5203,100
OTP,0,20101206,101539,5200,814
OTP,0,20101206,101540,5200,1186
PANNERGY,0,20101206,101541,850,500
BUX1012,0,20101206,101551,21198,1
OTP,0,20101206,101551,5200,20
OTP,0,20101206,101601,5200,794
OTP,0,20101206,101601,5200,206
FOTEX,0,20101206,101606,400,241
RICHTER,0,20101206,101622,42780,104
OTP,0,20101206,101627,5203,550
OTP,0,20101206,101627,5203,1000
OTP,0,20101206,101627,5203,5000
RICHTER,0,20101206,101629,42780,146
RICHTER,0,20101206,101629,42780,2
BUX1012,0,20101206,101639,21198,10
RICHTER,0,20101206,101640,42780,3
MTELEKOM,0,20101206,101642,538,268
BUX1012,0,20101206,101650,21200,1
BUX1012,0,20101206,101650,21200,10
BUX1012,0,20101206,101650,21200,10
BUX1012,0,20101206,101650,21205,20
BUX1012,0,20101206,101650,21210,5
BUX1012,0,20101206,101650,21215,5
MOL,0,20101206,101653,19810,16
FHB,0,20101206,101706,965,110
OTP,0,20101206,101736,5204,460
OTP,0,20101206,101736,5204,340
RICHTER,0,20101206,101752,42735,24
RICHTER,0,20101206,101752,42735,3
RICHTER,0,20101206,101752,42730,7
RICHTER,0,20101206,101752,42730,1
RICHTER,0,20101206,101752,42700,5
OTP,0,20101206,101755,5204,660
OTP,0,20101206,101755,5205,500
OTP,0,20101206,101755,5205,1000
OTP,0,20101206,101755,5205,600
OTP,0,20101206,101755,5205,5
OTP,0,20101206,101803,5205,100
OTP,0,20101206,101804,5205,210
EGIS,0,20101206,101806,18600,11
OTP,0,20101206,101809,5205,380
BUX1012,0,20101206,101811,21215,20
MTELEKOM,0,20101206,101815,537,130
BUX1012,0,20101206,101817,21215,2
BUX1012,0,20101206,101821,21215,3
MTELEKOM,0,20101206,101823,538,910
MTELEKOM,0,20101206,101823,538,90
MTELEKOM,0,20101206,101829,537,1342
MTELEKOM,0,20101206,101829,537,261
MTELEKOM,0,20101206,101829,537,200
MTELEKOM,0,20101206,101829,537,560
MTELEKOM,0,20101206,101829,537,260
MTELEKOM,0,20101206,101829,537,150
MTELEKOM,0,20101206,101829,537,227
OTP,0,20101206,101836,5209,200
RICHTER,0,20101206,101839,42775,1
RICHTER,0,20101206,101840,42775,9
MTELEKOM,0,20101206,101841,537,74
MTELEKOM,0,20101206,101841,536,200
MTELEKOM,0,20101206,101841,536,3000
MTELEKOM,0,20101206,101841,536,1693
EGIS,0,20101206,101850,18600,3
BUX1012,0,20101206,101854,21215,1
BUX1012,0,20101206,101854,21202,1
RICHTER,0,20101206,101858,42775,50
KEG,0,20101206,101903,158,500
KEG,0,20101206,101903,158,450
RICHTER,0,20101206,101903,42775,91
MTELEKOM,0,20101206,101914,537,1000
MTELEKOM,0,20101206,101933,536,1307
MTELEKOM,0,20101206,101933,536,193
OTP,0,20101206,101936,5205,400
OTP,0,20101206,101942,5206,10000
OTP,0,20101206,101953,5205,30
RICHTER,0,20101206,101954,42780,37
RICHTER,0,20101206,101954,42800,32
RICHTER,0,20101206,101954,42800,31
MOL,0,20101206,102013,19850,50
MOL,0,20101206,102027,19850,200
MOL,0,20101206,102027,19850,15
MOL,0,20101206,102027,19850,16
OTP,0,20101206,102046,5206,100
OTP,0,20101206,102049,5206,1900
OTP,0,20101206,102049,5209,100
MOL,0,20101206,102052,19850,50
MOL,0,20101206,102052,19850,15
RICHTER,0,20101206,102059,42800,10
OTP,0,20101206,102108,5205,1115
OTP,0,20101206,102108,5205,83
OTP,0,20101206,102108,5205,32
RICHTER,0,20101206,102111,42800,39
MTELEKOM,0,20101206,102117,537,1200
MTELEKOM,0,20101206,102117,537,864
MTELEKOM,0,20101206,102117,537,1336
MOL,0,20101206,102132,19850,135
FHB,0,20101206,102134,965,500
BUX1012,0,20101206,102136,21210,10
OTP,0,20101206,102136,5205,52
OTP,0,20101206,102136,5205,8
OTP,0,20101206,102137,5205,11
PANNERGY,0,20101206,102151,851,1
FHB,0,20101206,102157,965,196
FHB,0,20101206,102157,965,100
FHB,0,20101206,102157,965,100
MTELEKOM,0,20101206,102158,537,464
MTELEKOM,0,20101206,102158,537,2141
MTELEKOM,0,20101206,102158,537,3000
MTELEKOM,0,20101206,102209,537,1500
BUX1012,0,20101206,102229,21220,1
BUX1012,0,20101206,102229,21225,7
OTP,0,20101206,102235,5209,5
BUX1012,0,20101206,102246,21225,10
OTP,0,20101206,102246,5205,65
BUX1012,0,20101206,102251,21225,3
MOL,0,20101206,102311,19820,42
OTP,0,20101206,102313,5203,20
RICHTER,0,20101206,102314,42895,4
MOL,0,20101206,102346,19820,32
OTP,0,20101206,102347,5203,170
MOL,0,20101206,102352,19845,5
RICHTER,0,20101206,102356,42895,16
RICHTER,0,20101206,102356,42900,9
RICHTER,0,20101206,102356,42900,100
BUX1012,0,20101206,102359,21235,1
BUX1012,0,20101206,102359,21235,3
BUX1012,0,20101206,102359,21239,10
BUX1012,0,20101206,102359,21240,10
BUX1012,0,20101206,102359,21240,6
MOL,0,20101206,102417,19845,31
RICHTER,0,20101206,102418,42900,2
RICHTER,0,20101206,102418,42900,2
RICHTER,0,20101206,102422,42900,16
OTP,0,20101206,102431,5205,85
OTP,0,20101206,102431,5205,84
MTELEKOM,0,20101206,102431,538,270
MOL,0,20101206,102440,19850,25
OTP,0,20101206,102441,5205,80
PHYLAXIA,0,20101206,102449,45,10
PANNERGY,0,20101206,102459,855,124
PANNERGY,0,20101206,102459,855,300
OTP,0,20101206,102505,5205,41
OTP,0,20101206,102505,5205,84
OTP,0,20101206,102505,5205,205
OTP,0,20101206,102517,5205,25
RICHTER,0,20101206,102525,42950,5
RICHTER,0,20101206,102534,42950,5
OTP,0,20101206,102544,5203,1
EGIS,0,20101206,102550,18600,15
EGIS,0,20101206,102606,18600,26
MTELEKOM,0,20101206,102611,537,47
MTELEKOM,0,20101206,102611,537,242
BUX1012,0,20101206,102612,21239.5,1
BUX1012,0,20101206,102612,21240,24
OTP,0,20101206,102614,5205,145
OTP,0,20101206,102614,5205,94
PANNERGY,0,20101206,102621,857,950
BUX1012,0,20101206,102624,21239.5,1
BUX1012,0,20101206,102624,21240,1
MOL,0,20101206,102626,19850,50
MTELEKOM,0,20101206,102628,536,3000
MTELEKOM,0,20101206,102628,536,3000
MTELEKOM,0,20101206,102628,536,2000
MTELEKOM,0,20101206,102628,536,262
MTELEKOM,0,20101206,102629,536,349
RICHTER,0,20101206,102631,42950,3
RICHTER,0,20101206,102631,42980,10
RICHTER,0,20101206,102631,42985,37
BUX1012,0,20101206,102632,21240,3
MOL,0,20101206,102641,19835,5
RICHTER,0,20101206,102643,42950,10
RICHTER,0,20101206,102643,42985,13
RICHTER,0,20101206,102643,42995,27
PHYLAXIA,0,20101206,102653,46,100
BUX1012,0,20101206,102654,21239.5,1
BUX1012,0,20101206,102654,21240,5
RICHTER,0,20101206,102709,42995,112
RICHTER,0,20101206,102709,42995,29
RICHTER,0,20101206,102709,43000,111
RICHTER,0,20101206,102709,43000,3
OTP,0,20101206,102716,5205,200
MOL,0,20101206,102732,19850,25
MOL,0,20101206,102732,19850,38
MOL,0,20101206,102733,19850,17
OTP,0,20101206,102739,5205,771
OTP,0,20101206,102739,5205,879
OTP,0,20101206,102757,5205,10
MTELEKOM,0,20101206,102811,536,1389
OTP,0,20101206,102811,5203,200
OTP,0,20101206,102813,5203,20
MTELEKOM,0,20101206,102822,536,3611
MTELEKOM,0,20101206,102822,536,259
BUX1012,0,20101206,102822,21245,4
OTP,0,20101206,102829,5203,19
BUX1012,0,20101206,102836,21249,3
RICHTER,0,20101206,102841,43150,4
MTELEKOM,0,20101206,102846,535,30
MTELEKOM,0,20101206,102846,535,110
MTELEKOM,0,20101206,102846,535,20
OTP,0,20101206,102853,5203,20
OTP,0,20101206,102853,5203,20
OTP,0,20101206,102853,5201,100
MOL,0,20101206,102906,19835,5
OTP,0,20101206,102908,5202,5
OTP,0,20101206,102908,5201,100
OTP,0,20101206,102908,5201,200
OTP,0,20101206,102908,5201,300
OTP,0,20101206,102908,5201,100
OTP,0,20101206,102908,5200,2294
OTP,0,20101206,102908,5200,1000
OTP,0,20101206,102908,5200,1
OTP,0,20101206,102908,5200,1000
BUX1012,0,20101206,102910,21249,2
BUX1012,0,20101206,102910,21249,1
BUX1012,0,20101206,102914,21249,1
MOL,0,20101206,102921,19835,6
MOL,0,20101206,102921,19835,2
MOL,0,20101206,102921,19835,16
OTP,0,20101206,102921,5200,200
OTP,0,20101206,102935,5200,450
OTP,0,20101206,102935,5200,89
OTP,0,20101206,102935,5200,81
OTP,0,20101206,102935,5200,2500
OTP,0,20101206,102943,5204,20
OTP,0,20101206,102943,5205,980
BUX1012,0,20101206,102949,21230,4
OTP,0,20101206,102950,5200,160
MOL,0,20101206,102953,19820,26
MOL,0,20101206,102953,19820,16
PANNERGY,0,20101206,102954,857,50
PANNERGY,0,20101206,102954,855,50
EGIS,0,20101206,102956,18650,74
MOL,0,20101206,102957,19815,100
OTP,0,20101206,103004,5200,435
OTP,0,20101206,103006,5205,100
MOL,0,20101206,103011,19820,5
OTP,0,20101206,103028,5204,20
OTP,0,20101206,103029,5204,68
BUX1012,0,20101206,103029,21230,10
BUX1012,0,20101206,103030,21230,5
OTP,0,20101206,103030,5204,62
OTP,0,20101206,103030,5205,31
OTP,0,20101206,103030,5205,907
BUX1012,0,20101206,103030,21230,1
MOL,0,20101206,103040,19805,19
OTP,0,20101206,103045,5205,1093
OTP,0,20101206,103045,5205,315
MTELEKOM,0,20101206,103046,536,3500
MTELEKOM,0,20101206,103046,536,1500
OTP,0,20101206,103047,5205,500
OTP,0,20101206,103049,5205,1000
BUX1012,0,20101206,103050,21230,9
BUX1012,0,20101206,103050,21240,6
MOL,0,20101206,103102,19815,3
MTELEKOM,0,20101206,103102,536,90
MTELEKOM,0,20101206,103102,536,243
MTELEKOM,0,20101206,103102,536,3000
PANNERGY,0,20101206,103120,858,20
KEG,0,20101206,103126,158,50
RICHTER,0,20101206,103129,43150,1
RICHTER,0,20101206,103129,43150,3
OTP,0,20101206,103133,5205,50
FHB,0,20101206,103134,964,40
OTP,0,20101206,103142,5209,195
OTP,0,20101206,103142,5209,10
OTP,0,20101206,103142,5210,30
OTP,0,20101206,103142,5210,1000
OTP,0,20101206,103142,5210,300
OTP,0,20101206,103142,5210,430
OTP,0,20101206,103142,5210,35
HUMET,0,20101206,103142,10,2000
MOL,0,20101206,103157,19800,3
BUX1012,0,20101206,103202,21238,5
PHYLAXIA,0,20101206,103203,45,969
PHYLAXIA,0,20101206,103203,45,31
BUX1012,0,20101206,103211,21238,2
MTELEKOM,0,20101206,103248,536,1167
MTELEKOM,0,20101206,103248,536,2000
MTELEKOM,0,20101206,103248,536,33
ECONET,0,20101206,103325,93,1370
OTP,0,20101206,103329,5206,130
MTELEKOM,0,20101206,103336,536,4967
MOL,0,20101206,103352,19810,50
OTP,0,20101206,103357,5205,840
OTP,0,20101206,103359,5210,65
OTP,0,20101206,103359,5210,11
OTP,0,20101206,103359,5210,14
RICHTER,0,20101206,103405,43150,4
OTP,0,20101206,103405,5205,1000
MTELEKOM,0,20101206,103408,536,33
MTELEKOM,0,20101206,103408,536,241
MTELEKOM,0,20101206,103408,536,252
MTELEKOM,0,20101206,103408,536,4000
MTELEKOM,0,20101206,103408,536,3184
OTP,0,20101206,103429,5205,156
OTP,0,20101206,103430,5210,2866
OTP,0,20101206,103430,5210,2000
OTP,0,20101206,103430,5210,20
OTP,0,20101206,103430,5213,94
OTP,0,20101206,103430,5214,200
OTP,0,20101206,103430,5214,167
OTP,0,20101206,103430,5217,500
OTP,0,20101206,103430,5218,200
OTP,0,20101206,103430,5218,200
OTP,0,20101206,103430,5220,180
OTP,0,20101206,103430,5220,245
OTP,0,20101206,103430,5220,200
OTP,0,20101206,103430,5220,535
OTP,0,20101206,103430,5220,30
OTP,0,20101206,103430,5222,12
OTP,0,20101206,103430,5225,488
OTP,0,20101206,103432,5225,8
BUX1012,0,20101206,103437,21221,1
OTP,0,20101206,103441,5222,50
OTP,0,20101206,103441,5220,900
BUX1012,0,20101206,103443,21230,6
BUX1012,0,20101206,103443,21230,4
BUX1012,0,20101206,103443,21237,1
BUX1012,0,20101206,103443,21238,14
OTP,0,20101206,103449,5220,500
BUX1012,0,20101206,103450,21238,9
OTP,0,20101206,103457,5220,170
MOL,0,20101206,103521,19805,5
MOL,0,20101206,103525,19810,16
OTP,0,20101206,103525,5220,993
OTP,0,20101206,103525,5220,7
MOL,0,20101206,103528,19805,11
MOL,0,20101206,103528,19805,16
MOL,0,20101206,103528,19800,2
BUX1012,0,20101206,103537,21250,49
BUX1012,0,20101206,103537,21250,1
BUX1012,0,20101206,103537,21250,1
OTP,0,20101206,103539,5220,93
OTP,0,20101206,103539,5220,7
OTP,0,20101206,103544,5220,10
BUX1012,0,20101206,103544,21250,4
OTP,0,20101206,103549,5222,50
OTP,0,20101206,103549,5220,66
OTP,0,20101206,103549,5220,84
OTP,0,20101206,103549,5216,60
MTELEKOM,0,20101206,103551,536,1000
MOL,0,20101206,103600,19800,5
MTELEKOM,0,20101206,103613,536,1290
MTELEKOM,0,20101206,103613,536,5000
MTELEKOM,0,20101206,103613,536,3000
MTELEKOM,0,20101206,103623,536,710
MTELEKOM,0,20101206,103623,536,254
BUX1012,0,20101206,103627,21268.5,1
BUX1012,0,20101206,103627,21270,2
BUX1012,0,20101206,103627,21278,10
BUX1012,0,20101206,103627,21279.5,2
BUX1012,0,20101206,103627,21280,2
BUX1012,0,20101206,103627,21280,3
BUX1012,0,20101206,103627,21280,3
MTELEKOM,0,20101206,103631,536,1000
OTP,0,20101206,103633,5220,20
OTP,0,20101206,103633,5220,1398
OTP,0,20101206,103633,5220,487
BUX1012,0,20101206,103634,21275,5
BUX1012,0,20101206,103637,21274,1
MTELEKOM,0,20101206,103638,536,3205
OTP,0,20101206,103646,5220,9
OTP,0,20101206,103646,5220,91
MTELEKOM,0,20101206,103646,537,2000
MTELEKOM,0,20101206,103646,537,100
OTP,0,20101206,103653,5220,50
RICHTER,0,20101206,103655,43145,4
MOL,0,20101206,103655,19800,95
MTELEKOM,0,20101206,103703,536,1000
MTELEKOM,0,20101206,103703,536,168
MTELEKOM,0,20101206,103703,536,130
OTP,0,20101206,103704,5216,100
MTELEKOM,0,20101206,103712,536,1000
MOL,0,20101206,103718,19800,5
OTP,0,20101206,103722,5216,40
OTP,0,20101206,103722,5215,15
MTELEKOM,0,20101206,103723,536,2000
BUX1012,0,20101206,103723,21256,1
MTELEKOM,0,20101206,103730,536,690
OTP,0,20101206,103734,5218,30
OTP,0,20101206,103734,5218,70
MTELEKOM,0,20101206,103736,536,12
MOL,0,20101206,103741,19800,50
OTP,0,20101206,103808,5215,3
OTP,0,20101206,103808,5215,90
OTP,0,20101206,103808,5215,84
OTP,0,20101206,103808,5210,23
OTP,0,20101206,103821,5210,50
BUX1012,0,20101206,103832,21274.5,1
MOL,0,20101206,103857,19790,5
OTP,0,20101206,103859,5210,20
OTP,0,20101206,103908,5210,128
OTP,0,20101206,103918,5210,279
BUX1012,0,20101206,103921,21255,1
BUX1012,0,20101206,103921,21255,49
BUX1012,0,20101206,103926,21250,15
BUX1012,0,20101206,103927,21250,5
OTP,0,20101206,103927,5210,121
OTP,0,20101206,103927,5210,496
OTP,0,20101206,103928,5210,383
OTP,0,20101206,103928,5206,200
OTP,0,20101206,103928,5205,46
OTP,0,20101206,103928,5205,100
OTP,0,20101206,103928,5204,121
RICHTER,0,20101206,103932,43145,4
MOL,0,20101206,103933,19800,34
OTP,0,20101206,103941,5210,70
RICHTER,0,20101206,103941,43050,50
RICHTER,0,20101206,103941,43050,2
RICHTER,0,20101206,103941,43000,160
RICHTER,0,20101206,103941,43000,2
RICHTER,0,20101206,103941,43000,10
RICHTER,0,20101206,103941,43000,35
OTP,0,20101206,103959,5205,514
OTP,0,20101206,104006,5205,384
MTELEKOM,0,20101206,104013,536,4988
MTELEKOM,0,20101206,104013,536,257
MTELEKOM,0,20101206,104013,536,259
MTELEKOM,0,20101206,104013,536,1450
OTP,0,20101206,104020,5205,102
OTP,0,20101206,104020,5205,89
MTELEKOM,0,20101206,104029,536,3046
MTELEKOM,0,20101206,104029,537,6265
ECONET,0,20101206,104047,93,3000
OTP,0,20101206,104110,5204,50
DANUBIUS,0,20101206,104118,3800,5000
OTP,0,20101206,104126,5205,400
KEG,0,20101206,104133,157,2400
OTP,0,20101206,104140,5204,329
OTP,0,20101206,104140,5202,15
OTP,0,20101206,104140,5201,256
OTP,0,20101206,104148,5201,744
OTP,0,20101206,104148,5200,105
OTP,0,20101206,104148,5200,6
EGIS,0,20101206,104151,18600,30
EGIS,0,20101206,104151,18565,4
EGIS,0,20101206,104151,18565,1
EGIS,0,20101206,104151,18555,3
EGIS,0,20101206,104151,18555,8
EGIS,0,20101206,104151,18550,15
MOL,0,20101206,104154,19800,16
ECONET,0,20101206,104201,93,45
FHB,0,20101206,104205,964,60
FHB,0,20101206,104205,962,56
FHB,0,20101206,104205,962,200
FHB,0,20101206,104205,962,100
FHB,0,20101206,104205,962,104
FHB,0,20101206,104205,961,62
FHB,0,20101206,104205,961,60
BUX1012,0,20101206,104205,21220,3
EGIS,0,20101206,104214,18650,100
KEG,0,20101206,104222,159,500
KEG,0,20101206,104222,159,600
KEG,0,20101206,104222,159,450
KEG,0,20101206,104222,159,1000
