<TICKER>,<PER>,<DTYYYYMMDD>,<TIME>,<CLOSE>,<VOLUME>
ANY,0,20101208,090042,705,48
ANY,0,20101208,090042,705,100
ANY,0,20101208,090042,705,300
ANY,0,20101208,090042,705,200
ANY,0,20101208,090042,705,800
ANY,0,20101208,090042,705,70
ANY,0,20101208,090042,705,60
ANY,0,20101208,090042,705,100
ANY,0,20101208,090042,705,300
ANY,0,20101208,090042,705,422
ANY,0,20101208,090042,705,78
ANY,0,20101208,090042,705,210
ANY,0,20101208,090042,705,50
ANY,0,20101208,090042,705,290
ANY,0,20101208,090042,705,22
ANY,0,20101208,090042,705,28
ECONET,0,20101208,090042,95,155
ECONET,0,20101208,090042,95,350
EGIS,0,20101208,090042,19560,4
EGIS,0,20101208,090042,19560,15
EGIS,0,20101208,090042,19560,6
EGIS,0,20101208,090042,19560,9
EGIS,0,20101208,090042,19560,10
ETFBUXOTP,0,20101208,090042,909,108
FHB,0,20101208,090042,970,150
FHB,0,20101208,090042,970,50
FHB,0,20101208,090042,970,300
FHB,0,20101208,090042,970,570
HUMET,0,20101208,090042,9,26100
HUMET,0,20101208,090042,9,2383
HUMET,0,20101208,090042,9,5000
HUMET,0,20101208,090042,9,15000
HUMET,0,20101208,090042,9,1700
HUMET,0,20101208,090042,9,10000
HUMET,0,20101208,090042,9,1000
HUMET,0,20101208,090042,9,4127
HUMET,0,20101208,090042,9,63000
HUMET,0,20101208,090042,9,25800
HUMET,0,20101208,090042,9,6890
HUMET,0,20101208,090042,9,183
HUMET,0,20101208,090042,9,25000
HUMET,0,20101208,090042,9,1100
HUMET,0,20101208,090042,9,15237
HUMET,0,20101208,090042,9,28500
HUMET,0,20101208,090042,9,11818
HUMET,0,20101208,090042,9,10000
HUMET,0,20101208,090042,9,10000
HUMET,0,20101208,090042,9,5000
HUMET,0,20101208,090042,9,20000
HUMET,0,20101208,090042,9,492
HUMET,0,20101208,090042,9,22690
HUMET,0,20101208,090042,9,1000
HUMET,0,20101208,090042,9,2000
HUMET,0,20101208,090042,9,2000
MOL,0,20101208,090042,19890,2
MOL,0,20101208,090042,19890,43
MOL,0,20101208,090042,19890,3
MOL,0,20101208,090042,19890,22
MOL,0,20101208,090042,19890,200
MOL,0,20101208,090042,19890,50
MOL,0,20101208,090042,19890,32
MOL,0,20101208,090042,19890,150
MOL,0,20101208,090042,19890,21
MOL,0,20101208,090042,19890,17
MOL,0,20101208,090042,19890,10
MOL,0,20101208,090042,19890,18
MOL,0,20101208,090042,19890,22
MOL,0,20101208,090042,19890,5
MOL,0,20101208,090042,19890,100
MOL,0,20101208,090042,19890,100
MOL,0,20101208,090042,19890,10
MOL,0,20101208,090042,19890,15
MOL,0,20101208,090042,19890,36
MOL,0,20101208,090042,19890,12
MTELEKOM,0,20101208,090042,540,150
MTELEKOM,0,20101208,090042,540,795
MTELEKOM,0,20101208,090042,540,55
MTELEKOM,0,20101208,090042,540,50
MTELEKOM,0,20101208,090042,540,45
MTELEKOM,0,20101208,090042,540,55
MTELEKOM,0,20101208,090042,540,200
MTELEKOM,0,20101208,090042,540,2945
MTELEKOM,0,20101208,090042,540,515
MTELEKOM,0,20101208,090042,540,220
MTELEKOM,0,20101208,090042,540,13
OTP,0,20101208,090042,5250,32
OTP,0,20101208,090042,5250,16
OTP,0,20101208,090042,5250,10
OTP,0,20101208,090042,5250,257
OTP,0,20101208,090042,5250,400
OTP,0,20101208,090042,5250,8
OTP,0,20101208,090042,5250,103
OTP,0,20101208,090042,5250,4
OTP,0,20101208,090042,5250,128
OTP,0,20101208,090042,5250,172
OTP,0,20101208,090042,5250,53
OTP,0,20101208,090042,5250,447
OTP,0,20101208,090042,5250,150
OTP,0,20101208,090042,5250,2000
OTP,0,20101208,090042,5250,200
OTP,0,20101208,090042,5250,251
OTP,0,20101208,090042,5250,87
OTP,0,20101208,090042,5250,75
OTP,0,20101208,090042,5250,150
OTP,0,20101208,090042,5250,435
OTP,0,20101208,090042,5250,166
OTP,0,20101208,090042,5250,536
OTP,0,20101208,090042,5250,20
OTP,0,20101208,090042,5250,40
OTP,0,20101208,090042,5250,100
OTP,0,20101208,090042,5250,60
OTP,0,20101208,090042,5250,200
OTP,0,20101208,090042,5250,44
OTP,0,20101208,090042,5250,50
OTP,0,20101208,090042,5250,186
OTP,0,20101208,090042,5250,9
OTP,0,20101208,090042,5250,111
OTP,0,20101208,090042,5250,49
OTP,0,20101208,090042,5250,1
OTP,0,20101208,090042,5250,9
OTP,0,20101208,090042,5250,150
OTP,0,20101208,090042,5250,10
OTP,0,20101208,090042,5250,10
OTP,0,20101208,090042,5250,10
OTP,0,20101208,090042,5250,50
OTP,0,20101208,090042,5250,5
OTP,0,20101208,090042,5250,156
OTP,0,20101208,090042,5250,1844
OTP,0,20101208,090042,5250,100
OTP,0,20101208,090042,5250,3000
OTP,0,20101208,090042,5250,56
OTP,0,20101208,090042,5250,25
OTP,0,20101208,090042,5250,1419
OTP,0,20101208,090042,5250,30
OTP,0,20101208,090042,5250,6
OTP,0,20101208,090042,5250,235
OTP,0,20101208,090042,5250,210
OTP,0,20101208,090042,5250,81
OTP,0,20101208,090042,5250,23
OTP,0,20101208,090042,5250,940
OTP,0,20101208,090042,5250,56
OTP,0,20101208,090042,5250,481
OTP,0,20101208,090042,5250,50
OTP,0,20101208,090042,5250,20
OTP,0,20101208,090042,5250,450
OTP,0,20101208,090042,5250,50
OTP,0,20101208,090042,5250,1000
PANNERGY,0,20101208,090042,882,12
PANNERGY,0,20101208,090042,882,40
PANNERGY,0,20101208,090042,882,142
PANNERGY,0,20101208,090042,882,206
PANNERGY,0,20101208,090042,882,110
RFV,0,20101208,090042,7939,7
RICHTER,0,20101208,090042,44000,2
RICHTER,0,20101208,090042,44000,6
RICHTER,0,20101208,090042,44000,6
RICHTER,0,20101208,090042,44000,5
RICHTER,0,20101208,090042,44000,39
RICHTER,0,20101208,090042,44000,7
SYNERGON,0,20101208,090042,507,400
SYNERGON,0,20101208,090042,507,80
BUX1012,0,20101208,090059,21501,2
BUX1012,0,20101208,090059,21501,9
BUX1012,0,20101208,090059,21501,1
BUX1012,0,20101208,090059,21501,2
BUX1012,0,20101208,090059,21501,1
BUX1012,0,20101208,090059,21501,1
BUX1012,0,20101208,090059,21501,1
BUX1012,0,20101208,090059,21501,1
BUX1012,0,20101208,090059,21501,3
BUX1012,0,20101208,090059,21501,40
BUX1012,0,20101208,090059,21501,4
BUX1012,0,20101208,090059,21501,2
BUX1012,0,20101208,090059,21501,1
BUX1012,0,20101208,090059,21501,4
BUX1012,0,20101208,090059,21501,1
BUX1012,0,20101208,090059,21501,3
BUX1012,0,20101208,090059,21501,5
BUX1012,0,20101208,090059,21501,1
BUX1012,0,20101208,090059,21501,30
BUX1012,0,20101208,090059,21501,6
BUX1012,0,20101208,090059,21501,7
BUX1012,0,20101208,090059,21501,1
OTP,0,20101208,090200,5250,220
OTP,0,20101208,090200,5250,185
OTP,0,20101208,090200,5250,26
OTP,0,20101208,090200,5250,200
OTP,0,20101208,090200,5250,1100
MOL,0,20101208,090200,19850,25
MOL,0,20101208,090200,19850,31
MOL,0,20101208,090200,19850,84
FHB,0,20101208,090203,970,3
OTP,0,20101208,090205,5250,200
MOL,0,20101208,090206,19850,100
PANNERGY,0,20101208,090206,882,125
MOL,0,20101208,090206,19830,6
MOL,0,20101208,090206,19805,10
MOL,0,20101208,090206,19800,8
MOL,0,20101208,090206,19800,42
MOL,0,20101208,090206,19800,14
MOL,0,20101208,090206,19800,36
MOL,0,20101208,090206,19800,29
MOL,0,20101208,090206,19800,72
MOL,0,20101208,090206,19800,28
MOL,0,20101208,090206,19800,44
OTP,0,20101208,090208,5260,14
OTP,0,20101208,090208,5250,120
MOL,0,20101208,090209,19850,350
OTP,0,20101208,090210,5250,842
OTP,0,20101208,090210,5250,378
TVK,0,20101208,090210,3430,18
TVK,0,20101208,090210,3420,82
MTELEKOM,0,20101208,090211,539,500
MOL,0,20101208,090212,19800,6
MOL,0,20101208,090212,19780,1
MOL,0,20101208,090212,19780,103
OTP,0,20101208,090213,5250,15
MOL,0,20101208,090215,19850,10
MOL,0,20101208,090215,19850,90
BUX1012,0,20101208,090216,21501,2
RICHTER,0,20101208,090217,44000,93
RICHTER,0,20101208,090217,44000,14
BUX1012,0,20101208,090224,21510,2
BUX1012,0,20101208,090225,21501,2
FHB,0,20101208,090226,972,100
BUX1012,0,20101208,090233,21501,2
BUX1012,0,20101208,090238,21500,27
SYNERGON,0,20101208,090239,507,240
OTP,0,20101208,090241,5240,10
OTP,0,20101208,090241,5240,35
MOL,0,20101208,090242,19800,200
OTP,0,20101208,090247,5240,2
OTP,0,20101208,090247,5240,10
OTP,0,20101208,090247,5240,10
OTP,0,20101208,090247,5240,10
KEG,0,20101208,090247,155,3260
KEG,0,20101208,090247,155,388
KEG,0,20101208,090247,155,2000
KEG,0,20101208,090247,155,4352
MOL,0,20101208,090248,19785,3
RABA,0,20101208,090248,816,120
RABA,0,20101208,090248,815,80
BUX1012,0,20101208,090250,21502,5
BUX1012,0,20101208,090250,21500,8
MTELEKOM,0,20101208,090251,540,49
MTELEKOM,0,20101208,090251,540,551
FREESOFT,0,20101208,090253,1950,28
OTP,0,20101208,090254,5240,18
OTP,0,20101208,090254,5240,200
OTP,0,20101208,090254,5245,140
OTP,0,20101208,090254,5247,113
OTP,0,20101208,090254,5248,29
BUX1012,0,20101208,090255,21500,7
BUX1012,0,20101208,090255,21500,2
MTELEKOM,0,20101208,090255,540,963
FHB,0,20101208,090258,970,300
BUX1012,0,20101208,090259,21500,3
OTP,0,20101208,090302,5248,18
EGIS,0,20101208,090303,19695,3
EGIS,0,20101208,090303,19695,4
OTP,0,20101208,090311,5248,153
OTP,0,20101208,090311,5248,390
OTP,0,20101208,090311,5249,250
OTP,0,20101208,090311,5250,105
OTP,0,20101208,090311,5250,205
OTP,0,20101208,090311,5250,2000
OTP,0,20101208,090311,5250,500
OTP,0,20101208,090311,5250,38
OTP,0,20101208,090311,5250,1000
OTP,0,20101208,090311,5250,100
OTP,0,20101208,090311,5250,235
OTP,0,20101208,090311,5250,500
BUX1012,0,20101208,090311,21500,2
MTELEKOM,0,20101208,090315,543,37
BUX1012,0,20101208,090315,21500,5
OTP,0,20101208,090316,5250,4
OTP,0,20101208,090318,5260,36
OTP,0,20101208,090318,5260,175
OTP,0,20101208,090318,5260,3
OTP,0,20101208,090319,5260,68
OTP,0,20101208,090319,5240,32
OTP,0,20101208,090320,5240,150
MOL,0,20101208,090321,19805,45
MOL,0,20101208,090321,19805,10
MOL,0,20101208,090321,19800,40
OTP,0,20101208,090323,5250,150
MOL,0,20101208,090327,19840,11
MOL,0,20101208,090327,19840,9
OTP,0,20101208,090330,5250,60
OTP,0,20101208,090330,5250,150
OTP,0,20101208,090330,5250,90
BUX1012,0,20101208,090339,21520,2
ANY,0,20101208,090339,705,100
BUX1012,0,20101208,090345,21530,5
OTP,0,20101208,090346,5252,4
BUX1012,0,20101208,090350,21511,10
FHB,0,20101208,090353,970,27
BUX1012,0,20101208,090356,21530,1
OTP,0,20101208,090357,5255,50
EGIS,0,20101208,090357,19695,5
EGIS,0,20101208,090357,19700,5
MOL,0,20101208,090358,19840,91
MOL,0,20101208,090358,19840,84
MOL,0,20101208,090358,19845,300
MOL,0,20101208,090358,19850,10
OTP,0,20101208,090358,5267,60
BUX1012,0,20101208,090400,21530,1
OTP,0,20101208,090401,5267,140
OTP,0,20101208,090401,5268,20
OTP,0,20101208,090401,5269,40
ANY,0,20101208,090401,705,100
OTP,0,20101208,090407,5255,50
OTP,0,20101208,090407,5253,25
OTP,0,20101208,090407,5252,325
OTP,0,20101208,090414,5269,50
ANY,0,20101208,090417,705,100
BUX1012,0,20101208,090419,21530,1
OTP,0,20101208,090419,5269,15
ANY,0,20101208,090421,705,25
OTP,0,20101208,090421,5253,11
OTP,0,20101208,090421,5253,189
BUX1012,0,20101208,090423,21521,1
ANY,0,20101208,090425,705,200
ANY,0,20101208,090426,705,100
BUX1012,0,20101208,090433,21521,1
BUX1012,0,20101208,090433,21520,1
BUX1012,0,20101208,090433,21540,22
BUX1012,0,20101208,090442,21522,2
BUX1012,0,20101208,090442,21521.5,1
EGIS,0,20101208,090442,19700,45
EGIS,0,20101208,090442,19700,55
ANY,0,20101208,090442,705,47
BUX1012,0,20101208,090442,21544,2
OTP,0,20101208,090443,5252,40
MOL,0,20101208,090443,19830,12
MOL,0,20101208,090443,19835,5
OTP,0,20101208,090450,5252,60
OTP,0,20101208,090458,5260,20
OTP,0,20101208,090500,5252,20
EGIS,0,20101208,090501,19700,10
PANNERGY,0,20101208,090502,876,100
PANNERGY,0,20101208,090502,870,100
PANNERGY,0,20101208,090502,870,35
PANNERGY,0,20101208,090502,864,47
PANNERGY,0,20101208,090502,861,100
PANNERGY,0,20101208,090502,861,110
PANNERGY,0,20101208,090502,860,235
PANNERGY,0,20101208,090502,860,100
PANNERGY,0,20101208,090502,860,500
OTP,0,20101208,090505,5252,47
BUX1012,0,20101208,090508,21525,1
OTP,0,20101208,090508,5252,150
PANNERGY,0,20101208,090510,860,273
EGIS,0,20101208,090512,19710,4
EGIS,0,20101208,090512,19790,6
PANNERGY,0,20101208,090523,863,90
BUX1012,0,20101208,090526,21539,1
BUX1012,0,20101208,090526,21544,3
BUX1012,0,20101208,090526,21548,10
BUX1012,0,20101208,090526,21549,5
BUX1012,0,20101208,090526,21550,20
BUX1012,0,20101208,090526,21550,15
BUX1012,0,20101208,090526,21550,2
OTP,0,20101208,090535,5255,350
OTP,0,20101208,090537,5255,60
BUX1012,0,20101208,090541,21540,20
OTP,0,20101208,090542,5255,30
OTP,0,20101208,090545,5255,43
OTP,0,20101208,090545,5255,17
MOL,0,20101208,090550,19840,5
BUX1012,0,20101208,090555,21527,2
BUX1012,0,20101208,090555,21527,1
BUX1012,0,20101208,090558,21527,1
BUX1012,0,20101208,090600,21540,2
OTP,0,20101208,090608,5260,80
OTP,0,20101208,090608,5260,450
OTP,0,20101208,090609,5264,189
OTP,0,20101208,090610,5263,100
BUX1012,0,20101208,090612,21540,4
BUX1012,0,20101208,090615,21540,20
BUX1012,0,20101208,090616,21531.5,1
BUX1012,0,20101208,090616,21530,18
OTP,0,20101208,090616,5260,470
OTP,0,20101208,090616,5253,30
BUX1012,0,20101208,090617,21540,3
OTP,0,20101208,090617,5252,130
BUX1012,0,20101208,090631,21559,3
BUX1012,0,20101208,090636,21541,1
BUX1012,0,20101208,090644,21541,1
EGIS,0,20101208,090645,19785,6
EGIS,0,20101208,090645,19790,4
BUX1012,0,20101208,090704,21541,2
OTP,0,20101208,090705,5260,50
OTP,0,20101208,090707,5262,20
OTP,0,20101208,090712,5265,65
OTP,0,20101208,090715,5255,200
ECONET,0,20101208,090716,95,370
MOL,0,20101208,090717,19845,12
MOL,0,20101208,090717,19850,50
OTP,0,20101208,090718,5265,5
BUX1012,0,20101208,090719,21558,3
BUX1012,0,20101208,090728,21568,1
ECONET,0,20101208,090730,94,600
OTP,0,20101208,090732,5263,156
BUX1012,0,20101208,090733,21559,1
OTP,0,20101208,090736,5265,10
OTP,0,20101208,090736,5265,190
OTP,0,20101208,090739,5265,20
OTP,0,20101208,090740,5267,291
OTP,0,20101208,090751,5265,26
OTP,0,20101208,090758,5265,30
OTP,0,20101208,090759,5265,74
OTP,0,20101208,090759,5260,113
EGIS,0,20101208,090803,19790,4
ECONET,0,20101208,090808,94,11
PANNERGY,0,20101208,090813,869,200
OTP,0,20101208,090823,5260,46
OTP,0,20101208,090828,5266,50
OTP,0,20101208,090828,5266,60
BUX1012,0,20101208,090834,21568,2
EGIS,0,20101208,090840,19700,90
BUX1012,0,20101208,090842,21562,5
ECONET,0,20101208,090847,94,13
OTP,0,20101208,090852,5267,9
OTP,0,20101208,090852,5267,91
KEG,0,20101208,090858,155,855
BUX1012,0,20101208,090906,21553,5
KEG,0,20101208,090910,155,793
KEG,0,20101208,090910,155,1707
OTP,0,20101208,090915,5267,9
OTP,0,20101208,090915,5267,27
OTP,0,20101208,090915,5268,80
OTP,0,20101208,090915,5268,180
OTP,0,20101208,090915,5268,150
OTP,0,20101208,090915,5268,954
MOL,0,20101208,090916,19875,10
EGIS,0,20101208,090922,19700,31
OTP,0,20101208,090939,5268,46
OTP,0,20101208,090939,5269,95
OTP,0,20101208,090939,5270,61
OTP,0,20101208,090939,5270,8
OTP,0,20101208,090939,5270,90
BUX1012,0,20101208,090940,21559,10
MOL,0,20101208,090941,19875,14
OTP,0,20101208,090944,5270,310
OTP,0,20101208,090944,5270,90
MOL,0,20101208,090946,19890,110
MOL,0,20101208,090946,19890,100
MOL,0,20101208,090946,19895,290
ANY,0,20101208,090953,710,100
OTP,0,20101208,090953,5270,100
EGIS,0,20101208,090954,19700,50
PANNERGY,0,20101208,090955,868,73
PANNERGY,0,20101208,090955,869,127
OTP,0,20101208,090957,5270,160
OTP,0,20101208,090959,5267,5
OTP,0,20101208,090959,5266,95
SYNERGON,0,20101208,091012,506,200
GENESIS,0,20101208,091013,257,200
GENESIS,0,20101208,091013,258,294
BUX1012,0,20101208,091017,21568,1
BUX1012,0,20101208,091017,21569,5
BUX1012,0,20101208,091017,21570,3
BUX1012,0,20101208,091017,21570,1
OTP,0,20101208,091031,5268,6
OTP,0,20101208,091031,5268,144
OTP,0,20101208,091031,5270,150
OTP,0,20101208,091031,5270,103
ANY,0,20101208,091033,710,10
ANY,0,20101208,091033,710,190
OTP,0,20101208,091037,5270,97
OTP,0,20101208,091039,5270,20
OTP,0,20101208,091048,5273,100
OTP,0,20101208,091058,5273,50
OTP,0,20101208,091059,5270,483
OTP,0,20101208,091059,5270,240
OTP,0,20101208,091059,5270,25
OTP,0,20101208,091059,5270,200
OTP,0,20101208,091104,5270,52
OTP,0,20101208,091104,5270,160
OTP,0,20101208,091110,5273,11
OTP,0,20101208,091123,5270,88
OTP,0,20101208,091123,5270,262
OTP,0,20101208,091137,5270,100
MOL,0,20101208,091142,19870,8
OTP,0,20101208,091143,5272,15
BUX1012,0,20101208,091146,21575,2
GENESIS,0,20101208,091147,258,6
GENESIS,0,20101208,091147,260,200
BUX1012,0,20101208,091148,21580,10
EGIS,0,20101208,091151,19700,19
OTP,0,20101208,091203,5273,22
MOL,0,20101208,091203,19870,15
OTP,0,20101208,091207,5271,250
OTP,0,20101208,091207,5270,138
OTP,0,20101208,091207,5270,500
OTP,0,20101208,091207,5270,100
OTP,0,20101208,091207,5270,12
OTP,0,20101208,091208,5270,88
OTP,0,20101208,091212,5270,112
MOL,0,20101208,091222,19895,8
OTP,0,20101208,091228,5272,100
TVK,0,20101208,091231,3430,90
OTP,0,20101208,091232,5273,132
OTP,0,20101208,091232,5275,500
OTP,0,20101208,091232,5275,868
PANNERGY,0,20101208,091240,869,120
OTP,0,20101208,091240,5275,75
OTP,0,20101208,091240,5275,57
OTP,0,20101208,091241,5278,50
OTP,0,20101208,091245,5278,110
OTP,0,20101208,091245,5279,30
OTP,0,20101208,091245,5280,10
MOL,0,20101208,091249,19895,2
BUX1012,0,20101208,091251,21585,1
MOL,0,20101208,091253,19865,5
BUX1012,0,20101208,091253,21585,1
BUX1012,0,20101208,091253,21585,2
BUX1012,0,20101208,091253,21586,10
BUX1012,0,20101208,091253,21587,5
BUX1012,0,20101208,091253,21587,10
BUX1012,0,20101208,091253,21588,12
BUX1012,0,20101208,091253,21588,3
BUX1012,0,20101208,091253,21589,1
BUX1012,0,20101208,091259,21589,3
EGIS,0,20101208,091303,19700,4
BUX1012,0,20101208,091303,21585,1
BUX1012,0,20101208,091303,21585,1
ECONET,0,20101208,091309,95,9965
ECONET,0,20101208,091309,95,35
BUX1012,0,20101208,091315,21589,3
OTP,0,20101208,091322,5276,200
BUX1012,0,20101208,091326,21589,1
MOL,0,20101208,091327,19895,10
OTP,0,20101208,091331,5275,10
OTP,0,20101208,091340,5276,50
OTP,0,20101208,091342,5276,50
BUX1012,0,20101208,091344,21589,14
MOL,0,20101208,091345,19895,2
MOL,0,20101208,091345,19900,10
MOL,0,20101208,091345,19900,100
MOL,0,20101208,091345,19900,45
OTP,0,20101208,091346,5276,284
BUX1012,0,20101208,091351,21590,2
BUX1012,0,20101208,091351,21590,2
MOL,0,20101208,091355,19930,6
MOL,0,20101208,091355,19930,84
MOL,0,20101208,091357,19900,19
MOL,0,20101208,091403,19930,16
OTP,0,20101208,091406,5275,300
BUX1012,0,20101208,091408,21590,1
BUX1012,0,20101208,091408,21597,2
BUX1012,0,20101208,091408,21600,1
BUX1012,0,20101208,091410,21600,2
PANNERGY,0,20101208,091411,869,24
PANNERGY,0,20101208,091411,870,650
PANNERGY,0,20101208,091411,874,26
BUX1012,0,20101208,091412,21600,2
OTP,0,20101208,091415,5280,50
OTP,0,20101208,091415,5280,10
BUX1012,0,20101208,091416,21600,3
EGIS,0,20101208,091424,19695,20
EGIS,0,20101208,091424,19695,10
EGIS,0,20101208,091424,19700,296
EGIS,0,20101208,091424,19780,38
EGIS,0,20101208,091424,19790,36
EGIS,0,20101208,091424,19795,50
EGIS,0,20101208,091424,19800,2
EGIS,0,20101208,091424,19800,100
EGIS,0,20101208,091424,19800,10
EGIS,0,20101208,091424,19800,15
BUX1012,0,20101208,091425,21619,10
BUX1012,0,20101208,091431,21635,1
BUX1012,0,20101208,091431,21635,1
OTP,0,20101208,091446,5280,20
OTP,0,20101208,091446,5280,480
BUX1012,0,20101208,091450,21600,5
EGIS,0,20101208,091453,19800,200
ECONET,0,20101208,091457,94,453
ECONET,0,20101208,091457,94,9547
ANY,0,20101208,091458,710,10
ANY,0,20101208,091458,713,50
ANY,0,20101208,091458,714,50
ANY,0,20101208,091458,714,70
EGIS,0,20101208,091505,19800,100
OTP,0,20101208,091506,5279,30
BUX1012,0,20101208,091510,21600,24
BUX1012,0,20101208,091510,21600,1
OTP,0,20101208,091514,5275,133
OTP,0,20101208,091514,5275,67
RICHTER,0,20101208,091516,43800,4
RICHTER,0,20101208,091516,43800,36
EGIS,0,20101208,091518,19800,100
OTP,0,20101208,091521,5275,88
OTP,0,20101208,091521,5275,912
OTP,0,20101208,091526,5275,900
BUX1012,0,20101208,091530,21591,10
OTP,0,20101208,091530,5275,20
OTP,0,20101208,091535,5275,10
OTP,0,20101208,091535,5275,158
OTP,0,20101208,091535,5275,2
OTP,0,20101208,091535,5275,288
OTP,0,20101208,091536,5273,460
OTP,0,20101208,091536,5272,540
OTP,0,20101208,091540,5272,248
EGIS,0,20101208,091543,19800,23
OTP,0,20101208,091545,5270,40
OTP,0,20101208,091545,5270,80
OTP,0,20101208,091550,5270,10
RICHTER,0,20101208,091550,43825,5
OTP,0,20101208,091551,5266,25
OTP,0,20101208,091551,5266,27
MOL,0,20101208,091554,19930,5
OTP,0,20101208,091603,5266,12
RICHTER,0,20101208,091604,43800,4
BUX1012,0,20101208,091605,21585,2
BUX1012,0,20101208,091605,21565,7
BUX1012,0,20101208,091605,21562,1
BUX1012,0,20101208,091605,21562,1
BUX1012,0,20101208,091605,21560,1
BUX1012,0,20101208,091605,21556,2
OTP,0,20101208,091607,5270,33
OTP,0,20101208,091609,5270,49
MOL,0,20101208,091620,19945,5
MOL,0,20101208,091621,19910,7
RICHTER,0,20101208,091626,43800,3
OTP,0,20101208,091631,5270,8
RICHTER,0,20101208,091631,43800,8
FHB,0,20101208,091632,970,100000
OTP,0,20101208,091638,5274,36
OTP,0,20101208,091638,5275,34
BUX1012,0,20101208,091640,21556,1
BUX1012,0,20101208,091642,21560,2
OTP,0,20101208,091642,5270,12
OTP,0,20101208,091642,5270,50
OTP,0,20101208,091642,5270,200
RICHTER,0,20101208,091643,43815,18
MOL,0,20101208,091643,19945,12
MOL,0,20101208,091643,19945,59
MOL,0,20101208,091643,19950,50
MOL,0,20101208,091643,19950,50
MOL,0,20101208,091643,19960,100
MOL,0,20101208,091643,19970,100
MOL,0,20101208,091643,19970,50
MOL,0,20101208,091643,19990,79
OTP,0,20101208,091649,5270,200
OTP,0,20101208,091650,5270,38
OTP,0,20101208,091650,5270,212
EGIS,0,20101208,091656,19800,127
BUX1012,0,20101208,091656,21580,1
BUX1012,0,20101208,091700,21591,2
BUX1012,0,20101208,091700,21595,2
BUX1012,0,20101208,091700,21598,2
OTP,0,20101208,091710,5270,288
OTP,0,20101208,091710,5270,200
BUX1012,0,20101208,091713,21570,1
MOL,0,20101208,091724,19960,3
OTP,0,20101208,091725,5268,100
OTP,0,20101208,091725,5266,61
OTP,0,20101208,091725,5265,50
OTP,0,20101208,091725,5265,80
BUX1012,0,20101208,091725,21599,5
OTP,0,20101208,091726,5265,9
OTP,0,20101208,091740,5260,100
OTP,0,20101208,091740,5260,100
MOL,0,20101208,091741,19950,5
BUX1012,0,20101208,091741,21580,1
OTP,0,20101208,091753,5260,100
OTP,0,20101208,091753,5260,225
OTP,0,20101208,091753,5260,100
OTP,0,20101208,091753,5260,24
MOL,0,20101208,091756,19950,20
OTP,0,20101208,091800,5258,351
RICHTER,0,20101208,091800,43850,14
OTP,0,20101208,091801,5258,1649
OTP,0,20101208,091801,5258,300
OTP,0,20101208,091802,5255,300
OTP,0,20101208,091802,5255,20
EGIS,0,20101208,091803,19885,2
BUX1012,0,20101208,091803,21570,1
BUX1012,0,20101208,091806,21562,1
EGIS,0,20101208,091809,19895,3
EGIS,0,20101208,091813,19805,10
GENESIS,0,20101208,091816,266,250
OTP,0,20101208,091821,5252,100
BUX1012,0,20101208,091823,21562,4
BUX1012,0,20101208,091823,21550,3
BUX1012,0,20101208,091823,21550,1
MOL,0,20101208,091826,19940,100
OTP,0,20101208,091833,5253,15
OTP,0,20101208,091833,5252,100
OTP,0,20101208,091833,5252,100
OTP,0,20101208,091833,5252,100
OTP,0,20101208,091833,5251,85
OTP,0,20101208,091836,5255,100
BUX1012,0,20101208,091838,21550,2
BUX1012,0,20101208,091838,21538,1
BUX1012,0,20101208,091838,21537,2
BUX1012,0,20101208,091838,21536,7
BUX1012,0,20101208,091838,21535,1
BUX1012,0,20101208,091838,21535,1
BUX1012,0,20101208,091838,21535,1
OTP,0,20101208,091840,5255,80
OTP,0,20101208,091840,5255,38
OTP,0,20101208,091843,5255,782
OTP,0,20101208,091843,5251,26
OTP,0,20101208,091843,5250,410
OTP,0,20101208,091843,5250,50
OTP,0,20101208,091843,5250,300
OTP,0,20101208,091843,5250,200
OTP,0,20101208,091843,5250,232
MOL,0,20101208,091848,19910,117
MOL,0,20101208,091848,19900,383
OTP,0,20101208,091851,5250,36
OTP,0,20101208,091851,5250,354
OTP,0,20101208,091851,5250,7
MOL,0,20101208,091857,19900,200
OTP,0,20101208,091859,5250,7
OTP,0,20101208,091859,5250,1993
RICHTER,0,20101208,091900,43805,1
RICHTER,0,20101208,091900,43800,9
OTP,0,20101208,091903,5250,332
OTP,0,20101208,091903,5250,468
BUX1012,0,20101208,091904,21550,5
RICHTER,0,20101208,091907,43800,26
BUX1012,0,20101208,091910,21570,2
RICHTER,0,20101208,091910,43800,43
OTP,0,20101208,091911,5250,532
OTP,0,20101208,091911,5250,468
BUX1012,0,20101208,091912,21577,9
RICHTER,0,20101208,091912,43800,21
OTP,0,20101208,091914,5250,20
OTP,0,20101208,091928,5250,412
OTP,0,20101208,091928,5250,100
OTP,0,20101208,091928,5250,50
OTP,0,20101208,091928,5250,438
OTP,0,20101208,091928,5250,200
MOL,0,20101208,091931,19900,50
OTP,0,20101208,091951,5255,50
MOL,0,20101208,091957,19905,300
MOL,0,20101208,091957,19900,300
MOL,0,20101208,092015,19900,10
MOL,0,20101208,092017,19900,21
KEG,0,20101208,092028,155,293
BUX1012,0,20101208,092038,21569,2
BUX1012,0,20101208,092038,21569,15
BUX1012,0,20101208,092038,21570,1
BUX1012,0,20101208,092038,21570,2
OTP,0,20101208,092038,5251,50
OTP,0,20101208,092038,5251,50
EGIS,0,20101208,092044,19805,4
BOOK,0,20101208,092046,490,300
OTP,0,20101208,092048,5251,150
OTP,0,20101208,092048,5251,50
OTP,0,20101208,092049,5251,110
OTP,0,20101208,092049,5250,60
MOL,0,20101208,092053,19900,36
OTP,0,20101208,092057,5251,60
OTP,0,20101208,092059,5251,300
OTP,0,20101208,092102,5251,640
OTP,0,20101208,092102,5251,70
OTP,0,20101208,092102,5250,1090
MOL,0,20101208,092106,19870,10
MOL,0,20101208,092106,19870,40
BUX1012,0,20101208,092118,21550,2
GSPARK,0,20101208,092124,786,100
GSPARK,0,20101208,092124,786,250
GSPARK,0,20101208,092124,785,1000
BUX1012,0,20101208,092130,21551,1
ANY,0,20101208,092131,710,110
MOL,0,20101208,092133,19895,200
MOL,0,20101208,092133,19900,264
MOL,0,20101208,092133,19900,300
MOL,0,20101208,092135,19900,40
GENESIS,0,20101208,092137,260,100
MOL,0,20101208,092144,19900,2
MOL,0,20101208,092200,19940,2
MOL,0,20101208,092200,19945,50
MOL,0,20101208,092200,19950,200
MOL,0,20101208,092200,19950,485
MOL,0,20101208,092200,19950,15
EGIS,0,20101208,092207,19895,2
MOL,0,20101208,092210,19950,22
EGIS,0,20101208,092217,19900,123
EGIS,0,20101208,092217,19900,48
EGIS,0,20101208,092217,19900,3
EGIS,0,20101208,092217,19910,30
EGIS,0,20101208,092217,19910,3
EGIS,0,20101208,092217,19960,3
EGIS,0,20101208,092217,19975,15
EGIS,0,20101208,092218,19980,10
MOL,0,20101208,092220,19970,100
ANY,0,20101208,092222,710,100
MOL,0,20101208,092224,19970,6
MOL,0,20101208,092224,19985,40
MOL,0,20101208,092224,19990,10
MOL,0,20101208,092224,19990,6
MOL,0,20101208,092224,19990,500
BUX1012,0,20101208,092226,21549,10
BUX1012,0,20101208,092226,21550,1
BUX1012,0,20101208,092226,21550,1
BUX1012,0,20101208,092226,21560,3
MOL,0,20101208,092231,19995,21
MOL,0,20101208,092231,19995,10
MOL,0,20101208,092231,19995,15
MOL,0,20101208,092231,19995,254
BUX1012,0,20101208,092233,21560,2
BUX1012,0,20101208,092233,21560,6
MOL,0,20101208,092233,19995,46
MOL,0,20101208,092233,20000,454
OTP,0,20101208,092238,5255,60
MOL,0,20101208,092239,20000,5
OTP,0,20101208,092239,5251,50
OTP,0,20101208,092239,5251,100
OTP,0,20101208,092239,5251,100
MTELEKOM,0,20101208,092240,542,700
MTELEKOM,0,20101208,092240,542,500
MTELEKOM,0,20101208,092240,542,3126
MTELEKOM,0,20101208,092240,542,674
EGIS,0,20101208,092241,19980,50
EGIS,0,20101208,092241,19980,30
EGIS,0,20101208,092241,19990,30
EGIS,0,20101208,092241,19990,76
EGIS,0,20101208,092241,19990,14
MOL,0,20101208,092241,20000,441
MOL,0,20101208,092241,20000,50
MOL,0,20101208,092241,20000,9
OTP,0,20101208,092244,5255,140
MOL,0,20101208,092245,20000,991
MOL,0,20101208,092245,20000,9
MOL,0,20101208,092248,20000,100
OTP,0,20101208,092252,5260,3
MTELEKOM,0,20101208,092254,542,826
OTP,0,20101208,092256,5260,10
PANNERGY,0,20101208,092256,870,65
MOL,0,20101208,092257,20000,200
EGIS,0,20101208,092259,19975,7
EGIS,0,20101208,092259,19975,3
OTP,0,20101208,092302,5260,53
OTP,0,20101208,092302,5260,400
OTP,0,20101208,092302,5260,500
OTP,0,20101208,092302,5260,475
EGIS,0,20101208,092303,19975,4
MTELEKOM,0,20101208,092303,542,1000
BUX1012,0,20101208,092307,21560,2
MOL,0,20101208,092328,19955,5
BUX1012,0,20101208,092329,21565,9
OTP,0,20101208,092333,5264,20
OTP,0,20101208,092333,5264,80
EGIS,0,20101208,092339,19975,5
EGIS,0,20101208,092339,19950,11
EGIS,0,20101208,092339,19900,24
MOL,0,20101208,092351,19980,5
MTELEKOM,0,20101208,092401,543,163
MTELEKOM,0,20101208,092401,543,26
OTP,0,20101208,092404,5260,5
BOOK,0,20101208,092405,489,9
OTP,0,20101208,092408,5264,416
OTP,0,20101208,092408,5264,36
OTP,0,20101208,092408,5264,276
OTP,0,20101208,092408,5265,55
BUX1012,0,20101208,092409,21565,4
BUX1012,0,20101208,092422,21565,2
BUX1012,0,20101208,092422,21570,1
BUX1012,0,20101208,092433,21551,1
BUX1012,0,20101208,092433,21550,1
BUX1012,0,20101208,092433,21550,3
BUX1012,0,20101208,092436,21570,3
BUX1012,0,20101208,092436,21575,1
BUX1012,0,20101208,092449,21560,1
OTP,0,20101208,092450,5267,67
BUX1012,0,20101208,092453,21565,2
EGIS,0,20101208,092456,19900,3
EGIS,0,20101208,092457,19970,10
OTP,0,20101208,092500,5265,100
MOL,0,20101208,092503,19980,100
BUX1012,0,20101208,092505,21565,1
BUX1012,0,20101208,092511,21560,1
EMASZ,0,20101208,092518,21000,34
OTP,0,20101208,092524,5265,30
OTP,0,20101208,092542,5266,1000
OTP,0,20101208,092544,5266,46
OTP,0,20101208,092558,5267,99
OTP,0,20101208,092558,5267,1
BUX1012,0,20101208,092617,21565,5
BUX1012,0,20101208,092623,21575,2
BUX1012,0,20101208,092628,21565,1
EGIS,0,20101208,092638,19970,10
OTP,0,20101208,092643,5266,67
OTP,0,20101208,092657,5266,650
PHYLAXIA,0,20101208,092657,46,2000
PHYLAXIA,0,20101208,092657,46,12
PHYLAXIA,0,20101208,092657,46,100
PHYLAXIA,0,20101208,092657,46,2000
OTP,0,20101208,092700,5266,37
OTP,0,20101208,092700,5265,87
OTP,0,20101208,092700,5265,150
OTP,0,20101208,092705,5265,500
BUX1012,0,20101208,092705,21570,1
RICHTER,0,20101208,092710,43765,10
RICHTER,0,20101208,092710,43760,4
OTP,0,20101208,092712,5264,20
OTP,0,20101208,092712,5264,20
RICHTER,0,20101208,092720,43765,3
RICHTER,0,20101208,092720,43765,2
EGIS,0,20101208,092722,19970,15
BUX1012,0,20101208,092727,21570,5
BUX1012,0,20101208,092728,21570,4
BUX1012,0,20101208,092728,21565,1
RICHTER,0,20101208,092728,43760,26
PHYLAXIA,0,20101208,092736,46,100
OTP,0,20101208,092738,5261,20
RICHTER,0,20101208,092742,43750,10
MOL,0,20101208,092746,19950,6
OTP,0,20101208,092746,5261,20
EGIS,0,20101208,092748,19975,5
EGIS,0,20101208,092749,19970,23
BUX1012,0,20101208,092754,21570,10
BUX1012,0,20101208,092754,21575,2
BUX1012,0,20101208,092754,21575,6
BUX1012,0,20101208,092754,21577,1
BUX1012,0,20101208,092754,21589,1
BUX1012,0,20101208,092756,21565,1
BUX1012,0,20101208,092756,21560,2
BUX1012,0,20101208,092756,21550,1
BUX1012,0,20101208,092756,21550,6
MTELEKOM,0,20101208,092806,542,1000
OTP,0,20101208,092807,5260,1
EGIS,0,20101208,092808,19970,2
EGIS,0,20101208,092808,19970,2
OTP,0,20101208,092814,5260,99
OTP,0,20101208,092814,5263,151
OTP,0,20101208,092816,5263,50
MOL,0,20101208,092830,19955,40
MTELEKOM,0,20101208,092838,542,1000
MOL,0,20101208,092843,19975,10
MOL,0,20101208,092853,19955,40
RICHTER,0,20101208,092858,43710,10
RICHTER,0,20101208,092858,43710,4
HUMET,0,20101208,092859,9,30763
GENESIS,0,20101208,092901,264,550
BUX1012,0,20101208,092915,21565,1
OTP,0,20101208,092917,5260,2
OTP,0,20101208,092920,5256,140
MTELEKOM,0,20101208,092923,542,500
MTELEKOM,0,20101208,092926,542,674
MOL,0,20101208,092933,19960,50
BUX1012,0,20101208,092937,21550,1
BUX1012,0,20101208,092937,21543,1
EGIS,0,20101208,092947,19905,6
EGIS,0,20101208,092947,19900,8
EGIS,0,20101208,092947,19900,100
OTP,0,20101208,092948,5256,210
RICHTER,0,20101208,092955,43710,45
MOL,0,20101208,093005,19975,3
MOL,0,20101208,093005,19975,17
BUX1012,0,20101208,093005,21550,1
BUX1012,0,20101208,093005,21545,1
BUX1012,0,20101208,093005,21543,3
OTP,0,20101208,093011,5260,48
OTP,0,20101208,093011,5260,452
RFV,0,20101208,093013,7940,10
MOL,0,20101208,093019,19965,10
OTP,0,20101208,093020,5260,20
OTP,0,20101208,093029,5257,10
ANY,0,20101208,093032,708,90
ANY,0,20101208,093032,707,110
BUX1012,0,20101208,093040,21541,2
BUX1012,0,20101208,093040,21540,1
BUX1012,0,20101208,093040,21535,14
BUX1012,0,20101208,093040,21530,1
BUX1012,0,20101208,093040,21529,5
BUX1012,0,20101208,093040,21528,6
BUX1012,0,20101208,093040,21528,2
BUX1012,0,20101208,093040,21518,10
KEG,0,20101208,093043,154,400
KEG,0,20101208,093043,154,1000
KEG,0,20101208,093043,154,350
BUX1012,0,20101208,093044,21529,1
MOL,0,20101208,093047,19975,40
MOL,0,20101208,093047,19980,14
MOL,0,20101208,093047,19980,141
MTELEKOM,0,20101208,093047,541,2000
OTP,0,20101208,093056,5263,50
OTP,0,20101208,093102,5263,150
MTELEKOM,0,20101208,093102,542,1326
RICHTER,0,20101208,093108,43745,13
RICHTER,0,20101208,093108,43750,16
RICHTER,0,20101208,093108,43760,15
RICHTER,0,20101208,093108,43800,56
MOL,0,20101208,093120,19995,10
OTP,0,20101208,093123,5260,300
OTP,0,20101208,093123,5260,248
RICHTER,0,20101208,093125,43710,37
RICHTER,0,20101208,093125,43700,3
OTP,0,20101208,093126,5257,55
OTP,0,20101208,093126,5256,43
EGIS,0,20101208,093128,19900,16
EGIS,0,20101208,093128,19900,48
MOL,0,20101208,093138,19995,15
MTELEKOM,0,20101208,093145,542,180
MTELEKOM,0,20101208,093208,542,200
OTP,0,20101208,093211,5257,110
OTP,0,20101208,093211,5257,70
OTP,0,20101208,093217,5262,30
OTP,0,20101208,093217,5262,10
MOL,0,20101208,093222,19995,50
EGIS,0,20101208,093228,19965,12
MTELEKOM,0,20101208,093244,542,294
RICHTER,0,20101208,093244,43800,54
GENESIS,0,20101208,093246,264,50
EGIS,0,20101208,093248,19965,38
EGIS,0,20101208,093248,19970,17
EGIS,0,20101208,093248,19970,200
EGIS,0,20101208,093248,19970,3
EGIS,0,20101208,093248,19975,23
EGIS,0,20101208,093248,19990,26
EGIS,0,20101208,093248,19990,10
EGIS,0,20101208,093248,19995,100
EGIS,0,20101208,093248,19995,36
EGIS,0,20101208,093248,19995,10
EGIS,0,20101208,093248,20000,3
EGIS,0,20101208,093248,20000,30
EGIS,0,20101208,093248,20000,5
EGIS,0,20101208,093248,20000,1
EGIS,0,20101208,093248,20000,20
EGIS,0,20101208,093248,20000,20
EGIS,0,20101208,093248,20000,15
EGIS,0,20101208,093248,20000,20
EGIS,0,20101208,093248,20000,70
EGIS,0,20101208,093248,20000,75
OTP,0,20101208,093250,5259,1000
MOL,0,20101208,093251,19995,25
MOL,0,20101208,093251,19995,40
MOL,0,20101208,093251,19995,135
EGIS,0,20101208,093251,20045,6
EGIS,0,20101208,093251,20050,2
EGIS,0,20101208,093251,20100,3
MOL,0,20101208,093254,19995,3
MOL,0,20101208,093254,20000,47
OTP,0,20101208,093258,5260,34
OTP,0,20101208,093301,5261,1000
OTP,0,20101208,093302,5260,266
EGIS,0,20101208,093302,20000,65
BUX1012,0,20101208,093303,21539,12
BUX1012,0,20101208,093303,21565,1
BUX1012,0,20101208,093303,21565,12
OTP,0,20101208,093303,5260,500
KEG,0,20101208,093305,153,1590
OTP,0,20101208,093306,5257,20
OTP,0,20101208,093307,5260,950
EGIS,0,20101208,093308,20150,4
EGIS,0,20101208,093309,20000,86
OTP,0,20101208,093310,5260,784
OTP,0,20101208,093310,5260,16
KEG,0,20101208,093314,153,1910
KEG,0,20101208,093314,153,4090
MOL,0,20101208,093323,20000,44
MOL,0,20101208,093323,20000,400
MOL,0,20101208,093323,20000,270
MOL,0,20101208,093323,20000,586
MOL,0,20101208,093328,20000,14
MOL,0,20101208,093328,20000,6
MTELEKOM,0,20101208,093338,542,1706
MOL,0,20101208,093344,20000,17
MOL,0,20101208,093344,20000,10
MOL,0,20101208,093344,20000,8
EGIS,0,20101208,093349,20100,40
EGIS,0,20101208,093349,20100,35
MOL,0,20101208,093351,20000,300
KEG,0,20101208,093359,153,310
KEG,0,20101208,093359,153,255
EGIS,0,20101208,093401,20180,4
OTP,0,20101208,093404,5260,109
BUX1012,0,20101208,093416,21551,15
OTP,0,20101208,093421,5262,150
OTP,0,20101208,093421,5262,20
OTP,0,20101208,093421,5263,1000
OTP,0,20101208,093421,5264,830
MOL,0,20101208,093422,20000,50
OTP,0,20101208,093425,5260,116
MOL,0,20101208,093434,19985,32
OTP,0,20101208,093434,5260,100
FHB,0,20101208,093437,970,80
OTP,0,20101208,093441,5260,99
OTP,0,20101208,093441,5260,107
MOL,0,20101208,093446,19985,13
MOL,0,20101208,093446,19985,133
MTELEKOM,0,20101208,093449,542,294
OTP,0,20101208,093457,5260,10
BUX1012,0,20101208,093528,21550,1
MOL,0,20101208,093535,20000,200
OTP,0,20101208,093556,5260,131
OTP,0,20101208,093556,5264,170
OTP,0,20101208,093556,5265,199
EGIS,0,20101208,093557,20150,2
OTP,0,20101208,093608,5257,110
OTP,0,20101208,093608,5257,65
BUX1012,0,20101208,093609,21562,1
MOL,0,20101208,093626,20000,100
OTP,0,20101208,093630,5257,15
BUX1012,0,20101208,093641,21549,8
RICHTER,0,20101208,093641,43850,6
RICHTER,0,20101208,093641,43850,17
MOL,0,20101208,093642,20000,42
MOL,0,20101208,093642,20000,58
MOL,0,20101208,093643,20000,50
FHB,0,20101208,093652,971,820
FHB,0,20101208,093652,971,100
BUX1012,0,20101208,093656,21550,2
FHB,0,20101208,093716,972,897
EGIS,0,20101208,093721,20010,26
OTP,0,20101208,093722,5260,180
MTELEKOM,0,20101208,093729,542,706
MTELEKOM,0,20101208,093729,542,1294
MOL,0,20101208,093733,19995,146
MOL,0,20101208,093733,20000,142
MOL,0,20101208,093733,20000,12
MOL,0,20101208,093735,19990,50
MOL,0,20101208,093735,19980,40
MOL,0,20101208,093735,19965,14
MOL,0,20101208,093735,19965,24
MOL,0,20101208,093735,19960,22
OTP,0,20101208,093741,5260,40
OTP,0,20101208,093805,5260,50
EGIS,0,20101208,093808,20100,5
RABA,0,20101208,093817,816,1044
ANY,0,20101208,093828,710,300
OTP,0,20101208,093829,5260,500
PANNERGY,0,20101208,093835,874,64
PANNERGY,0,20101208,093835,875,336
PHYLAXIA,0,20101208,093837,47,1200
PANNERGY,0,20101208,093844,875,164
PANNERGY,0,20101208,093844,875,36
PANNERGY,0,20101208,093848,875,464
ANY,0,20101208,093853,710,300
MTELEKOM,0,20101208,093854,542,155
EGIS,0,20101208,093858,20010,10
BUX1012,0,20101208,093915,21562,1
BUX1012,0,20101208,093915,21570,3
BUX1012,0,20101208,093915,21575,1
BUX1012,0,20101208,093915,21578,5
BUX1012,0,20101208,093915,21580,5
RICHTER,0,20101208,093916,43900,28
KEG,0,20101208,093923,154,2150
OTP,0,20101208,093928,5260,793
OTP,0,20101208,093928,5260,36
MOL,0,20101208,093928,19980,1
MOL,0,20101208,094022,19980,9
MTELEKOM,0,20101208,094045,542,551
MTELEKOM,0,20101208,094045,542,4449
MOL,0,20101208,094052,19975,52
MOL,0,20101208,094052,19980,321
MOL,0,20101208,094052,19980,127
MOL,0,20101208,094053,19980,9
MOL,0,20101208,094053,20000,45
RFV,0,20101208,094054,7965,10
OTP,0,20101208,094100,5260,196
EGIS,0,20101208,094102,20090,15
EGIS,0,20101208,094102,20095,5
BUX1012,0,20101208,094125,21565,1
EGIS,0,20101208,094126,20015,4
EGIS,0,20101208,094126,20015,1
BUX1012,0,20101208,094130,21583,1
MTELEKOM,0,20101208,094131,541,2167
BUX1012,0,20101208,094133,21580,1
BUX1012,0,20101208,094135,21580,1
EGIS,0,20101208,094137,20095,21
EGIS,0,20101208,094137,20095,4
BUX1012,0,20101208,094138,21580,2
BUX1012,0,20101208,094138,21565,3
EGIS,0,20101208,094139,20095,36
EGIS,0,20101208,094141,20100,3
EGIS,0,20101208,094145,20100,152
EGIS,0,20101208,094145,20100,60
MTELEKOM,0,20101208,094148,542,518
EGIS,0,20101208,094149,20100,5
RFV,0,20101208,094158,7965,10
MTELEKOM,0,20101208,094200,542,482
EGIS,0,20101208,094207,20100,47
OTP,0,20101208,094208,5265,3
MTELEKOM,0,20101208,094216,542,78
OTP,0,20101208,094217,5265,200
MTELEKOM,0,20101208,094222,542,922
OTP,0,20101208,094230,5265,824
OTP,0,20101208,094230,5265,540
OTP,0,20101208,094230,5267,150
OTP,0,20101208,094230,5268,28
EGIS,0,20101208,094233,20100,30
OTP,0,20101208,094233,5268,153
EGIS,0,20101208,094233,20100,23
MTELEKOM,0,20101208,094233,542,3000
OTP,0,20101208,094235,5268,231
EGIS,0,20101208,094242,20100,30
RFV,0,20101208,094243,7964,10
MTELEKOM,0,20101208,094243,542,41
EGIS,0,20101208,094303,20100,4
OTP,0,20101208,094303,5268,50
OTP,0,20101208,094305,5268,538
OTP,0,20101208,094305,5269,500
OTP,0,20101208,094305,5269,630
OTP,0,20101208,094305,5270,3332
OTP,0,20101208,094305,5270,200
OTP,0,20101208,094306,5270,548
FOTEX,0,20101208,094308,409,1
MOL,0,20101208,094308,19965,10
MOL,0,20101208,094308,19965,80
OTP,0,20101208,094309,5265,100
OTP,0,20101208,094310,5270,920
OTP,0,20101208,094310,5270,50
EGIS,0,20101208,094313,20150,4
MOL,0,20101208,094321,19995,30
MOL,0,20101208,094321,19995,270
MOL,0,20101208,094323,19995,47
MOL,0,20101208,094325,19995,9
BUX1012,0,20101208,094325,21582,2
BUX1012,0,20101208,094325,21583,1
FHB,0,20101208,094329,972,3
FHB,0,20101208,094329,972,259
OTP,0,20101208,094330,5275,166
OTP,0,20101208,094330,5275,63
BUX1012,0,20101208,094335,21588,5
BUX1012,0,20101208,094336,21588,2
RFV,0,20101208,094346,7964,10
FHB,0,20101208,094351,972,38
FHB,0,20101208,094351,970,22
ANY,0,20101208,094353,713,50
ANY,0,20101208,094353,714,50
ANY,0,20101208,094353,714,300
ANY,0,20101208,094353,714,90
ANY,0,20101208,094353,714,71
ANY,0,20101208,094353,715,200
FHB,0,20101208,094358,975,100
FHB,0,20101208,094358,975,400
FHB,0,20101208,094358,975,135
FHB,0,20101208,094358,976,65
EGIS,0,20101208,094359,20100,43
EGIS,0,20101208,094412,20100,4
OTP,0,20101208,094417,5271,100
ANY,0,20101208,094422,715,200
BUX1012,0,20101208,094432,21588,3
MOL,0,20101208,094432,19980,20
OTP,0,20101208,094439,5275,20
EGIS,0,20101208,094443,20095,55
EGIS,0,20101208,094443,20100,53
MOL,0,20101208,094448,19990,90
BUX1012,0,20101208,094453,21587,1
BUX1012,0,20101208,094453,21590,1
BUX1012,0,20101208,094453,21590,1
BUX1012,0,20101208,094453,21592,2
RFV,0,20101208,094456,7965,50
MOL,0,20101208,094457,19995,12
MOL,0,20101208,094458,19995,62
MOL,0,20101208,094458,19995,28
OTP,0,20101208,094524,5273,236
OTP,0,20101208,094524,5272,120
BUX1012,0,20101208,094529,21570,2
MTELEKOM,0,20101208,094530,542,25
MOL,0,20101208,094531,19995,107
MOL,0,20101208,094531,19995,300
EGIS,0,20101208,094536,20100,12
EGIS,0,20101208,094536,20100,50
EGIS,0,20101208,094536,20060,10
EGIS,0,20101208,094536,20050,80
EGIS,0,20101208,094536,20030,50
EGIS,0,20101208,094536,20030,30
EGIS,0,20101208,094544,20025,40
EGIS,0,20101208,094544,20025,18
MOL,0,20101208,094605,20000,200
MOL,0,20101208,094605,20000,123
MOL,0,20101208,094608,20000,20
MOL,0,20101208,094608,20000,5
MOL,0,20101208,094608,20000,50
BUX1012,0,20101208,094610,21587,2
MOL,0,20101208,094611,20000,36
EGIS,0,20101208,094615,20015,3
ECONET,0,20101208,094616,94,253
ECONET,0,20101208,094616,94,12000
RABA,0,20101208,094617,817,25
OTP,0,20101208,094618,5272,45
MOL,0,20101208,094621,20000,414
OTP,0,20101208,094622,5272,15
OTP,0,20101208,094622,5271,20
OTP,0,20101208,094622,5270,37
MOL,0,20101208,094623,20000,86
MOL,0,20101208,094623,20000,400
MOL,0,20101208,094623,20000,82
MOL,0,20101208,094624,20000,32
MOL,0,20101208,094627,19995,93
MOL,0,20101208,094627,19995,57
MOL,0,20101208,094627,19995,24
MOL,0,20101208,094633,19995,58
OTP,0,20101208,094635,5270,28
OTP,0,20101208,094635,5270,34
MTELEKOM,0,20101208,094644,542,1000
MOL,0,20101208,094648,20000,500
OTP,0,20101208,094649,5273,100
MOL,0,20101208,094651,20000,30
MOL,0,20101208,094657,20000,70
MOL,0,20101208,094657,20000,230
MOL,0,20101208,094659,19990,90
MOL,0,20101208,094701,20000,90
MOL,0,20101208,094702,20000,112
MOL,0,20101208,094702,20000,69
BUX1012,0,20101208,094714,21585,2
BUX1012,0,20101208,094714,21594.5,1
BUX1012,0,20101208,094714,21595,1
FHB,0,20101208,094716,976,462
OTP,0,20101208,094717,5271,120
TVK,0,20101208,094722,3420,3
TVK,0,20101208,094722,3405,40
TVK,0,20101208,094722,3405,50
TVK,0,20101208,094722,3400,7
RICHTER,0,20101208,094723,43850,8
MOL,0,20101208,094723,19995,4
MOL,0,20101208,094723,20000,196
RFV,0,20101208,094734,7965,5
RFV,0,20101208,094734,7985,45
OTP,0,20101208,094737,5270,400
MOL,0,20101208,094738,20000,135
MOL,0,20101208,094738,20000,65
OTP,0,20101208,094738,5270,89
BUX1012,0,20101208,094745,21595,11
BUX1012,0,20101208,094745,21597,1
BUX1012,0,20101208,094745,21597,10
BUX1012,0,20101208,094745,21598,11
MOL,0,20101208,094804,20000,66
MOL,0,20101208,094804,20000,234
OTP,0,20101208,094805,5270,100
MOL,0,20101208,094808,20000,166
BUX1012,0,20101208,094809,21599,1
MOL,0,20101208,094811,20000,27
EGIS,0,20101208,094813,20080,4
MOL,0,20101208,094817,20000,100
BUX1012,0,20101208,094826,21599,4
OTP,0,20101208,094827,5273,100
OTP,0,20101208,094827,5273,200
OTP,0,20101208,094827,5273,200
MTELEKOM,0,20101208,094835,542,12
MTELEKOM,0,20101208,094835,542,100
MTELEKOM,0,20101208,094835,542,5000
EGIS,0,20101208,094841,20080,130
MOL,0,20101208,094844,20000,5
BUX1012,0,20101208,094851,21599,20
OTP,0,20101208,094851,5273,39
OTP,0,20101208,094851,5274,40
OTP,0,20101208,094851,5274,96
OTP,0,20101208,094851,5275,17
OTP,0,20101208,094851,5275,50
OTP,0,20101208,094851,5276,500
OTP,0,20101208,094851,5278,200
OTP,0,20101208,094851,5278,58
EGIS,0,20101208,094902,20095,2
RICHTER,0,20101208,094906,43855,5
EGIS,0,20101208,094907,20095,3
EGIS,0,20101208,094907,20100,40
BUX1012,0,20101208,094909,21599,5
BUX1012,0,20101208,094915,21599,1
EGIS,0,20101208,094919,20135,30
EGIS,0,20101208,094919,20140,64
EGIS,0,20101208,094919,20145,15
EGIS,0,20101208,094919,20150,10
EGIS,0,20101208,094919,20175,68
EGIS,0,20101208,094919,20180,296
EGIS,0,20101208,094919,20195,10
EGIS,0,20101208,094919,20200,29
EGIS,0,20101208,094919,20200,4
EGIS,0,20101208,094919,20200,50
EGIS,0,20101208,094919,20200,70
EGIS,0,20101208,094919,20200,25
BUX1012,0,20101208,094921,21599,4
OTP,0,20101208,094924,5278,942
OTP,0,20101208,094924,5280,20
OTP,0,20101208,094924,5280,285
OTP,0,20101208,094924,5280,200
OTP,0,20101208,094924,5280,610
OTP,0,20101208,094924,5280,33
OTP,0,20101208,094924,5280,50
OTP,0,20101208,094924,5280,860
BUX1012,0,20101208,094926,21599,2
BUX1012,0,20101208,094927,21599,3
BUX1012,0,20101208,094927,21599,7
MTELEKOM,0,20101208,094928,542,4888
BUX1012,0,20101208,094929,21599,6
OTP,0,20101208,094930,5280,500
OTP,0,20101208,094930,5280,500
BUX1012,0,20101208,094932,21599,1
RICHTER,0,20101208,094934,43850,1
MTELEKOM,0,20101208,094934,542,112
MOL,0,20101208,094934,20000,10
OTP,0,20101208,094935,5280,640
EGIS,0,20101208,094941,20250,5
OTP,0,20101208,094942,5283,20
OTP,0,20101208,094942,5287,16
OTP,0,20101208,094942,5287,250
OTP,0,20101208,094942,5288,164
OTP,0,20101208,094942,5288,15
RICHTER,0,20101208,094942,43850,14
RICHTER,0,20101208,094942,43855,6
BUX1012,0,20101208,094943,21599,6
BUX1012,0,20101208,094943,21599,6
BUX1012,0,20101208,094943,21600,1
BUX1012,0,20101208,094943,21600,17
OTP,0,20101208,094946,5280,7
BUX1012,0,20101208,094947,21600,5
BUX1012,0,20101208,094951,21600,1
OTP,0,20101208,094952,5288,100
BUX1012,0,20101208,094957,21600,77
BUX1012,0,20101208,094957,21600,1
BUX1012,0,20101208,094957,21600,1
BUX1012,0,20101208,095000,21601,1
RICHTER,0,20101208,095000,43855,3
BUX1012,0,20101208,095001,21600,1
MOL,0,20101208,095001,20000,250
ANY,0,20101208,095029,715,39
BUX1012,0,20101208,095038,21600,1
OTP,0,20101208,095058,5280,1
MOL,0,20101208,095110,20000,8
MOL,0,20101208,095110,20000,32
ANY,0,20101208,095121,715,10
EGIS,0,20101208,095132,20200,100
FHB,0,20101208,095134,978,25
OTP,0,20101208,095152,5280,100
EGIS,0,20101208,095159,20245,20
EGIS,0,20101208,095159,20250,95
EGIS,0,20101208,095159,20250,30
EGIS,0,20101208,095159,20270,2
EGIS,0,20101208,095159,20270,30
EGIS,0,20101208,095159,20270,5
EGIS,0,20101208,095159,20280,10
EGIS,0,20101208,095159,20290,3
EGIS,0,20101208,095159,20300,3
EGIS,0,20101208,095159,20300,65
MTELEKOM,0,20101208,095200,542,888
FOTEX,0,20101208,095203,409,831
PANNERGY,0,20101208,095228,884,10
EGIS,0,20101208,095243,20250,5
BUX1012,0,20101208,095245,21605,5
EGIS,0,20101208,095250,20250,5
RICHTER,0,20101208,095307,43900,8
PANNERGY,0,20101208,095311,877,25
MOL,0,20101208,095315,20000,10
EGIS,0,20101208,095318,20345,2
EGIS,0,20101208,095318,20345,3
GENESIS,0,20101208,095322,265,10
EGIS,0,20101208,095340,20300,20
BUX1012,0,20101208,095342,21601,13
BUX1012,0,20101208,095342,21600,2
EGIS,0,20101208,095349,20290,22
EGIS,0,20101208,095352,20290,28
EGIS,0,20101208,095352,20295,22
MTELEKOM,0,20101208,095358,541,833
MTELEKOM,0,20101208,095358,541,641
OTP,0,20101208,095402,5282,29
EGIS,0,20101208,095405,20250,7
EGIS,0,20101208,095407,20290,25
EGIS,0,20101208,095407,20295,50
EGIS,0,20101208,095419,20280,4
EGIS,0,20101208,095420,20280,46
EGIS,0,20101208,095426,20280,4
BUX1012,0,20101208,095428,21600,6
OTP,0,20101208,095430,5282,221
OTP,0,20101208,095430,5282,214
EGIS,0,20101208,095430,20280,76
OTP,0,20101208,095441,5280,200
OTP,0,20101208,095444,5280,6
OTP,0,20101208,095452,5280,46
OTP,0,20101208,095452,5280,19
EGIS,0,20101208,095500,20295,68
OTP,0,20101208,095525,5280,1
OTP,0,20101208,095525,5280,299
OTP,0,20101208,095529,5285,60
MOL,0,20101208,095541,19980,5
OTP,0,20101208,095546,5280,1
OTP,0,20101208,095546,5280,80
EGIS,0,20101208,095601,20250,5
RICHTER,0,20101208,095614,43895,2
OTP,0,20101208,095618,5276,50
OTP,0,20101208,095618,5275,500
OTP,0,20101208,095618,5272,300
OTP,0,20101208,095618,5270,100
OTP,0,20101208,095618,5270,149
OTP,0,20101208,095618,5270,1653
PANNERGY,0,20101208,095619,878,100
BUX1012,0,20101208,095630,21600,1
RICHTER,0,20101208,095639,43890,10
OTP,0,20101208,095640,5270,170
BUX1012,0,20101208,095642,21600,1
EGIS,0,20101208,095648,20250,3
BUX1012,0,20101208,095654,21600,9
BUX1012,0,20101208,095654,21600,16
BUX1012,0,20101208,095657,21600,4
MOL,0,20101208,095701,19980,90
OTP,0,20101208,095705,5270,400
EGIS,0,20101208,095711,20205,10
EGIS,0,20101208,095711,20205,3
EGIS,0,20101208,095711,20200,49
OTP,0,20101208,095717,5270,2300
RICHTER,0,20101208,095727,43865,5
OTP,0,20101208,095739,5270,30
BUX1012,0,20101208,095742,21598,4
OTP,0,20101208,095743,5278,27
MOL,0,20101208,095744,19980,5
OTP,0,20101208,095754,5270,1470
OTP,0,20101208,095802,5269,105
OTP,0,20101208,095802,5265,536
OTP,0,20101208,095802,5265,559
EGIS,0,20101208,095802,20200,30
BUX1012,0,20101208,095805,21590,2
MOL,0,20101208,095805,19985,49
MOL,0,20101208,095805,19985,1
EGIS,0,20101208,095812,20200,2
BUX1012,0,20101208,095815,21590,12
OTP,0,20101208,095821,5265,441
OTP,0,20101208,095821,5261,50
OTP,0,20101208,095821,5261,100
OTP,0,20101208,095821,5261,104
OTP,0,20101208,095821,5261,305
EGIS,0,20101208,095822,20200,14
EGIS,0,20101208,095822,20200,25
EGIS,0,20101208,095823,20295,4
MOL,0,20101208,095831,19985,50
FHB,0,20101208,095850,978,475
FHB,0,20101208,095850,979,410
FHB,0,20101208,095850,980,600
FHB,0,20101208,095850,980,180
FHB,0,20101208,095850,980,500
EGIS,0,20101208,095851,20295,28
EGIS,0,20101208,095851,20300,2
MOL,0,20101208,095857,19985,77
MOL,0,20101208,095857,19995,300
BUX1012,0,20101208,095859,21570,1
OTP,0,20101208,095902,5265,1000
BUX1012,0,20101208,095904,21570,4
BUX1012,0,20101208,095904,21570,1
BUX1012,0,20101208,095904,21560,1
BUX1012,0,20101208,095904,21551,2
RABA,0,20101208,095912,817,15
RABA,0,20101208,095912,818,185
FHB,0,20101208,095913,980,100
MOL,0,20101208,095923,19975,20
MTELEKOM,0,20101208,095926,542,4000
EGIS,0,20101208,095931,20205,10
EGIS,0,20101208,095931,20200,53
FHB,0,20101208,095935,980,50
FHB,0,20101208,095949,981,485
EGIS,0,20101208,100012,20200,20
MOL,0,20101208,100013,19980,10
MOL,0,20101208,100023,19980,90
BUX1012,0,20101208,100046,21552,10
BUX1012,0,20101208,100046,21550,2
BUX1012,0,20101208,100046,21550,1
BUX1012,0,20101208,100046,21550,6
PANNERGY,0,20101208,100047,882,64
BUX1012,0,20101208,100047,21550,1
EGIS,0,20101208,100050,20200,5
BUX1012,0,20101208,100057,21550,15
BUX1012,0,20101208,100101,21550,4
BUX1012,0,20101208,100105,21550,4
BUX1012,0,20101208,100109,21550,7
MOL,0,20101208,100114,19995,3
OTP,0,20101208,100116,5269,9
EGIS,0,20101208,100119,20200,3
OTP,0,20101208,100128,5269,182
OTP,0,20101208,100128,5269,91
OTP,0,20101208,100128,5270,890
OTP,0,20101208,100128,5270,837
MTELEKOM,0,20101208,100147,541,3000
OTP,0,20101208,100148,5270,163
OTP,0,20101208,100148,5270,482
OTP,0,20101208,100148,5270,350
OTP,0,20101208,100148,5270,200
PANNERGY,0,20101208,100154,884,280
PANNERGY,0,20101208,100154,884,1400
OTP,0,20101208,100209,5271,195
OTP,0,20101208,100209,5270,605
PANNERGY,0,20101208,100209,883,52
PANNERGY,0,20101208,100209,883,348
MOL,0,20101208,100219,19980,100
RICHTER,0,20101208,100222,43865,14
MOL,0,20101208,100227,19980,35
MOL,0,20101208,100227,19980,15
OTP,0,20101208,100237,5261,20
OTP,0,20101208,100237,5261,3
OTP,0,20101208,100237,5260,607
MOL,0,20101208,100242,19980,50
BUX1012,0,20101208,100243,21560,1
BUX1012,0,20101208,100243,21562,1
OTP,0,20101208,100243,5270,117
OTP,0,20101208,100252,5260,50
MOL,0,20101208,100257,19980,67
MOL,0,20101208,100257,19980,33
BUX1012,0,20101208,100303,21552,1
OTP,0,20101208,100307,5260,83
BUX1012,0,20101208,100311,21552,4
BUX1012,0,20101208,100311,21550,1
MOL,0,20101208,100316,19980,9
OTP,0,20101208,100318,5261,15
OTP,0,20101208,100318,5260,735
OTP,0,20101208,100318,5260,500
OTP,0,20101208,100318,5260,900
OTP,0,20101208,100318,5260,100
OTP,0,20101208,100318,5260,40
OTP,0,20101208,100318,5260,885
MOL,0,20101208,100323,19980,91
EGIS,0,20101208,100323,20290,4
OTP,0,20101208,100324,5260,15
OTP,0,20101208,100324,5256,607
OTP,0,20101208,100324,5256,30
OTP,0,20101208,100324,5256,348
BUX1012,0,20101208,100329,21549,1
OTP,0,20101208,100334,5256,152
OTP,0,20101208,100334,5255,48
PANNERGY,0,20101208,100346,889,100
PANNERGY,0,20101208,100346,889,100
PANNERGY,0,20101208,100346,890,1000
MOL,0,20101208,100348,19975,10
MOL,0,20101208,100348,19960,28
MOL,0,20101208,100348,19960,8
MOL,0,20101208,100348,19960,154
OTP,0,20101208,100349,5260,1000
PANNERGY,0,20101208,100356,890,70
RICHTER,0,20101208,100358,43865,1
RICHTER,0,20101208,100358,43860,50
OTP,0,20101208,100400,5256,100
OTP,0,20101208,100400,5260,500
PANNERGY,0,20101208,100402,890,110
BUX1012,0,20101208,100403,21545.5,2
BUX1012,0,20101208,100403,21545,15
BUX1012,0,20101208,100403,21540,1
BUX1012,0,20101208,100403,21540,1
BUX1012,0,20101208,100403,21540,10
BUX1012,0,20101208,100403,21540,1
OTP,0,20101208,100404,5260,900
BUX1012,0,20101208,100405,21531,1
BUX1012,0,20101208,100405,21530,1
OTP,0,20101208,100405,5256,140
OTP,0,20101208,100405,5255,152
OTP,0,20101208,100405,5255,300
OTP,0,20101208,100405,5255,408
PANNERGY,0,20101208,100411,890,200
FHB,0,20101208,100413,980,100
RICHTER,0,20101208,100417,43755,4
OTP,0,20101208,100427,5255,30
EGIS,0,20101208,100431,20200,64
EGIS,0,20101208,100431,20200,57
EGIS,0,20101208,100431,20200,20
PANNERGY,0,20101208,100435,895,52
OTP,0,20101208,100440,5255,20
PANNERGY,0,20101208,100444,895,200
EGIS,0,20101208,100445,20190,89
MOL,0,20101208,100446,19980,10
PANNERGY,0,20101208,100446,895,48
BUX1012,0,20101208,100446,21530,1
BUX1012,0,20101208,100446,21527,1
MOL,0,20101208,100449,19980,20
EGIS,0,20101208,100452,20200,30
OTP,0,20101208,100453,5255,1912
OTP,0,20101208,100453,5255,50
OTP,0,20101208,100453,5253,150
OTP,0,20101208,100453,5252,2000
OTP,0,20101208,100453,5252,300
OTP,0,20101208,100453,5252,300
OTP,0,20101208,100453,5251,180
OTP,0,20101208,100453,5251,108
MOL,0,20101208,100454,19960,45
OTP,0,20101208,100455,5260,100
OTP,0,20101208,100500,5260,125
OTP,0,20101208,100506,5255,4
OTP,0,20101208,100506,5251,192
OTP,0,20101208,100506,5250,929
OTP,0,20101208,100506,5250,250
OTP,0,20101208,100506,5250,1000
OTP,0,20101208,100506,5250,1
OTP,0,20101208,100506,5250,30
OTP,0,20101208,100506,5250,1
OTP,0,20101208,100506,5250,100
OTP,0,20101208,100506,5250,430
OTP,0,20101208,100506,5250,1000
OTP,0,20101208,100506,5250,193
OTP,0,20101208,100506,5250,1000
OTP,0,20101208,100506,5250,120
OTP,0,20101208,100506,5250,480
OTP,0,20101208,100506,5245,50
OTP,0,20101208,100512,5245,650
MOL,0,20101208,100515,19960,1
OTP,0,20101208,100516,5245,300
BUX1012,0,20101208,100517,21530,33
OTP,0,20101208,100517,5245,320
OTP,0,20101208,100522,5245,30
OTP,0,20101208,100522,5245,50
OTP,0,20101208,100522,5242,30
OTP,0,20101208,100522,5241,100
OTP,0,20101208,100522,5240,18
OTP,0,20101208,100522,5240,200
OTP,0,20101208,100522,5240,1602
OTP,0,20101208,100522,5240,398
OTP,0,20101208,100522,5240,102
OTP,0,20101208,100522,5240,1000
OTP,0,20101208,100522,5240,300
OTP,0,20101208,100534,5240,200
MOL,0,20101208,100536,19955,100
MOL,0,20101208,100536,19955,10
MOL,0,20101208,100536,19950,390
MOL,0,20101208,100539,19960,25
MOL,0,20101208,100539,19980,25
MOL,0,20101208,100542,19950,15
OTP,0,20101208,100547,5240,198
OTP,0,20101208,100555,5238,300
OTP,0,20101208,100555,5238,20
OTP,0,20101208,100555,5238,100
OTP,0,20101208,100555,5236,120
OTP,0,20101208,100555,5236,20
OTP,0,20101208,100555,5236,10
OTP,0,20101208,100555,5235,10
OTP,0,20101208,100555,5235,190
OTP,0,20101208,100555,5235,210
BUX1012,0,20101208,100558,21527,1
BUX1012,0,20101208,100558,21522,1
BUX1012,0,20101208,100558,21521,2
BUX1012,0,20101208,100558,21520.5,2
BUX1012,0,20101208,100558,21520,1
BUX1012,0,20101208,100558,21520,10
BUX1012,0,20101208,100559,21517,2
BUX1012,0,20101208,100559,21517,1
BUX1012,0,20101208,100601,21520,3
OTP,0,20101208,100602,5235,290
OTP,0,20101208,100602,5232,200
OTP,0,20101208,100602,5232,312
OTP,0,20101208,100602,5232,25
PANNERGY,0,20101208,100606,892,100
OTP,0,20101208,100608,5232,2663
OTP,0,20101208,100608,5231,2000
OTP,0,20101208,100608,5230,2800
OTP,0,20101208,100608,5230,30
OTP,0,20101208,100608,5230,100
OTP,0,20101208,100608,5230,1000
OTP,0,20101208,100608,5230,1000
OTP,0,20101208,100608,5230,6
OTP,0,20101208,100608,5230,374
OTP,0,20101208,100608,5230,200
OTP,0,20101208,100608,5230,2500
OTP,0,20101208,100608,5228,100
OTP,0,20101208,100608,5228,100
OTP,0,20101208,100608,5228,19
OTP,0,20101208,100609,5229,250
OTP,0,20101208,100609,5230,50
BUX1012,0,20101208,100611,21517,7
BUX1012,0,20101208,100611,21516,10
BUX1012,0,20101208,100611,21513,13
BUX1012,0,20101208,100612,21513,3
ANY,0,20101208,100614,710,154
ANY,0,20101208,100614,710,46
BUX1012,0,20101208,100615,21513,3
MOL,0,20101208,100617,19950,89
MOL,0,20101208,100617,19950,200
BUX1012,0,20101208,100620,21513,10
OTP,0,20101208,100623,5231,200
OTP,0,20101208,100623,5230,350
OTP,0,20101208,100623,5228,101
OTP,0,20101208,100623,5227,15
OTP,0,20101208,100623,5226,23
OTP,0,20101208,100623,5226,700
OTP,0,20101208,100623,5225,500
OTP,0,20101208,100623,5225,500
OTP,0,20101208,100623,5223,20
OTP,0,20101208,100623,5221,30
OTP,0,20101208,100623,5220,9
OTP,0,20101208,100623,5220,1
OTP,0,20101208,100623,5220,13
OTP,0,20101208,100623,5220,110
OTP,0,20101208,100623,5219,100
OTP,0,20101208,100623,5218,300
OTP,0,20101208,100623,5216,28
OTP,0,20101208,100623,5216,18
OTP,0,20101208,100623,5216,180
OTP,0,20101208,100623,5216,74
OTP,0,20101208,100623,5215,51
OTP,0,20101208,100623,5215,49
OTP,0,20101208,100623,5215,1
OTP,0,20101208,100623,5215,74
OTP,0,20101208,100623,5215,100
OTP,0,20101208,100623,5212,126
OTP,0,20101208,100623,5212,110
OTP,0,20101208,100624,5217,5
OTP,0,20101208,100630,5235,15
PANNERGY,0,20101208,100631,892,100
FHB,0,20101208,100633,975,500
BUX1012,0,20101208,100635,21515,2
BUX1012,0,20101208,100635,21513,8
OTP,0,20101208,100637,5235,5
OTP,0,20101208,100637,5235,15
OTP,0,20101208,100637,5235,97
OTP,0,20101208,100637,5238,30
OTP,0,20101208,100637,5238,53
PANNERGY,0,20101208,100638,894,100
MTELEKOM,0,20101208,100639,541,359
MTELEKOM,0,20101208,100639,541,275
PANNERGY,0,20101208,100641,891,500
PANNERGY,0,20101208,100641,891,500
PANNERGY,0,20101208,100641,890,852
BUX1012,0,20101208,100645,21515,5
BUX1012,0,20101208,100647,21514,10
BUX1012,0,20101208,100647,21513,10
RABA,0,20101208,100649,815,20
RABA,0,20101208,100649,815,100
RABA,0,20101208,100649,812,13
RABA,0,20101208,100649,811,117
BUX1012,0,20101208,100657,21513,3
BUX1012,0,20101208,100657,21512,2
PANNERGY,0,20101208,100703,893,300
PANNERGY,0,20101208,100703,894,281
OTP,0,20101208,100705,5233,500
OTP,0,20101208,100709,5238,147
OTP,0,20101208,100713,5240,30
OTP,0,20101208,100717,5238,853
OTP,0,20101208,100724,5238,10
OTP,0,20101208,100724,5238,190
OTP,0,20101208,100725,5238,95
OTP,0,20101208,100725,5236,200
MOL,0,20101208,100727,19920,2
RABA,0,20101208,100729,818,7
MOL,0,20101208,100732,19910,9
FHB,0,20101208,100732,980,102
OTP,0,20101208,100732,5233,5
MOL,0,20101208,100735,19920,2
MOL,0,20101208,100737,19950,5
OTP,0,20101208,100739,5233,10
BUX1012,0,20101208,100739,21512,2
OTP,0,20101208,100739,5233,5
OTP,0,20101208,100741,5230,50
BUX1012,0,20101208,100749,21512,1
BUX1012,0,20101208,100749,21511,4
BUX1012,0,20101208,100754,21511,10
OTP,0,20101208,100758,5233,182
EGIS,0,20101208,100803,20190,3
OTP,0,20101208,100804,5237,200
OTP,0,20101208,100804,5238,1000
OTP,0,20101208,100806,5231,800
OTP,0,20101208,100806,5231,186
OTP,0,20101208,100806,5230,450
OTP,0,20101208,100806,5230,500
OTP,0,20101208,100806,5230,100
OTP,0,20101208,100809,5230,200
OTP,0,20101208,100810,5230,50
OTP,0,20101208,100811,5230,2000
OTP,0,20101208,100812,5230,500
OTP,0,20101208,100813,5230,214
OTP,0,20101208,100813,5231,107
EGIS,0,20101208,100820,20120,50
EGIS,0,20101208,100820,20110,2
EGIS,0,20101208,100820,20110,10
EGIS,0,20101208,100820,20110,10
EGIS,0,20101208,100820,20050,1
EGIS,0,20101208,100820,20050,24
EGIS,0,20101208,100823,20110,4
FHB,0,20101208,100826,981,15
FHB,0,20101208,100826,981,73
PANNERGY,0,20101208,100826,894,19
PANNERGY,0,20101208,100826,894,160
PANNERGY,0,20101208,100826,894,52
PANNERGY,0,20101208,100826,895,419
OTP,0,20101208,100840,5232,679
OTP,0,20101208,100840,5232,100
OTP,0,20101208,100840,5230,100
OTP,0,20101208,100840,5230,500
OTP,0,20101208,100843,5239,250
OTP,0,20101208,100843,5240,550
FHB,0,20101208,100846,982,112
OTP,0,20101208,100855,5232,250
OTP,0,20101208,100855,5231,818
OTP,0,20101208,100855,5230,1750
OTP,0,20101208,100855,5230,50
MOL,0,20101208,100856,19920,498
OTP,0,20101208,100905,5240,420
OTP,0,20101208,100905,5245,100
OTP,0,20101208,100905,5247,100
OTP,0,20101208,100905,5248,200
OTP,0,20101208,100905,5248,180
MOL,0,20101208,100911,19920,2
MOL,0,20101208,100911,19950,3
MOL,0,20101208,100913,19910,10
OTP,0,20101208,100914,5231,1
MTELEKOM,0,20101208,100920,540,1000
MOL,0,20101208,100920,19910,41
MOL,0,20101208,100920,19905,300
MOL,0,20101208,100920,19905,100
MOL,0,20101208,100920,19905,59
OTP,0,20101208,100923,5240,20
MTELEKOM,0,20101208,100930,540,4000
OTP,0,20101208,100941,5240,100
OTP,0,20101208,100949,5240,15
EGIS,0,20101208,100949,20100,2
RICHTER,0,20101208,100953,43775,13
RICHTER,0,20101208,100953,43785,16
BUX1012,0,20101208,101001,21515,1
BUX1012,0,20101208,101004,21515,4
MOL,0,20101208,101012,19915,2
EGIS,0,20101208,101015,20050,1
OTP,0,20101208,101023,5235,50
OTP,0,20101208,101023,5235,10
OTP,0,20101208,101023,5235,60
OTP,0,20101208,101028,5240,65
OTP,0,20101208,101028,5240,100
OTP,0,20101208,101028,5240,100
OTP,0,20101208,101045,5240,50
OTP,0,20101208,101051,5240,100
BUX1012,0,20101208,101056,21511,1
BUX1012,0,20101208,101056,21506,3
BUX1012,0,20101208,101056,21505,1
BUX1012,0,20101208,101056,21505,1
BUX1012,0,20101208,101056,21505,4
OTP,0,20101208,101059,5240,155
OTP,0,20101208,101059,5240,200
EGIS,0,20101208,101105,20100,4
MTELEKOM,0,20101208,101105,540,183
BUX1012,0,20101208,101105,21505,2
OTP,0,20101208,101106,5246,50
BUX1012,0,20101208,101118,21505,1
OTP,0,20101208,101122,5241,15
OTP,0,20101208,101122,5240,300
OTP,0,20101208,101133,5245,250
OTP,0,20101208,101144,5241,20
OTP,0,20101208,101144,5240,729
OTP,0,20101208,101144,5240,351
PANNERGY,0,20101208,101155,895,300
OTP,0,20101208,101210,5245,149
BOOK,0,20101208,101239,493,10
EGIS,0,20101208,101258,20060,16
RICHTER,0,20101208,101305,43810,7
BUX1012,0,20101208,101313,21512,5
MOL,0,20101208,101314,19940,2
MOL,0,20101208,101314,19945,98
BUX1012,0,20101208,101315,21512,5
BUX1012,0,20101208,101317,21512,10
OTP,0,20101208,101322,5240,15
OTP,0,20101208,101322,5240,5
BUX1012,0,20101208,101325,21512,5
EGIS,0,20101208,101328,20090,5
PFLAX,0,20101208,101330,457,200
PFLAX,0,20101208,101330,456,300
PHYLAXIA,0,20101208,101332,46,788
OTP,0,20101208,101333,5240,195
OTP,0,20101208,101337,5235,240
OTP,0,20101208,101337,5235,150
OTP,0,20101208,101337,5233,50
OTP,0,20101208,101337,5233,200
OTP,0,20101208,101337,5232,200
OTP,0,20101208,101337,5232,100
OTP,0,20101208,101337,5232,60
BUX1012,0,20101208,101345,21500,10
BUX1012,0,20101208,101345,21500,2
BUX1012,0,20101208,101345,21500,1
BUX1012,0,20101208,101345,21500,2
BUX1012,0,20101208,101345,21500,6
ECONET,0,20101208,101358,93,6000
ECONET,0,20101208,101358,93,200
ECONET,0,20101208,101358,93,800
PANNERGY,0,20101208,101401,891,100
PANNERGY,0,20101208,101401,890,3888
PHYLAXIA,0,20101208,101403,45,5212
BUX1012,0,20101208,101408,21500,10
OTP,0,20101208,101410,5232,380
OTP,0,20101208,101410,5231,400
OTP,0,20101208,101410,5230,200
OTP,0,20101208,101410,5230,20
PANNERGY,0,20101208,101421,894,100
PANNERGY,0,20101208,101421,895,150
OTP,0,20101208,101429,5230,400
PANNERGY,0,20101208,101430,890,1500
OTP,0,20101208,101432,5230,20
OTP,0,20101208,101436,5230,120
RICHTER,0,20101208,101454,43865,8
RICHTER,0,20101208,101454,43900,4
BUX1012,0,20101208,101456,21486,5
BUX1012,0,20101208,101456,21485,4
BUX1012,0,20101208,101456,21485,1
PANNERGY,0,20101208,101459,890,2288
MOL,0,20101208,101517,19910,50
ANY,0,20101208,101518,710,50
EGIS,0,20101208,101524,20090,10
ECONET,0,20101208,101524,93,2200
ECONET,0,20101208,101524,93,650
MOL,0,20101208,101525,19945,6
EGIS,0,20101208,101536,20090,4
EGIS,0,20101208,101536,20100,44
BUX1012,0,20101208,101544,21493,1
ANY,0,20101208,101548,710,4
RICHTER,0,20101208,101609,43895,14
RICHTER,0,20101208,101609,43900,10
BUX1012,0,20101208,101629,21500,6
BUX1012,0,20101208,101629,21500,5
TVK,0,20101208,101658,3420,60
BUX1012,0,20101208,101702,21519.5,1
PANNERGY,0,20101208,101708,890,212
EGIS,0,20101208,101712,20060,24
EGIS,0,20101208,101712,20050,1
MOL,0,20101208,101730,19915,70
SYNERGON,0,20101208,101733,507,120
EGIS,0,20101208,101752,20055,10
EGIS,0,20101208,101752,20050,4
CSEPEL,0,20101208,101803,254,200
CSEPEL,0,20101208,101803,253,1000
CSEPEL,0,20101208,101803,250,300
EGIS,0,20101208,101814,20110,6
RICHTER,0,20101208,101825,43900,54
EGIS,0,20101208,101828,20180,4
MOL,0,20101208,101832,19945,190
RICHTER,0,20101208,101844,43970,2
FOTEX,0,20101208,101851,410,1500
MOL,0,20101208,101908,19940,44
MOL,0,20101208,101908,19945,56
MOL,0,20101208,101908,19945,138
MOL,0,20101208,101908,19950,39
MOL,0,20101208,101908,19950,100
MOL,0,20101208,101908,19950,5
MOL,0,20101208,101918,19950,92
OTP,0,20101208,101943,5235,20
OTP,0,20101208,101943,5235,159
OTP,0,20101208,101943,5239,52
OTP,0,20101208,101943,5239,194
OTP,0,20101208,101943,5240,15
MOL,0,20101208,101950,19975,3
OTP,0,20101208,101956,5240,1000
OTP,0,20101208,102004,5240,40
EGIS,0,20101208,102013,20180,1
BUX1012,0,20101208,102013,21525,1
BUX1012,0,20101208,102013,21525,1
OTP,0,20101208,102022,5240,100
OTP,0,20101208,102038,5235,150
GENESIS,0,20101208,102038,263,175
GENESIS,0,20101208,102038,264,383
GENESIS,0,20101208,102038,265,442
BUX1012,0,20101208,102043,21529,5
BUX1012,0,20101208,102049,21529,1
BUX1012,0,20101208,102049,21530,2
OTP,0,20101208,102102,5235,50
OTP,0,20101208,102102,5235,165
ANY,0,20101208,102105,708,20
ANY,0,20101208,102105,708,80
ANY,0,20101208,102105,707,100
RICHTER,0,20101208,102106,43965,14
RICHTER,0,20101208,102106,43970,7
OTP,0,20101208,102108,5235,100
PANNERGY,0,20101208,102113,891,250
OTP,0,20101208,102120,5240,150
MOL,0,20101208,102122,19950,26
OTP,0,20101208,102134,5240,17
BUX1012,0,20101208,102135,21540,2
BUX1012,0,20101208,102136,21540,3
OTP,0,20101208,102142,5245,50
PANNERGY,0,20101208,102143,893,10
BUX1012,0,20101208,102155,21549,2
BUX1012,0,20101208,102155,21550,1
BUX1012,0,20101208,102155,21550,9
BUX1012,0,20101208,102155,21550,1
EGIS,0,20101208,102155,20150,11
OTP,0,20101208,102202,5245,95
EGIS,0,20101208,102204,20185,2
MTELEKOM,0,20101208,102205,539,366
MTELEKOM,0,20101208,102205,539,134
MTELEKOM,0,20101208,102205,539,155
MTELEKOM,0,20101208,102205,539,11
OTP,0,20101208,102210,5245,55
OTP,0,20101208,102210,5245,99
RICHTER,0,20101208,102213,43970,16
RICHTER,0,20101208,102213,43970,30
EGIS,0,20101208,102213,20185,6
OTP,0,20101208,102226,5245,301
OTP,0,20101208,102226,5246,199
OTP,0,20101208,102238,5246,1
OTP,0,20101208,102238,5247,250
OTP,0,20101208,102238,5248,70
OTP,0,20101208,102238,5248,679
OTP,0,20101208,102243,5248,399
OTP,0,20101208,102254,5248,372
OTP,0,20101208,102254,5249,1000
OTP,0,20101208,102254,5249,628
OTP,0,20101208,102257,5249,172
OTP,0,20101208,102257,5250,105
OTP,0,20101208,102257,5250,100
OTP,0,20101208,102303,5250,456
RICHTER,0,20101208,102324,43970,9
EGIS,0,20101208,102333,20185,4
MOL,0,20101208,102354,19925,5000
GENESIS,0,20101208,102357,262,10
MOL,0,20101208,102357,19950,19
MOL,0,20101208,102357,19950,31
OTP,0,20101208,102359,5249,100
OTP,0,20101208,102359,5250,296
MOL,0,20101208,102402,19950,50
FHB,0,20101208,102402,980,120
FHB,0,20101208,102402,980,400
FHB,0,20101208,102402,980,1100
BUX1012,0,20101208,102403,21550,1
OTP,0,20101208,102405,5250,1000
PANNERGY,0,20101208,102407,893,290
PANNERGY,0,20101208,102407,895,131
PANNERGY,0,20101208,102407,895,100
PANNERGY,0,20101208,102407,895,300
PANNERGY,0,20101208,102407,895,179
PANNERGY,0,20101208,102412,895,1821
OTP,0,20101208,102416,5250,248
PHYLAXIA,0,20101208,102420,46,2192
RABA,0,20101208,102425,818,5
OTP,0,20101208,102426,5255,30
OTP,0,20101208,102446,5255,30
OTP,0,20101208,102447,5255,340
OTP,0,20101208,102447,5259,160
BUX1012,0,20101208,102454,21565,1
BUX1012,0,20101208,102459,21570,5
BUX1012,0,20101208,102512,21570,1
FHB,0,20101208,102514,980,58
MTELEKOM,0,20101208,102526,540,217
MTELEKOM,0,20101208,102526,540,3783
GENESIS,0,20101208,102533,262,90
MOL,0,20101208,102535,19950,5
GENESIS,0,20101208,102536,265,48
GENESIS,0,20101208,102536,265,37
OTP,0,20101208,102536,5259,840
BUX1012,0,20101208,102539,21570,1
OTP,0,20101208,102543,5260,20
BUX1012,0,20101208,102544,21570,1
MTELEKOM,0,20101208,102546,540,217
MTELEKOM,0,20101208,102546,540,100
MTELEKOM,0,20101208,102546,540,451
MTELEKOM,0,20101208,102546,540,1000
BUX1012,0,20101208,102609,21565,5
BUX1012,0,20101208,102611,21565,2
OTP,0,20101208,102613,5259,100
EGIS,0,20101208,102616,20185,1
EGIS,0,20101208,102616,20185,5
EGIS,0,20101208,102616,20195,2
EGIS,0,20101208,102616,20200,13
EGIS,0,20101208,102616,20200,38
EGIS,0,20101208,102616,20200,100
MTELEKOM,0,20101208,102617,540,1982
MTELEKOM,0,20101208,102617,540,200
MTELEKOM,0,20101208,102618,539,989
MTELEKOM,0,20101208,102618,539,2011
OTP,0,20101208,102625,5259,50
EGIS,0,20101208,102627,20200,11
PANNERGY,0,20101208,102632,893,100
EGIS,0,20101208,102632,20200,74
RICHTER,0,20101208,102642,43965,12
RICHTER,0,20101208,102642,43980,4
PANNERGY,0,20101208,102658,893,400
GENESIS,0,20101208,102703,264,90
GENESIS,0,20101208,102703,265,963
GENESIS,0,20101208,102703,266,300
GENESIS,0,20101208,102703,267,500
GENESIS,0,20101208,102703,269,600
GENESIS,0,20101208,102703,269,250
MTELEKOM,0,20101208,102707,539,4
OTP,0,20101208,102716,5259,10
OTP,0,20101208,102716,5255,120
OTP,0,20101208,102716,5250,10
GENESIS,0,20101208,102717,270,297
MOL,0,20101208,102737,19950,74
MOL,0,20101208,102737,19950,26
FHB,0,20101208,102749,980,200
MTELEKOM,0,20101208,102802,539,7
PANNERGY,0,20101208,102821,896,400
EGIS,0,20101208,102824,20170,7
EGIS,0,20101208,102833,20195,5
OTP,0,20101208,102902,5260,204
MTELEKOM,0,20101208,102940,540,530
OTP,0,20101208,103009,5251,10
OTP,0,20101208,103009,5250,140
BUX1012,0,20101208,103039,21569,7
FHB,0,20101208,103048,980,100
MTELEKOM,0,20101208,103052,540,1000
RICHTER,0,20101208,103134,43975,12
RICHTER,0,20101208,103134,43980,16
PANNERGY,0,20101208,103143,895,15
PANNERGY,0,20101208,103143,895,285
MOL,0,20101208,103155,19950,11
MOL,0,20101208,103155,19950,89
OTP,0,20101208,103202,5255,315
OTP,0,20101208,103219,5255,100
OTP,0,20101208,103220,5258,100
OTP,0,20101208,103220,5259,50
OTP,0,20101208,103220,5259,160
OTP,0,20101208,103220,5259,95
OTP,0,20101208,103220,5260,255
BUX1012,0,20101208,103243,21574,10
OTP,0,20101208,103245,5259,600
OTP,0,20101208,103247,5259,900
OTP,0,20101208,103247,5260,1221
OTP,0,20101208,103247,5260,100
OTP,0,20101208,103247,5260,400
OTP,0,20101208,103247,5260,150
OTP,0,20101208,103247,5260,100
OTP,0,20101208,103247,5260,50
OTP,0,20101208,103251,5260,101
OTP,0,20101208,103302,5264,10
OTP,0,20101208,103302,5264,90
OTP,0,20101208,103302,5265,630
OTP,0,20101208,103302,5265,20
OTP,0,20101208,103302,5265,260
BUX1012,0,20101208,103308,21550,2
OTP,0,20101208,103309,5256,2
BUX1012,0,20101208,103321,21580,1
EGIS,0,20101208,103321,20170,3
BUX1012,0,20101208,103326,21580,1
EGIS,0,20101208,103338,20195,4
BUX1012,0,20101208,103342,21574,9
PANNERGY,0,20101208,103344,895,15
OTP,0,20101208,103346,5265,240
OTP,0,20101208,103346,5265,60
OTP,0,20101208,103353,5260,22
OTP,0,20101208,103354,5265,100
OTP,0,20101208,103357,5265,1602
OTP,0,20101208,103402,5265,688
RICHTER,0,20101208,103412,43950,2
ANY,0,20101208,103429,710,496
ANY,0,20101208,103429,710,192
PANNERGY,0,20101208,103434,893,200
MTELEKOM,0,20101208,103448,540,500
MOL,0,20101208,103457,19965,100
MOL,0,20101208,103457,19965,50
FHB,0,20101208,103502,980,206
OTP,0,20101208,103503,5268,200
OTP,0,20101208,103503,5268,400
OTP,0,20101208,103503,5269,40
OTP,0,20101208,103503,5269,154
OTP,0,20101208,103503,5270,94
OTP,0,20101208,103511,5270,569
MOL,0,20101208,103511,19935,3
OTP,0,20101208,103514,5265,1
OTP,0,20101208,103520,5270,1000
FHB,0,20101208,103521,982,127
FHB,0,20101208,103521,982,500
FHB,0,20101208,103521,984,373
RFV,0,20101208,103529,7975,2
RFV,0,20101208,103529,7965,10
RFV,0,20101208,103529,7950,20
RFV,0,20101208,103529,7950,10
RFV,0,20101208,103529,7940,8
OTP,0,20101208,103529,5265,1
MTELEKOM,0,20101208,103544,539,86
RFV,0,20101208,103547,7940,5
EGIS,0,20101208,103558,20195,3
EGIS,0,20101208,103558,20200,126
EGIS,0,20101208,103558,20200,10
OTP,0,20101208,103610,5265,22
EGIS,0,20101208,103618,20200,61
OTP,0,20101208,103625,5269,100
EGIS,0,20101208,103625,20200,89
EGIS,0,20101208,103632,20200,30
OTP,0,20101208,103632,5265,139
MOL,0,20101208,103636,19940,100
OTP,0,20101208,103637,5255,35
OTP,0,20101208,103637,5251,5
EGIS,0,20101208,103639,20200,31
OTP,0,20101208,103643,5251,170
RFV,0,20101208,103644,7985,55
RFV,0,20101208,103644,7994,5
RFV,0,20101208,103644,7994,10
RFV,0,20101208,103644,7995,100
RFV,0,20101208,103644,7995,15
RFV,0,20101208,103644,7999,10
RFV,0,20101208,103644,8000,13
RFV,0,20101208,103644,8015,2
MOL,0,20101208,103645,19965,30
EGIS,0,20101208,103646,20200,69
EGIS,0,20101208,103651,20210,100
RFV,0,20101208,103654,8015,101
RFV,0,20101208,103654,8040,153
EGIS,0,20101208,103654,20200,81
EGIS,0,20101208,103654,20200,69
PANNERGY,0,20101208,103656,893,200
MTELEKOM,0,20101208,103658,540,10
OTP,0,20101208,103702,5251,125
OTP,0,20101208,103702,5249,100
OTP,0,20101208,103702,5242,25
OTP,0,20101208,103702,5242,95
OTP,0,20101208,103702,5241,16
OTP,0,20101208,103702,5241,21
OTP,0,20101208,103702,5241,68
RFV,0,20101208,103703,8050,42
EGIS,0,20101208,103731,20200,100
EGIS,0,20101208,103738,20200,100
PANNERGY,0,20101208,103738,890,50
RFV,0,20101208,103747,8050,10
OTP,0,20101208,103749,5252,80
FHB,0,20101208,103759,982,180
FHB,0,20101208,103759,984,127
FHB,0,20101208,103759,984,193
PANNERGY,0,20101208,103803,890,200
PANNERGY,0,20101208,103803,890,100
FHB,0,20101208,103826,984,200
RFV,0,20101208,103832,8050,7
EGIS,0,20101208,103838,20200,4
FHB,0,20101208,103843,982,180
FHB,0,20101208,103852,984,107
FHB,0,20101208,103852,985,490
FHB,0,20101208,103852,985,1000
FHB,0,20101208,103852,985,500
EGIS,0,20101208,103855,20190,2
EGIS,0,20101208,103855,20170,70
MTELEKOM,0,20101208,103901,540,778
MTELEKOM,0,20101208,103901,540,600
MTELEKOM,0,20101208,103901,540,3622
EGIS,0,20101208,103905,20160,6
FHB,0,20101208,103924,986,70
FHB,0,20101208,103924,986,500
OTP,0,20101208,103927,5245,1
ANY,0,20101208,103927,714,10
OTP,0,20101208,103950,5250,749
OTP,0,20101208,103956,5250,2000
OTP,0,20101208,104002,5250,100
OTP,0,20101208,104022,5246,154
OTP,0,20101208,104022,5245,59
OTP,0,20101208,104022,5245,200
OTP,0,20101208,104022,5241,832
OTP,0,20101208,104022,5241,300
OTP,0,20101208,104022,5240,375
FHB,0,20101208,104025,988,70
FHB,0,20101208,104025,988,544
FHB,0,20101208,104025,988,402
KEG,0,20101208,104055,153,450
OTP,0,20101208,104100,5241,100
OTP,0,20101208,104102,5245,1000
OTP,0,20101208,104110,5245,10
FHB,0,20101208,104127,988,80
MOL,0,20101208,104136,19965,50
FHB,0,20101208,104151,988,18
FHB,0,20101208,104151,989,482
OTP,0,20101208,104200,5245,1000
RABA,0,20101208,104204,815,100
OTP,0,20101208,104206,5241,344
OTP,0,20101208,104206,5241,56
OTP,0,20101208,104206,5240,600
FHB,0,20101208,104206,989,100
OTP,0,20101208,104207,5245,141
OTP,0,20101208,104207,5245,143
MTELEKOM,0,20101208,104212,540,378
MTELEKOM,0,20101208,104212,540,2122
RICHTER,0,20101208,104224,43820,4
RICHTER,0,20101208,104225,43820,10
RICHTER,0,20101208,104225,43825,12
BUX1012,0,20101208,104236,21570,1
RABA,0,20101208,104248,815,200
OTP,0,20101208,104249,5246,50
OTP,0,20101208,104249,5245,716
MTELEKOM,0,20101208,104257,539,1292
MTELEKOM,0,20101208,104257,539,30
EGIS,0,20101208,104259,20100,22
EGIS,0,20101208,104259,20150,278
EGIS,0,20101208,104259,20150,200
EGIS,0,20101208,104259,20150,100
EGIS,0,20101208,104259,20150,100
MTELEKOM,0,20101208,104321,539,500
OTP,0,20101208,104324,5245,10
OTP,0,20101208,104333,5245,104
OTP,0,20101208,104334,5241,65
OTP,0,20101208,104334,5240,25
OTP,0,20101208,104334,5240,10
MTELEKOM,0,20101208,104341,538,650
MTELEKOM,0,20101208,104341,538,350
EGIS,0,20101208,104343,20150,4
MTELEKOM,0,20101208,104349,538,1000
OTP,0,20101208,104350,5241,17
OTP,0,20101208,104350,5240,90
OTP,0,20101208,104350,5240,2393
BUX1012,0,20101208,104354,21550,1
BUX1012,0,20101208,104354,21550,1
BUX1012,0,20101208,104354,21533,5
MOL,0,20101208,104412,19940,100
MOL,0,20101208,104412,19935,197
MOL,0,20101208,104412,19930,3
OTP,0,20101208,104422,5245,100
OTP,0,20101208,104422,5240,55
OTP,0,20101208,104422,5240,657
OTP,0,20101208,104423,5245,20
BUX1012,0,20101208,104447,21535,5
BUX1012,0,20101208,104447,21532,4
OTP,0,20101208,104448,5246,100
OTP,0,20101208,104448,5245,50
OTP,0,20101208,104457,5245,273
OTP,0,20101208,104457,5245,227
MTELEKOM,0,20101208,104506,538,650
MTELEKOM,0,20101208,104506,537,50
FHB,0,20101208,104509,989,818
FHB,0,20101208,104509,990,100
FHB,0,20101208,104509,990,200
FHB,0,20101208,104509,990,200
OTP,0,20101208,104512,5250,20
MOL,0,20101208,104517,19960,30
FHB,0,20101208,104518,990,150
BUX1012,0,20101208,104526,21535,1
RFV,0,20101208,104536,8040,5
RFV,0,20101208,104536,8049,11
RFV,0,20101208,104536,8050,43
RFV,0,20101208,104536,8050,31
RFV,0,20101208,104600,8050,19
RFV,0,20101208,104600,8050,50
RFV,0,20101208,104600,8074,50
BUX1012,0,20101208,104607,21558,10
MOL,0,20101208,104608,19960,4
MOL,0,20101208,104608,19960,12
MOL,0,20101208,104608,19965,100
MOL,0,20101208,104608,19965,139
MOL,0,20101208,104608,19970,100
MOL,0,20101208,104608,19980,139
MOL,0,20101208,104608,19980,6
BUX1012,0,20101208,104616,21560,5
OTP,0,20101208,104616,5250,30
OTP,0,20101208,104623,5250,90
OTP,0,20101208,104632,5250,100
OTP,0,20101208,104635,5250,760
OTP,0,20101208,104635,5250,200
BUX1012,0,20101208,104652,21560,2
BUX1012,0,20101208,104652,21566,1
BUX1012,0,20101208,104652,21568,2
OTP,0,20101208,104652,5255,150
OTP,0,20101208,104652,5258,180
OTP,0,20101208,104652,5260,170
BUX1012,0,20101208,104654,21568,3
BUX1012,0,20101208,104654,21569,11
BUX1012,0,20101208,104654,21570,1
OTP,0,20101208,104706,5250,1
OTP,0,20101208,104709,5260,10
KEG,0,20101208,104711,153,210
MOL,0,20101208,104711,19975,100
OTP,0,20101208,104713,5251,1
FHB,0,20101208,104731,990,100
MOL,0,20101208,104734,19980,194
MOL,0,20101208,104734,19980,6
MTELEKOM,0,20101208,104735,539,1000
MOL,0,20101208,104749,19975,100
MOL,0,20101208,104756,19960,15
BUX1012,0,20101208,104811,21573,1
BUX1012,0,20101208,104813,21560,1
BUX1012,0,20101208,104818,21573,2
OTP,0,20101208,104832,5260,80
EGIS,0,20101208,104843,20150,5
OTP,0,20101208,104851,5252,100
OTP,0,20101208,104853,5252,5
MOL,0,20101208,104856,19980,41
PANNUNION,0,20101208,104913,142,100
PANNUNION,0,20101208,104913,142,900
PANNUNION,0,20101208,104913,141,113
PANNUNION,0,20101208,104913,141,207
FHB,0,20101208,104950,994,75
FHB,0,20101208,104950,994,100
FHB,0,20101208,104950,995,825
OTP,0,20101208,104957,5260,140
OTP,0,20101208,104957,5260,20
OTP,0,20101208,105017,5264,386
OTP,0,20101208,105017,5264,114
RICHTER,0,20101208,105023,43895,14
RICHTER,0,20101208,105023,43900,39
GENESIS,0,20101208,105034,260,200
MOL,0,20101208,105100,19975,100
KEG,0,20101208,105115,154,25
KEG,0,20101208,105115,154,63
BUX1012,0,20101208,105140,21570,1
BUX1012,0,20101208,105147,21570,5
MOL,0,20101208,105147,19975,31
OTP,0,20101208,105205,5262,131
OTP,0,20101208,105205,5260,300
BUX1012,0,20101208,105216,21560,1
OTP,0,20101208,105218,5260,52
MTELEKOM,0,20101208,105232,538,70
RFV,0,20101208,105235,8074,100
RFV,0,20101208,105235,8075,50
RFV,0,20101208,105235,8075,130
FHB,0,20101208,105307,995,180
FHB,0,20101208,105307,995,500
EGIS,0,20101208,105343,20150,4
BUX1012,0,20101208,105403,21565,1
OTP,0,20101208,105407,5253,1
BUX1012,0,20101208,105430,21569.5,1
BUX1012,0,20101208,105435,21569.5,1
BUX1012,0,20101208,105436,21570,10
EGIS,0,20101208,105438,20150,5
BUX1012,0,20101208,105440,21570,2
KEG,0,20101208,105442,154,37
KEG,0,20101208,105442,154,550
KEG,0,20101208,105442,154,2000
KEG,0,20101208,105442,154,1750
KEG,0,20101208,105454,154,500
KEG,0,20101208,105506,154,163
OTP,0,20101208,105528,5253,59
OTP,0,20101208,105528,5251,43
PHYLAXIA,0,20101208,105535,46,2183
MOL,0,20101208,105539,19960,64
OTP,0,20101208,105541,5257,12
KEG,0,20101208,105608,154,737
KEG,0,20101208,105608,154,233
OTP,0,20101208,105609,5251,200
BUX1012,0,20101208,105614,21570,10
OTP,0,20101208,105620,5251,50
MOL,0,20101208,105626,19960,100
KEG,0,20101208,105640,154,500
MTELEKOM,0,20101208,105641,539,200
OTP,0,20101208,105652,5257,113
OTP,0,20101208,105652,5257,94
OTP,0,20101208,105652,5260,1517
MOL,0,20101208,105709,19960,21
KEG,0,20101208,105722,154,267
MOL,0,20101208,105731,19960,69
BUX1012,0,20101208,105731,21570,1
OTP,0,20101208,105738,5260,20
OTP,0,20101208,105746,5260,100
ANY,0,20101208,105801,714,15
ANY,0,20101208,105801,714,510
MOL,0,20101208,105807,19965,10
MOL,0,20101208,105807,19965,90
MOL,0,20101208,105819,19965,39
MOL,0,20101208,105819,19965,3
OTP,0,20101208,105839,5260,200
EGIS,0,20101208,105848,20150,4
OTP,0,20101208,105854,5255,130
MOL,0,20101208,105908,19975,100
MOL,0,20101208,105908,19980,253
MOL,0,20101208,105908,19980,128
MOL,0,20101208,105908,19990,300
MOL,0,20101208,105908,19995,60
MOL,0,20101208,105908,20000,11
MOL,0,20101208,105908,20000,25
MOL,0,20101208,105908,20000,554
MTELEKOM,0,20101208,105918,539,800
MTELEKOM,0,20101208,105920,538,1000
OTP,0,20101208,105927,5260,40
BUX1012,0,20101208,105932,21570,1
BUX1012,0,20101208,105932,21574,1
RICHTER,0,20101208,105939,43845,13
EGIS,0,20101208,105946,20180,25
OTP,0,20101208,105948,5263,326
RICHTER,0,20101208,110007,43855,11
PANNERGY,0,20101208,110011,890,10
EBGOLD,0,20101208,110011,2951,158
MOL,0,20101208,110032,19990,44
MOL,0,20101208,110032,20000,46
MOL,0,20101208,110032,20000,50
MOL,0,20101208,110032,20000,360
BUX1012,0,20101208,110039,21580,15
MOL,0,20101208,110054,19990,500
MOL,0,20101208,110056,19990,8
RABA,0,20101208,110110,818,303
RABA,0,20101208,110110,818,297
KEG,0,20101208,110128,154,2000
RABA,0,20101208,110129,815,540
MTELEKOM,0,20101208,110144,538,30
OTP,0,20101208,110147,5260,210
OTP,0,20101208,110147,5260,117
OTP,0,20101208,110147,5260,73
ANY,0,20101208,110152,715,1
ANY,0,20101208,110152,715,310
ANY,0,20101208,110152,716,50
ANY,0,20101208,110152,716,39
OTP,0,20101208,110202,5260,154
ANY,0,20101208,110218,716,50
KEG,0,20101208,110221,154,2000
OTP,0,20101208,110221,5261,315
ANY,0,20101208,110225,716,11
MTELEKOM,0,20101208,110230,540,1000
ANY,0,20101208,110234,717,100
ANY,0,20101208,110234,717,100
FOTEX,0,20101208,110303,410,40
FOTEX,0,20101208,110303,410,160
FOTEX,0,20101208,110303,410,250
ANY,0,20101208,110315,717,20
ANY,0,20101208,110315,717,97
ANY,0,20101208,110315,718,283
OTP,0,20101208,110323,5261,585
OTP,0,20101208,110323,5260,273
OTP,0,20101208,110335,5260,1000
ANY,0,20101208,110336,718,100
EGIS,0,20101208,110348,20150,4
OTP,0,20101208,110356,5260,142
OTP,0,20101208,110356,5260,108
KEG,0,20101208,110408,155,100
MTELEKOM,0,20101208,110416,539,500
SYNERGON,0,20101208,110420,507,40
RICHTER,0,20101208,110427,43900,1
RICHTER,0,20101208,110427,43900,11
EGIS,0,20101208,110456,20150,2
EGIS,0,20101208,110459,20100,40
OTP,0,20101208,110502,5255,140
MTELEKOM,0,20101208,110534,539,555
MTELEKOM,0,20101208,110609,538,2000
EBDAX,0,20101208,110612,1958,100
MTELEKOM,0,20101208,110615,538,1950
MTELEKOM,0,20101208,110615,538,4
MTELEKOM,0,20101208,110615,538,224
BUX1012,0,20101208,110630,21565,4
BUX1012,0,20101208,110630,21560,3
BUX1012,0,20101208,110630,21560,5
BUX1012,0,20101208,110630,21553,1
BUX1012,0,20101208,110630,21552,1
BUX1012,0,20101208,110630,21552,7
BUX1012,0,20101208,110630,21551.5,1
BUX1012,0,20101208,110630,21550,3
BUX1012,0,20101208,110633,21550,8
RABA,0,20101208,110634,815,195
KEG,0,20101208,110634,154,500
BUX1012,0,20101208,110637,21550,1
OTP,0,20101208,110639,5255,500
OTP,0,20101208,110639,5255,110
OTP,0,20101208,110639,5252,500
FHB,0,20101208,110641,993,50
MOL,0,20101208,110651,19970,7
MTELEKOM,0,20101208,110653,538,1849
MTELEKOM,0,20101208,110653,538,651
BUX1012,0,20101208,110659,21540,3
BUX1012,0,20101208,110659,21535,2
BUX1012,0,20101208,110659,21530,2
BUX1012,0,20101208,110659,21530,5
BUX1012,0,20101208,110659,21530,1
KEG,0,20101208,110702,154,100
BUX1012,0,20101208,110702,21527,2
BUX1012,0,20101208,110707,21530,3
KEG,0,20101208,110708,155,107
KEG,0,20101208,110708,155,693
OTP,0,20101208,110721,5251,6
OTP,0,20101208,110721,5251,144
OTP,0,20101208,110723,5251,356
OTP,0,20101208,110723,5250,242
OTP,0,20101208,110732,5250,758
OTP,0,20101208,110732,5250,242
BUX1012,0,20101208,110800,21530,2
BUX1012,0,20101208,110800,21527,2
BUX1012,0,20101208,110800,21525,10
BUX1012,0,20101208,110800,21523.5,2
BUX1012,0,20101208,110800,21523,20
BUX1012,0,20101208,110800,21511,15
BUX1012,0,20101208,110800,21511,5
BUX1012,0,20101208,110800,21510,2
BUX1012,0,20101208,110800,21506,25
BUX1012,0,20101208,110800,21500,15
BUX1012,0,20101208,110800,21500,2
OTP,0,20101208,110814,5250,200
OTP,0,20101208,110833,5250,351
BUX1012,0,20101208,110849,21511,25
EGIS,0,20101208,110853,20100,5
PANNERGY,0,20101208,110902,890,40
OTP,0,20101208,110903,5250,100
MTELEKOM,0,20101208,110910,538,849
MTELEKOM,0,20101208,110910,538,151
OTP,0,20101208,110912,5250,3
BUX1012,0,20101208,110918,21515,20
ANY,0,20101208,110946,714,86
BUX1012,0,20101208,111040,21537,2
MOL,0,20101208,111043,19970,3
BUX1012,0,20101208,111052,21520,20
FHB,0,20101208,111103,991,100
BUX1012,0,20101208,111105,21515,14
EGIS,0,20101208,111114,20100,5
MTELEKOM,0,20101208,111202,538,150
MOL,0,20101208,111212,19970,29
MOL,0,20101208,111212,19980,71
PANNERGY,0,20101208,111220,890,60
BUX1012,0,20101208,111226,21538,5
OTP,0,20101208,111312,5251,1
OTP,0,20101208,111312,5260,74
OTP,0,20101208,111312,5260,305
MTELEKOM,0,20101208,111314,538,300
MOL,0,20101208,111338,19980,200
MOL,0,20101208,111339,19980,159
MOL,0,20101208,111339,19980,36
MOL,0,20101208,111339,20000,140
MOL,0,20101208,111339,20000,165
FOTEX,0,20101208,111342,410,6
EGIS,0,20101208,111353,20100,4
EGIS,0,20101208,111424,20100,10
MTELEKOM,0,20101208,111503,538,200
MTELEKOM,0,20101208,111507,538,350
BUX1012,0,20101208,111523,21538,1
ELMU,0,20101208,111616,27315,2
RABA,0,20101208,111618,814,100
OTP,0,20101208,111710,5257,30
OTP,0,20101208,111710,5257,34
MOL,0,20101208,111713,20000,10
MTELEKOM,0,20101208,111729,538,4000
MOL,0,20101208,111738,20000,17
RICHTER,0,20101208,111812,43900,10
BUX1012,0,20101208,111846,21538,2
MTELEKOM,0,20101208,111856,538,1430
EGIS,0,20101208,111858,20100,1
RICHTER,0,20101208,111903,43905,12
RICHTER,0,20101208,111903,43905,11
EGIS,0,20101208,111904,20145,3
ANY,0,20101208,111909,717,250
ANY,0,20101208,111909,718,355
ANY,0,20101208,111909,718,80
ANY,0,20101208,111909,718,365
BUX1012,0,20101208,111915,21559,13
BUX1012,0,20101208,111915,21560,1
BUX1012,0,20101208,111921,21560,1
MOL,0,20101208,111934,19970,90
ANY,0,20101208,111941,718,248
ANY,0,20101208,111941,718,2
ANY,0,20101208,112006,718,97
ANY,0,20101208,112006,719,50
ANY,0,20101208,112006,720,300
ANY,0,20101208,112006,720,553
RICHTER,0,20101208,112008,43980,28
OTP,0,20101208,112023,5253,110
MOL,0,20101208,112029,20000,1
ANY,0,20101208,112038,720,400
ANY,0,20101208,112041,720,47
ANY,0,20101208,112041,720,190
ANY,0,20101208,112041,720,110
OTP,0,20101208,112052,5252,75
OTP,0,20101208,112052,5253,140
MOL,0,20101208,112053,19970,10
RICHTER,0,20101208,112114,43980,202
RICHTER,0,20101208,112114,43985,1
RICHTER,0,20101208,112114,43995,3
RICHTER,0,20101208,112114,44000,20
RICHTER,0,20101208,112114,44000,20
RICHTER,0,20101208,112114,44000,150
RICHTER,0,20101208,112114,44000,3
MOL,0,20101208,112118,19995,3
ANY,0,20101208,112134,720,100
RICHTER,0,20101208,112136,44100,2
RICHTER,0,20101208,112136,44100,3
BUX1012,0,20101208,112140,21550,15
FHB,0,20101208,112141,991,159
MOL,0,20101208,112148,19995,25
MOL,0,20101208,112148,20000,89
MOL,0,20101208,112148,20000,186
RFV,0,20101208,112150,8075,120
ANY,0,20101208,112253,720,80
MOL,0,20101208,112323,20000,100
EGIS,0,20101208,112334,20145,3
MOL,0,20101208,112350,20000,10
EGIS,0,20101208,112403,20150,5
RICHTER,0,20101208,112426,44100,8
MOL,0,20101208,112428,20000,15
MOL,0,20101208,112428,20050,5
ANY,0,20101208,112431,720,80
BUX1012,0,20101208,112459,21549,4
OTP,0,20101208,112500,5258,200
OTP,0,20101208,112500,5258,94
OTP,0,20101208,112500,5258,106
OTP,0,20101208,112500,5260,695
OTP,0,20101208,112500,5264,326
OTP,0,20101208,112500,5264,150
OTP,0,20101208,112500,5265,100
OTP,0,20101208,112500,5265,100
OTP,0,20101208,112500,5265,396
OTP,0,20101208,112500,5270,25
OTP,0,20101208,112500,5270,80
OTP,0,20101208,112500,5271,300
OTP,0,20101208,112500,5274,30
OTP,0,20101208,112500,5275,4
OTP,0,20101208,112500,5275,2450
OTP,0,20101208,112500,5275,15
OTP,0,20101208,112500,5278,13
OTP,0,20101208,112500,5278,187
FOTEX,0,20101208,112502,412,1314
BUX1012,0,20101208,112505,21549,1
BUX1012,0,20101208,112505,21550,2
BUX1012,0,20101208,112508,21550,1
BUX1012,0,20101208,112510,21550,16
BUX1012,0,20101208,112510,21560,6
OTP,0,20101208,112511,5278,450
BUX1012,0,20101208,112513,21570,10
BUX1012,0,20101208,112513,21572,1
MOL,0,20101208,112516,20000,100
EGIS,0,20101208,112524,20150,50
OTP,0,20101208,112529,5278,225
MOL,0,20101208,112539,20000,10
MOL,0,20101208,112539,20000,40
OTP,0,20101208,112540,5275,2000
OTP,0,20101208,112546,5275,3000
RICHTER,0,20101208,112546,44100,14
MOL,0,20101208,112549,20000,60
MOL,0,20101208,112549,20000,40
MOL,0,20101208,112551,20000,60
MOL,0,20101208,112551,20000,10
OTP,0,20101208,112603,5275,50
ANY,0,20101208,112616,720,140
OTP,0,20101208,112627,5275,950
OTP,0,20101208,112627,5275,96
OTP,0,20101208,112632,5275,929
OTP,0,20101208,112653,5275,100
MOL,0,20101208,112704,20000,5
BUX1012,0,20101208,112710,21570,1
BUX1012,0,20101208,112710,21572,1
BUX1012,0,20101208,112710,21575,1
BUX1012,0,20101208,112710,21577,2
ECONET,0,20101208,112715,94,2747
ECONET,0,20101208,112715,94,253
OTP,0,20101208,112755,5278,30
OTP,0,20101208,112801,5275,100
MOL,0,20101208,112807,20000,10
OTP,0,20101208,112810,5275,1500
OTP,0,20101208,112814,5275,300
OTP,0,20101208,112826,5275,200
OTP,0,20101208,112901,5275,50
OTP,0,20101208,112905,5275,200
EGIS,0,20101208,112908,20150,4
OTP,0,20101208,112911,5275,713
PANNERGY,0,20101208,112913,888,100
KEG,0,20101208,112915,155,307
KEG,0,20101208,112915,155,106
KEG,0,20101208,112915,155,1000
KEG,0,20101208,112915,155,500
KEG,0,20101208,112915,155,87
OTP,0,20101208,112920,5278,1108
OTP,0,20101208,112920,5278,500
OTP,0,20101208,112920,5278,100
OTP,0,20101208,112920,5278,467
OTP,0,20101208,112920,5279,30
OTP,0,20101208,112920,5279,200
OTP,0,20101208,112920,5279,100
OTP,0,20101208,112920,5279,180
OTP,0,20101208,112920,5280,419
OTP,0,20101208,112920,5280,1000
OTP,0,20101208,112920,5280,150
OTP,0,20101208,112920,5280,100
OTP,0,20101208,112920,5280,50
OTP,0,20101208,112920,5280,250
OTP,0,20101208,112920,5280,413
OTP,0,20101208,112920,5280,943
OTP,0,20101208,112920,5280,6000
OTP,0,20101208,112920,5280,104
OTP,0,20101208,112920,5280,92
OTP,0,20101208,112920,5280,50
MOL,0,20101208,112924,20000,15
MOL,0,20101208,112924,20000,128
MOL,0,20101208,112924,20000,27
BUX1012,0,20101208,112925,21578,3
BUX1012,0,20101208,112925,21579,9
BUX1012,0,20101208,112925,21580,15
OTP,0,20101208,112929,5280,250
ANY,0,20101208,112933,723,88
ANY,0,20101208,112933,724,100
ANY,0,20101208,112933,725,200
ANY,0,20101208,112933,725,12
MTELEKOM,0,20101208,112937,539,12412
OTP,0,20101208,112948,5280,200
PHYLAXIA,0,20101208,112958,46,817
FOTEX,0,20101208,113000,413,200
OTP,0,20101208,113001,5280,200
OTP,0,20101208,113006,5280,400
OTP,0,20101208,113012,5280,1694
OTP,0,20101208,113023,5275,20
OTP,0,20101208,113031,5275,500
OTP,0,20101208,113038,5275,317
OTP,0,20101208,113038,5275,63
EGIS,0,20101208,113039,20150,20
ANY,0,20101208,113040,725,278
ANY,0,20101208,113040,725,22
OTP,0,20101208,113054,5275,100
OTP,0,20101208,113123,5275,55
OTP,0,20101208,113130,5275,782
OTP,0,20101208,113130,5275,1000
MTELEKOM,0,20101208,113133,539,1000
OTP,0,20101208,113135,5275,218
OTP,0,20101208,113135,5275,100
OTP,0,20101208,113142,5275,100
RICHTER,0,20101208,113147,44000,32
RICHTER,0,20101208,113147,44000,150
OTP,0,20101208,113155,5275,1000
BUX1012,0,20101208,113200,21580,1
BUX1012,0,20101208,113205,21580,1
FHB,0,20101208,113206,993,50
FHB,0,20101208,113206,993,136
FHB,0,20101208,113206,994,270
FHB,0,20101208,113206,994,200
FHB,0,20101208,113206,994,100
FHB,0,20101208,113206,994,420
OTP,0,20101208,113211,5275,580
FHB,0,20101208,113221,994,100
MOL,0,20101208,113232,20010,10
MOL,0,20101208,113232,20010,7
MTELEKOM,0,20101208,113244,539,1000
MOL,0,20101208,113300,20010,55
MOL,0,20101208,113300,20010,17
MOL,0,20101208,113300,20000,150
MOL,0,20101208,113300,20000,150
MOL,0,20101208,113300,20000,100
MOL,0,20101208,113300,20000,20
MOL,0,20101208,113308,20000,150
MTELEKOM,0,20101208,113315,538,1220
MTELEKOM,0,20101208,113315,538,270
MTELEKOM,0,20101208,113315,538,138
MTELEKOM,0,20101208,113315,538,1835
MTELEKOM,0,20101208,113315,538,471
MTELEKOM,0,20101208,113318,539,910
OTP,0,20101208,113326,5275,2
OTP,0,20101208,113326,5275,1098
MTELEKOM,0,20101208,113333,538,2529
MTELEKOM,0,20101208,113333,538,471
FHB,0,20101208,113336,995,50
FHB,0,20101208,113336,995,50
FHB,0,20101208,113336,995,100
FHB,0,20101208,113336,995,100
FHB,0,20101208,113336,996,700
FHB,0,20101208,113336,996,110
FHB,0,20101208,113336,996,100
FHB,0,20101208,113336,997,205
FHB,0,20101208,113336,997,75
FHB,0,20101208,113336,997,200
FHB,0,20101208,113336,997,100
FHB,0,20101208,113336,997,100
FHB,0,20101208,113336,997,666
FHB,0,20101208,113336,998,70
FHB,0,20101208,113336,998,100
FHB,0,20101208,113336,998,1340
FHB,0,20101208,113336,999,2500
FHB,0,20101208,113336,999,500
FHB,0,20101208,113336,999,400
FHB,0,20101208,113336,1000,1000
FHB,0,20101208,113336,1000,40
FHB,0,20101208,113336,1000,200
FHB,0,20101208,113336,1000,827
FHB,0,20101208,113336,1000,467
OTP,0,20101208,113338,5275,800
MOL,0,20101208,113339,19980,130
MOL,0,20101208,113339,19980,100
MOL,0,20101208,113345,19980,70
MTELEKOM,0,20101208,113353,538,2529
MTELEKOM,0,20101208,113353,538,4776
MTELEKOM,0,20101208,113353,538,2695
EGIS,0,20101208,113413,20150,4
RICHTER,0,20101208,113428,43905,51
RICHTER,0,20101208,113428,43900,20
EGIS,0,20101208,113436,20130,8
EGIS,0,20101208,113436,20110,20
EGIS,0,20101208,113436,20100,44
OTP,0,20101208,113452,5276,280
OTP,0,20101208,113452,5276,350
RICHTER,0,20101208,113454,43860,12
BUX1012,0,20101208,113454,21560.5,1
BUX1012,0,20101208,113454,21560.5,1
BUX1012,0,20101208,113454,21560,23
FOTEX,0,20101208,113514,411,200
FOTEX,0,20101208,113514,410,954
FOTEX,0,20101208,113514,410,1000
RABA,0,20101208,113520,813,50
RICHTER,0,20101208,113522,43900,2
RFV,0,20101208,113531,8050,20
FHB,0,20101208,113537,999,2000
RICHTER,0,20101208,113600,43870,10
RICHTER,0,20101208,113600,43880,9
FHB,0,20101208,113629,999,100
MOL,0,20101208,113637,20000,58
MOL,0,20101208,113637,20000,176
MOL,0,20101208,113637,20000,10
BUX1012,0,20101208,113641,21560.5,1
BUX1012,0,20101208,113641,21560,2
BUX1012,0,20101208,113641,21557,2
BUX1012,0,20101208,113641,21551,15
BUX1012,0,20101208,113641,21550,5
BUX1012,0,20101208,113658,21550,20
EGIS,0,20101208,113703,20060,2
EGIS,0,20101208,113703,20060,5
OTP,0,20101208,113717,5278,200
OTP,0,20101208,113717,5278,20
EGIS,0,20101208,113733,20060,15
EGIS,0,20101208,113733,20050,85
OTP,0,20101208,113750,5278,67
OTP,0,20101208,113750,5278,7
OTP,0,20101208,113750,5279,26
FHB,0,20101208,113757,1000,33
FHB,0,20101208,113757,1004,27
FOTEX,0,20101208,113807,411,300
FOTEX,0,20101208,113807,410,960
FOTEX,0,20101208,113807,410,5286
BUX1012,0,20101208,113808,21550,1
BUX1012,0,20101208,113824,21550,4
FOTEX,0,20101208,113856,410,500
OTP,0,20101208,113907,5276,20
EGIS,0,20101208,113913,20100,5
MTELEKOM,0,20101208,113942,539,910
OTP,0,20101208,113957,5279,20
PANNERGY,0,20101208,114008,890,2100
OTP,0,20101208,114008,5279,6
FHB,0,20101208,114103,1000,20
OTP,0,20101208,114134,5276,5
OTP,0,20101208,114134,5276,314
OTP,0,20101208,114134,5276,20
OTP,0,20101208,114134,5276,92
OTP,0,20101208,114134,5275,102
OTP,0,20101208,114134,5275,220
OTP,0,20101208,114134,5275,200
FHB,0,20101208,114136,1003,250
FHB,0,20101208,114136,1004,43
FHB,0,20101208,114136,1004,100
FHB,0,20101208,114136,1004,207
OTP,0,20101208,114148,5275,800
OTP,0,20101208,114148,5275,11
ELMU,0,20101208,114158,27355,4
ELMU,0,20101208,114158,27350,6
OTP,0,20101208,114200,5275,811
OTP,0,20101208,114204,5276,152
OTP,0,20101208,114206,5275,2189
OTP,0,20101208,114217,5275,100
RABA,0,20101208,114241,813,564
OTP,0,20101208,114249,5275,31
RFV,0,20101208,114301,8050,7
RFV,0,20101208,114301,8074,10
RFV,0,20101208,114301,8075,4
RFV,0,20101208,114301,8088,20
RFV,0,20101208,114301,8090,19
MTELEKOM,0,20101208,114307,539,6000
OTP,0,20101208,114321,5275,1869
OTP,0,20101208,114323,5276,110
OTP,0,20101208,114332,5275,2000
MTELEKOM,0,20101208,114336,538,100
MTELEKOM,0,20101208,114336,538,2205
MTELEKOM,0,20101208,114336,538,2000
MTELEKOM,0,20101208,114336,537,700
MTELEKOM,0,20101208,114336,537,500
MTELEKOM,0,20101208,114336,537,11890
OTP,0,20101208,114344,5275,17
MTELEKOM,0,20101208,114354,537,3000
MTELEKOM,0,20101208,114407,537,110
MTELEKOM,0,20101208,114407,537,890
EGIS,0,20101208,114413,20100,4
OTP,0,20101208,114519,5275,1900
OTP,0,20101208,114525,5276,78
MOL,0,20101208,114533,20020,80
MOL,0,20101208,114533,20000,20
OTP,0,20101208,114542,5278,225
EGIS,0,20101208,114625,20050,15
RICHTER,0,20101208,114627,43885,9
RICHTER,0,20101208,114627,43885,1
OTP,0,20101208,114643,5275,83
OTP,0,20101208,114643,5275,17
PANNERGY,0,20101208,114655,888,100
OTP,0,20101208,114656,5275,133
OTP,0,20101208,114656,5275,67
FHB,0,20101208,114708,1000,200
OTP,0,20101208,114712,5275,1398
OTP,0,20101208,114713,5275,20
BUX1012,0,20101208,114716,21556,15
MOL,0,20101208,114725,20000,36
MOL,0,20101208,114725,20000,5
MOL,0,20101208,114725,20000,100
EGIS,0,20101208,114730,20050,30
MOL,0,20101208,114756,19995,25
MOL,0,20101208,114756,20000,204
MOL,0,20101208,114756,20000,101
FHB,0,20101208,114829,996,140
PANNERGY,0,20101208,114829,890,1340
PANNERGY,0,20101208,114829,894,3100
PANNERGY,0,20101208,114829,895,85
PANNERGY,0,20101208,114829,895,100
PANNERGY,0,20101208,114829,895,375
EGIS,0,20101208,114842,20050,20
EGIS,0,20101208,114918,20050,4
RICHTER,0,20101208,114940,43880,8
EGIS,0,20101208,114949,20050,30
BUX1012,0,20101208,114949,21556,2
OTP,0,20101208,115010,5275,100
OTP,0,20101208,115018,5275,415
OTP,0,20101208,115018,5275,100
PANNUNION,0,20101208,115022,143,1500
PANNUNION,0,20101208,115022,142,2000
PANNUNION,0,20101208,115022,141,700
OTP,0,20101208,115050,5275,500
PHYLAXIA,0,20101208,115057,46,183
OTP,0,20101208,115100,5270,50
OTP,0,20101208,115100,5270,269
TVK,0,20101208,115104,3440,5
RICHTER,0,20101208,115110,43860,1
MTELEKOM,0,20101208,115111,539,68
BUX1012,0,20101208,115113,21556,1
BUX1012,0,20101208,115113,21550,21
BUX1012,0,20101208,115113,21550,5
BUX1012,0,20101208,115113,21550,1
BUX1012,0,20101208,115113,21540,37
RICHTER,0,20101208,115117,43860,13
RICHTER,0,20101208,115129,43855,54
EGIS,0,20101208,115133,20030,60
EGIS,0,20101208,115133,20020,20
EGIS,0,20101208,115133,20020,20
OTP,0,20101208,115140,5266,45
OTP,0,20101208,115140,5266,125
EGIS,0,20101208,115158,20020,52
EGIS,0,20101208,115158,20015,10
EGIS,0,20101208,115158,20015,100
EGIS,0,20101208,115158,20015,38
EGIS,0,20101208,115158,20015,4
EGIS,0,20101208,115158,20015,4
RICHTER,0,20101208,115200,43855,24
RICHTER,0,20101208,115200,43825,78
RABA,0,20101208,115216,812,57
MTELEKOM,0,20101208,115218,537,1000
OTP,0,20101208,115220,5266,15
OTP,0,20101208,115310,5266,69
TVK,0,20101208,115332,3445,5
RABA,0,20101208,115352,812,129
RICHTER,0,20101208,115401,43820,11
PANNERGY,0,20101208,115414,895,500
EGIS,0,20101208,115418,20050,1
EGIS,0,20101208,115418,20050,3
OTP,0,20101208,115430,5270,21
PANNERGY,0,20101208,115431,895,125
PANNERGY,0,20101208,115431,895,25
PANNERGY,0,20101208,115431,895,50
OTP,0,20101208,115454,5271,200
OTP,0,20101208,115454,5271,107
OTP,0,20101208,115458,5271,30
OTP,0,20101208,115515,5271,50
FHB,0,20101208,115526,996,10
FHB,0,20101208,115534,996,50
FHB,0,20101208,115534,994,24
FHB,0,20101208,115534,992,11
OTP,0,20101208,115616,5271,129
FHB,0,20101208,115646,992,101
FOTEX,0,20101208,115728,410,460
FOTEX,0,20101208,115729,410,120
OTP,0,20101208,115756,5272,88
OTP,0,20101208,115756,5272,912
EGIS,0,20101208,115801,20015,4
EGIS,0,20101208,115801,20010,5
EGIS,0,20101208,115801,20010,1
ECONET,0,20101208,115806,93,238
ECONET,0,20101208,115806,93,282
OTP,0,20101208,115820,5272,225
FHB,0,20101208,115831,999,10
EGIS,0,20101208,115851,20010,149
EGIS,0,20101208,115851,20005,10
EGIS,0,20101208,115851,20000,66
EGIS,0,20101208,115851,20000,3
EGIS,0,20101208,115858,20000,100
MTELEKOM,0,20101208,115900,537,1110
MTELEKOM,0,20101208,115900,537,1120
MTELEKOM,0,20101208,115900,537,400
MTELEKOM,0,20101208,115900,537,370
RICHTER,0,20101208,115900,43800,6
RICHTER,0,20101208,115900,43800,4
RICHTER,0,20101208,115900,43770,2
RICHTER,0,20101208,115900,43765,7
EGIS,0,20101208,115916,20000,40
EGIS,0,20101208,115918,20050,1
RICHTER,0,20101208,115920,43800,10
EGIS,0,20101208,115928,20100,4
